  <div class='ocr_page' id='page_1' title='image "/cluster/home/n/w/nwhite01/storage/ocr_20150623/125/hvd.32044015471667/288.png"; bbox 0 0 3998 6336; ppageno 0'>
   <div class='ocr_carea' id='block_1_1' title="bbox 1236 374 2424 439">
    <p class='ocr_par' dir='ltr' id='par_1_1' title="bbox 1236 374 2424 439">
     <span class='ocr_line' id='line_1_1' title="bbox 1236 374 2424 439; baseline 0.004 -6"><span class='ocrx_word' id='word_1_1' title='bbox 1236 375 1327 433; x_wconf 75' lang='grc' dir='ltr'><strong>1)ιί</strong></span> <span class='ocrx_word' id='word_1_2' title='bbox 1367 375 1511 434; x_wconf 77' lang='lat' dir='ltr'><strong>UNA</strong></span> <span class='ocrx_word' id='word_1_3' title='bbox 1549 375 1635 432; x_wconf 85' lang='lat' dir='ltr'><strong>ET</strong></span> <span class='ocrx_word' id='word_1_4' title='bbox 1677 374 1815 432; x_wconf 79' lang='lat' dir='ltr'><strong>NON</strong></span> <span class='ocrx_word' id='word_1_5' title='bbox 1852 376 2059 433; x_wconf 75' lang='lat' dir='ltr'><strong>TRINA</strong></span> <span class='ocrx_word' id='word_1_6' title='bbox 2100 379 2424 439; x_wconf 76' lang='lat' dir='ltr'><strong>DEITATE.</strong></span> 
     </span>
    </p>
   </div>
   <div class='ocr_carea' id='block_1_2' title="bbox 3364 382 3471 442">
    <p class='ocr_par' dir='ltr' id='par_1_2' title="bbox 3364 382 3471 442">
     <span class='ocr_line' id='line_1_2' title="bbox 3364 382 3471 442; baseline 0 0"><span class='ocrx_word' id='word_1_7' title='bbox 3364 382 3471 442; x_wconf 69' lang='lat'><strong>500</strong></span> 
     </span>
    </p>
   </div>
   <div class='ocr_carea' id='block_1_3' title="bbox 212 486 3479 578">
    <p class='ocr_par' dir='ltr' id='par_1_3' title="bbox 212 486 3479 578">
     <span class='ocr_line' id='line_1_3' title="bbox 212 486 3479 578; baseline 0 -19"><span class='ocrx_word' id='word_1_8' title='bbox 212 498 479 578; x_wconf 73' lang='lat' dir='ltr'><strong>opusculis</strong></span> <span class='ocrx_word' id='word_1_9' title='bbox 500 495 619 555; x_wconf 74' lang='lat' dir='ltr'><strong>suis</strong></span> <span class='ocrx_word' id='word_1_10' title='bbox 639 486 953 554; x_wconf 82' lang='lat' dir='ltr'><strong>ostendunt.</strong></span> <span class='ocrx_word' id='word_1_11' title='bbox 988 494 1066 550; x_wconf 86' lang='lat' dir='ltr'><strong>De</strong></span> <span class='ocrx_word' id='word_1_12' title='bbox 1094 502 1199 565; x_wconf 88' lang='lat' dir='ltr'><strong>qua</strong></span> <span class='ocrx_word' id='word_1_13' title='bbox 1235 495 1463 566; x_wconf 80' lang='lat' dir='ltr'><strong>ﬁgurata</strong></span> <span class='ocrx_word' id='word_1_14' title='bbox 1505 494 1589 549; x_wconf 87' lang='lat' dir='ltr'><strong>vel</strong></span> <span class='ocrx_word' id='word_1_15' title='bbox 1613 502 1789 549; x_wconf 87' lang='lat' dir='ltr'><strong>trans-</strong></span> <span class='ocrx_word' id='word_1_16' title='bbox 1817 498 1866 555; x_wconf 78' lang='grc' dir='ltr'><strong>Δ</strong></span> <span class='ocrx_word' id='word_1_17' title='bbox 1885 494 2006 556; x_wconf 85' lang='lat' dir='ltr'><strong>.lam</strong></span> <span class='ocrx_word' id='word_1_18' title='bbox 2037 508 2249 570; x_wconf 87' lang='lat' dir='ltr'><strong>partem</strong></span> <span class='ocrx_word' id='word_1_19' title='bbox 2279 500 2441 556; x_wconf 82' lang='lat' dir='ltr'><strong>aliam</strong></span> <span class='ocrx_word' id='word_1_20' title='bbox 2484 500 2686 558; x_wconf 79' lang='lat' dir='ltr'><strong>habent</strong></span> <span class='ocrx_word' id='word_1_21' title='bbox 2720 501 2826 559; x_wconf 84' lang='lat' dir='ltr'><strong>nisi</strong></span> <span class='ocrx_word' id='word_1_22' title='bbox 2870 502 3044 559; x_wconf 74' lang='lat' dir='ltr'><strong>solum</strong></span> <span class='ocrx_word' id='word_1_23' title='bbox 3090 502 3379 568; x_wconf 80' lang='lat' dir='ltr'><strong>unitatem,</strong></span> <span class='ocrx_word' id='word_1_24' title='bbox 3408 496 3479 560; x_wconf 86' lang='lat' dir='ltr'><strong>ab</strong></span> 
     </span>
    </p>
   </div>
   <div class='ocr_carea' id='block_1_4' title="bbox 213 580 1800 657">
    <p class='ocr_par' dir='ltr' id='par_1_4' title="bbox 213 580 1800 657">
     <span class='ocr_line' id='line_1_4' title="bbox 213 580 1800 657; baseline -0.008 -5"><span class='ocrx_word' id='word_1_25' title='bbox 213 596 374 652; x_wconf 79' lang='lat' dir='ltr'><strong>ianva</strong></span> <span class='ocrx_word' id='word_1_26' title='bbox 420 589 695 647; x_wconf 78' lang='lat' dir='ltr'><strong>locutione</strong></span> <span class='ocrx_word' id='word_1_27' title='bbox 735 580 955 649; x_wconf 77' lang='lat' dir='ltr'><strong>sanctus</strong></span> <span class='ocrx_word' id='word_1_28' title='bbox 991 584 1323 642; x_wconf 73' lang='lat' dir='ltr'><strong>Athanasius</strong></span> <span class='ocrx_word' id='word_1_29' title='bbox 1364 586 1418 641; x_wconf 91' lang='lat' dir='ltr'><strong>in</strong></span> <span class='ocrx_word' id='word_1_30' title='bbox 1445 585 1584 641; x_wconf 88' lang='lat' dir='ltr'><strong>libro</strong></span> <span class='ocrx_word' id='word_1_31' title='bbox 1622 586 1800 657; x_wconf 83' lang='lat' dir='ltr'><strong>primo</strong></span> 
     </span>
    </p>
   </div>
   <div class='ocr_carea' id='block_1_5' title="bbox 212 678 1796 755">
    <p class='ocr_par' dir='ltr' id='par_1_5' title="bbox 212 678 1796 755">
     <span class='ocr_line' id='line_1_5' title="bbox 212 678 1796 755; baseline -0.009 -10"><span class='ocrx_word' id='word_1_32' title='bbox 212 692 280 749; x_wconf 85' lang='lat' dir='ltr'><strong>de</strong></span> <span class='ocrx_word' id='word_1_33' title='bbox 335 685 602 743; x_wconf 83' lang='lat' dir='ltr'><strong>Trinitate</strong></span> <span class='ocrx_word' id='word_1_34' title='bbox 680 681 814 739; x_wconf 89' lang='lat' dir='ltr'><strong>dicit</strong></span> <span class='ocrx_word' id='word_1_35' title='bbox 885 680 995 752; x_wconf 80' lang='lat' dir='ltr'><strong>(de</strong></span> <span class='ocrx_word' id='word_1_36' title='bbox 1059 682 1194 736; x_wconf 77' lang='lat' dir='ltr'><strong>nuit.</strong></span> <span class='ocrx_word' id='word_1_37' title='bbox 1267 692 1407 736; x_wconf 77' lang='lat' dir='ltr'><strong>nom.</strong></span> <span class='ocrx_word' id='word_1_38' title='bbox 1484 678 1729 755; x_wconf 75' lang='lat' dir='ltr'><strong>Triuit.)</strong></span> <span class='ocrx_word' id='word_1_39' title='bbox 1780 700 1796 739; x_wconf 83' lang='lat'><strong>:</strong></span> 
     </span>
    </p>
   </div>
   <div class='ocr_carea' id='block_1_6' title="bbox 217 774 1801 854">
    <p class='ocr_par' dir='ltr' id='par_1_6' title="bbox 217 774 1801 854">
     <span class='ocr_line' id='line_1_6' title="bbox 217 774 1801 854; baseline -0.003 -17"><span class='ocrx_word' id='word_1_40' title='bbox 217 798 240 837; x_wconf 71' lang='grc' dir='ltr'><em>ς</em></span> <span class='ocrx_word' id='word_1_41' title='bbox 262 782 438 854; x_wconf 78' lang='lat' dir='ltr'><strong>Ergo,</strong></span> <span class='ocrx_word' id='word_1_42' title='bbox 469 778 752 849; x_wconf 76' lang='lat' dir='ltr'><strong>inquiens,</strong></span> <span class='ocrx_word' id='word_1_43' title='bbox 782 775 996 848; x_wconf 86' lang='lat' dir='ltr'><strong>postqu</strong></span> <span class='ocrx_word' id='word_1_44' title='bbox 1023 789 1055 830; x_wconf 84' lang='lat' dir='ltr'><strong>a</strong></span> <span class='ocrx_word' id='word_1_45' title='bbox 1086 784 1167 841; x_wconf 90' lang='lat' dir='ltr'><strong>te,</strong></span> <span class='ocrx_word' id='word_1_46' title='bbox 1201 774 1293 845; x_wconf 89' lang='lat' dir='ltr'><strong>qui</strong></span> <span class='ocrx_word' id='word_1_47' title='bbox 1323 774 1455 841; x_wconf 83' lang='lat' dir='ltr'><strong>legis</strong></span> <span class='ocrx_word' id='word_1_48' title='bbox 1475 774 1618 835; x_wconf 72' lang='lat' dir='ltr'><strong>banc</strong></span> <span class='ocrx_word' id='word_1_49' title='bbox 1640 778 1801 834; x_wconf 77' lang='lat' dir='ltr'><strong>istius</strong></span> 
     </span>
    </p>
   </div>
   <div class='ocr_carea' id='block_1_7' title="bbox 208 866 1801 946">
    <p class='ocr_par' dir='ltr' id='par_1_7' title="bbox 208 866 1801 946">
     <span class='ocr_line' id='line_1_7' title="bbox 208 866 1801 946; baseline -0.004 -14"><span class='ocrx_word' id='word_1_50' title='bbox 208 876 491 946; x_wconf 63' lang='lat' dir='ltr'><strong>scripturae</strong></span> <span class='ocrx_word' id='word_1_51' title='bbox 517 884 652 926; x_wconf 73' lang='lat' dir='ltr'><strong>meae</strong></span> <span class='ocrx_word' id='word_1_52' title='bbox 677 868 800 925; x_wconf 84' lang='lat' dir='ltr'><strong>ﬁdei</strong></span> <span class='ocrx_word' id='word_1_53' title='bbox 827 868 1112 925; x_wconf 71' lang='lat' dir='ltr'><strong>catholicae</strong></span> <span class='ocrx_word' id='word_1_54' title='bbox 1138 866 1555 939; x_wconf 74' lang='lat' dir='ltr'><strong>professionem,</strong></span> <span class='ocrx_word' id='word_1_55' title='bbox 1582 887 1652 927; x_wconf 91' lang='lat' dir='ltr'><strong>ne</strong></span> <span class='ocrx_word' id='word_1_56' title='bbox 1670 871 1801 927; x_wconf 89' lang='lat' dir='ltr'><strong>hinc</strong></span> 
     </span>
    </p>
   </div>
   <div class='ocr_carea' id='block_1_8' title="bbox 207 960 1802 1039">
    <p class='ocr_par' dir='ltr' id='par_1_8' title="bbox 207 960 1802 1039">
     <span class='ocr_line' id='line_1_8' title="bbox 207 960 1802 1039; baseline -0.005 -18"><span class='ocrx_word' id='word_1_57' title='bbox 207 965 474 1039; x_wconf 79' lang='lat' dir='ltr'><strong>superﬂua</strong></span> <span class='ocrx_word' id='word_1_58' title='bbox 499 963 587 1018; x_wconf 80' lang='lat' dir='ltr'><strong>vel</strong></span> <span class='ocrx_word' id='word_1_59' title='bbox 613 962 834 1034; x_wconf 87' lang='lat' dir='ltr'><strong>profusa</strong></span> <span class='ocrx_word' id='word_1_60' title='bbox 861 960 1026 1016; x_wconf 88' lang='lat' dir='ltr'><strong>verba</strong></span> <span class='ocrx_word' id='word_1_61' title='bbox 1054 960 1343 1035; x_wconf 74' lang='lat' dir='ltr'><strong>perquiras</strong></span> <span class='ocrx_word' id='word_1_62' title='bbox 1368 981 1384 1031; x_wconf 88' lang='lat'><strong>;</strong></span> <span class='ocrx_word' id='word_1_63' title='bbox 1431 964 1525 1021; x_wconf 78' lang='lat' dir='ltr'><strong>sed</strong></span> <span class='ocrx_word' id='word_1_64' title='bbox 1568 963 1802 1019; x_wconf 75' lang='lat' dir='ltr'><strong>strictim</strong></span> 
     </span>
    </p>
   </div>
   <div class='ocr_carea' id='block_1_9' title="bbox 207 1053 1801 1130">
    <p class='ocr_par' dir='ltr' id='par_1_9' title="bbox 207 1053 1801 1130">
     <span class='ocr_line' id='line_1_9' title="bbox 207 1053 1801 1130; baseline -0.002 -15"><span class='ocrx_word' id='word_1_65' title='bbox 207 1059 499 1130; x_wconf 86' lang='lat' dir='ltr'><strong>capacitcr,</strong></span> <span class='ocrx_word' id='word_1_66' title='bbox 544 1056 654 1110; x_wconf 89' lang='lat' dir='ltr'><strong>imo</strong></span> <span class='ocrx_word' id='word_1_67' title='bbox 679 1053 1020 1126; x_wconf 76' lang='lat' dir='ltr'><strong>spiritaliter,</strong></span> <span class='ocrx_word' id='word_1_68' title='bbox 1049 1068 1174 1114; x_wconf 75' lang='lat' dir='ltr'><strong>eum</strong></span> <span class='ocrx_word' id='word_1_69' title='bbox 1206 1072 1421 1114; x_wconf 89' lang='lat' dir='ltr'><strong>summo</strong></span> <span class='ocrx_word' id='word_1_70' title='bbox 1447 1056 1627 1113; x_wconf 88' lang='lat' dir='ltr'><strong>studio</strong></span> <span class='ocrx_word' id='word_1_71' title='bbox 1656 1056 1801 1113; x_wconf 85' lang='lat' dir='ltr'><strong>dicta</strong></span> 
     </span>
    </p>
   </div>
   <div class='ocr_carea' id='block_1_10' title="bbox 208 1146 1800 1225">
    <p class='ocr_par' dir='ltr' id='par_1_10' title="bbox 208 1146 1800 1225">
     <span class='ocr_line' id='line_1_10' title="bbox 208 1146 1800 1225; baseline -0.003 -16"><span class='ocrx_word' id='word_1_72' title='bbox 208 1155 279 1209; x_wconf 86' lang='lat' dir='ltr'><strong>ad</strong></span> <span class='ocrx_word' id='word_1_73' title='bbox 313 1151 504 1225; x_wconf 83' lang='lat' dir='ltr'><strong>stylum</strong></span> <span class='ocrx_word' id='word_1_74' title='bbox 540 1160 711 1205; x_wconf 73' lang='lat' dir='ltr'><strong>sacra:</strong></span> <span class='ocrx_word' id='word_1_75' title='bbox 736 1146 1038 1225; x_wconf 60' lang='lat' dir='ltr'><strong>Scriptura;</strong></span> <span class='ocrx_word' id='word_1_76' title='bbox 1075 1149 1361 1216; x_wconf 80' lang='lat' dir='ltr'><strong>cenferas,</strong></span> <span class='ocrx_word' id='word_1_77' title='bbox 1403 1161 1461 1208; x_wconf 87' lang='lat' dir='ltr'><strong>et</strong></span> <span class='ocrx_word' id='word_1_78' title='bbox 1501 1150 1800 1207; x_wconf 86' lang='lat' dir='ltr'><strong>secundum</strong></span> 
     </span>
    </p>
   </div>
   <div class='ocr_carea' id='block_1_11' title="bbox 209 1238 1795 1318">
    <p class='ocr_par' dir='ltr' id='par_1_11' title="bbox 209 1238 1795 1318">
     <span class='ocr_line' id='line_1_11' title="bbox 209 1238 1795 1318; baseline -0.001 -18"><span class='ocrx_word' id='word_1_79' title='bbox 209 1242 409 1318; x_wconf 69' lang='lat' dir='ltr'><strong>regulm</strong></span> <span class='ocrx_word' id='word_1_80' title='bbox 452 1241 763 1313; x_wconf 68' lang='lat' dir='ltr'><strong>aequitatem</strong></span> <span class='ocrx_word' id='word_1_81' title='bbox 804 1238 1018 1315; x_wconf 74' lang='lat' dir='ltr'><strong>iustitia</strong></span> <span class='ocrx_word' id='word_1_82' title='bbox 1063 1245 1375 1300; x_wconf 90' lang='lat' dir='ltr'><strong>moderante</strong></span> <span class='ocrx_word' id='word_1_83' title='bbox 1420 1245 1795 1317; x_wconf 60' lang='lat' dir='ltr'><strong>perpendam:</strong></span> 
     </span>
    </p>
   </div>
   <div class='ocr_carea' id='block_1_12' title="bbox 206 1332 1803 1409">
    <p class='ocr_par' dir='ltr' id='par_1_12' title="bbox 206 1332 1803 1409">
     <span class='ocr_line' id='line_1_12' title="bbox 206 1332 1803 1409; baseline 0.001 -17"><span class='ocrx_word' id='word_1_84' title='bbox 206 1335 367 1393; x_wconf 84' lang='lat' dir='ltr'><strong>Unde</strong></span> <span class='ocrx_word' id='word_1_85' title='bbox 385 1333 498 1407; x_wconf 87' lang='lat' dir='ltr'><strong>jam</strong></span> <span class='ocrx_word' id='word_1_86' title='bbox 530 1335 719 1409; x_wconf 79' lang='lat' dir='ltr'><strong>accipe</strong></span> <span class='ocrx_word' id='word_1_87' title='bbox 746 1350 853 1393; x_wconf 91' lang='lat' dir='ltr'><strong>non</strong></span> <span class='ocrx_word' id='word_1_88' title='bbox 883 1332 1083 1393; x_wconf 88' lang='lat' dir='ltr'><strong>diserta</strong></span> <span class='ocrx_word' id='word_1_89' title='bbox 1102 1378 1116 1402; x_wconf 94' lang='lat'><strong>,</strong></span> <span class='ocrx_word' id='word_1_90' title='bbox 1149 1336 1242 1392; x_wconf 88' lang='lat' dir='ltr'><strong>sed</strong></span> <span class='ocrx_word' id='word_1_91' title='bbox 1270 1334 1449 1404; x_wconf 82' lang='lat' dir='ltr'><strong>fortia,</strong></span> <span class='ocrx_word' id='word_1_92' title='bbox 1482 1350 1656 1409; x_wconf 89' lang='lat' dir='ltr'><strong>neque</strong></span> <span class='ocrx_word' id='word_1_93' title='bbox 1694 1345 1803 1393; x_wconf 87' lang='lat' dir='ltr'><strong>ter-</strong></span> 
     </span>
    </p>
   </div>
   <div class='ocr_carea' id='block_1_13' title="bbox 207 1426 1803 1503">
    <p class='ocr_par' dir='ltr' id='par_1_13' title="bbox 207 1426 1803 1503">
     <span class='ocr_line' id='line_1_13' title="bbox 207 1426 1803 1503; baseline 0 -18"><span class='ocrx_word' id='word_1_94' title='bbox 207 1444 339 1485; x_wconf 85' lang='lat' dir='ltr'><strong>rena</strong></span> <span class='ocrx_word' id='word_1_95' title='bbox 363 1426 617 1503; x_wconf 75' lang='lat' dir='ltr'><strong>ﬁgmenta</strong></span> <span class='ocrx_word' id='word_1_96' title='bbox 637 1471 653 1497; x_wconf 94' lang='lat'><strong>,</strong></span> <span class='ocrx_word' id='word_1_97' title='bbox 685 1430 779 1486; x_wconf 89' lang='lat' dir='ltr'><strong>sed</strong></span> <span class='ocrx_word' id='word_1_98' title='bbox 804 1428 933 1486; x_wconf 79' lang='lat' dir='ltr'><strong>vera</strong></span> <span class='ocrx_word' id='word_1_99' title='bbox 960 1427 1201 1486; x_wconf 73' lang='lat' dir='ltr'><strong>coelestia</strong></span> <span class='ocrx_word' id='word_1_100' title='bbox 1230 1429 1558 1485; x_wconf 90' lang='lat' dir='ltr'><strong>documenta</strong></span> <span class='ocrx_word' id='word_1_101' title='bbox 1578 1471 1591 1493; x_wconf 94' lang='lat'><strong>,</strong></span> <span class='ocrx_word' id='word_1_102' title='bbox 1623 1444 1803 1500; x_wconf 91' lang='lat' dir='ltr'><strong>neque</strong></span> 
     </span>
    </p>
   </div>
   <div class='ocr_carea' id='block_1_14' title="bbox 203 1516 1802 1592">
    <p class='ocr_par' dir='ltr' id='par_1_14' title="bbox 203 1516 1802 1592">
     <span class='ocr_line' id='line_1_14' title="bbox 203 1516 1802 1592; baseline 0 -14"><span class='ocrx_word' id='word_1_103' title='bbox 203 1516 657 1592; x_wconf 61' lang='lat' dir='ltr'><strong>pltiltysophorum</strong></span> <span class='ocrx_word' id='word_1_104' title='bbox 686 1519 939 1577; x_wconf 60' lang='lat' dir='ltr'><strong>hieretica</strong></span> <span class='ocrx_word' id='word_1_105' title='bbox 961 1534 1126 1591; x_wconf 89' lang='lat' dir='ltr'><strong>prava</strong></span> <span class='ocrx_word' id='word_1_106' title='bbox 1150 1527 1476 1587; x_wconf 90' lang='lat' dir='ltr'><strong>commenta,</strong></span> <span class='ocrx_word' id='word_1_107' title='bbox 1503 1520 1597 1576; x_wconf 89' lang='lat' dir='ltr'><strong>sed</strong></span> <span class='ocrx_word' id='word_1_108' title='bbox 1622 1522 1802 1591; x_wconf 89' lang='lat' dir='ltr'><strong>perfe—</strong></span> 
     </span>
    </p>
   </div>
   <div class='ocr_carea' id='block_1_15' title="bbox 207 1602 1799 1686">
    <p class='ocr_par' dir='ltr' id='par_1_15' title="bbox 207 1602 1799 1686">
     <span class='ocr_line' id='line_1_15' title="bbox 207 1602 1799 1686; baseline -0.001 -15"><span class='ocrx_word' id='word_1_109' title='bbox 207 1623 296 1671; x_wconf 89' lang='lat' dir='ltr'><strong>cta</strong></span> <span class='ocrx_word' id='word_1_110' title='bbox 318 1612 615 1686; x_wconf 90' lang='lat' dir='ltr'><strong>apostolica</strong></span> <span class='ocrx_word' id='word_1_111' title='bbox 642 1602 839 1669; x_wconf 79' lang='lat' dir='ltr'><strong>arcana</strong></span> <span class='ocrx_word' id='word_1_112' title='bbox 861 1618 1226 1680; x_wconf 88' lang='lat' dir='ltr'><strong>sacramenta,</strong></span> <span class='ocrx_word' id='word_1_113' title='bbox 1250 1628 1425 1684; x_wconf 92' lang='lat' dir='ltr'><strong>neque</strong></span> <span class='ocrx_word' id='word_1_114' title='bbox 1446 1613 1799 1684; x_wconf 85' lang='lat' dir='ltr'><strong>grammatica</strong></span> 
     </span>
    </p>
   </div>
   <div class='ocr_carea' id='block_1_16' title="bbox 206 1704 1801 1779">
    <p class='ocr_par' dir='ltr' id='par_1_16' title="bbox 206 1704 1801 1779">
     <span class='ocr_line' id='line_1_16' title="bbox 206 1704 1801 1779; baseline 0.003 -17"><span class='ocrx_word' id='word_1_115' title='bbox 206 1722 329 1779; x_wconf 72' lang='lat' dir='ltr'><strong>qua:</strong></span> <span class='ocrx_word' id='word_1_116' title='bbox 395 1704 666 1776; x_wconf 78' lang='lat' dir='ltr'><strong>superﬂua</strong></span> <span class='ocrx_word' id='word_1_117' title='bbox 729 1708 815 1761; x_wconf 89' lang='lat' dir='ltr'><strong>est</strong></span> <span class='ocrx_word' id='word_1_118' title='bbox 883 1706 1143 1762; x_wconf 67' lang='lat' dir='ltr'><strong>dectrinie</strong></span> <span class='ocrx_word' id='word_1_119' title='bbox 1210 1706 1517 1777; x_wconf 70' lang='lat' dir='ltr'><strong>sapientiae,</strong></span> <span class='ocrx_word' id='word_1_120' title='bbox 1587 1707 1681 1763; x_wconf 88' lang='lat' dir='ltr'><strong>sed</strong></span> <span class='ocrx_word' id='word_1_121' title='bbox 1731 1721 1801 1766; x_wconf 77' lang='lat' dir='ltr'><strong>ex</strong></span> 
     </span>
    </p>
   </div>
   <div class='ocr_carea' id='block_1_17' title="bbox 205 1792 1803 1871">
    <p class='ocr_par' dir='ltr' id='par_1_17' title="bbox 205 1792 1803 1871">
     <span class='ocr_line' id='line_1_17' title="bbox 205 1792 1803 1871; baseline 0 -17"><span class='ocrx_word' id='word_1_122' title='bbox 205 1794 533 1871; x_wconf 83' lang='lat' dir='ltr'><strong>evang‘elicis</strong></span> <span class='ocrx_word' id='word_1_123' title='bbox 564 1792 864 1868; x_wconf 86' lang='lat' dir='ltr'><strong>Scripturis</strong></span> <span class='ocrx_word' id='word_1_124' title='bbox 890 1796 1233 1869; x_wconf 88' lang='lat' dir='ltr'><strong>super&#39;melle</strong></span> <span class='ocrx_word' id='word_1_125' title='bbox 1255 1805 1308 1853; x_wconf 89' lang='lat' dir='ltr'><strong>et</strong></span> <span class='ocrx_word' id='word_1_126' title='bbox 1334 1797 1458 1854; x_wconf 88' lang='lat' dir='ltr'><strong>favo</strong></span> <span class='ocrx_word' id='word_1_127' title='bbox 1484 1798 1723 1855; x_wconf 88' lang='lat' dir='ltr'><strong>dulciora</strong></span> <span class='ocrx_word' id='word_1_128' title='bbox 1746 1806 1803 1855; x_wconf 90' lang='lat' dir='ltr'><strong>et</strong></span> 
     </span>
    </p>
   </div>
   <div class='ocr_carea' id='block_1_18' title="bbox 205 1884 1794 1967">
    <p class='ocr_par' dir='ltr' id='par_1_18' title="bbox 205 1884 1794 1967">
     <span class='ocr_line' id='line_1_18' title="bbox 205 1884 1794 1967; baseline 0.003 -19"><span class='ocrx_word' id='word_1_129' title='bbox 205 1891 432 1949; x_wconf 77' lang='lat' dir='ltr'><strong>meliora</strong></span> <span class='ocrx_word' id='word_1_130' title='bbox 474 1890 657 1946; x_wconf 85' lang='lat' dir='ltr'><strong>divina</strong></span> <span class='ocrx_word' id='word_1_131' title='bbox 704 1884 863 1964; x_wconf 76' lang='lat'><strong>503</strong></span> <span class='ocrx_word' id='word_1_132' title='bbox 916 1901 1203 1964; x_wconf 86' lang='lat' dir='ltr'><strong>praecepta.</strong></span> <span class='ocrx_word' id='word_1_133' title='bbox 1254 1892 1415 1949; x_wconf 82' lang='lat' dir='ltr'><strong>Disce</strong></span> <span class='ocrx_word' id='word_1_134' title='bbox 1443 1890 1623 1966; x_wconf 84' lang='lat' dir='ltr'><strong>itaque</strong></span> <span class='ocrx_word' id='word_1_135' title='bbox 1665 1894 1794 1967; x_wconf 82' lang='lat' dir='ltr'><strong>quia</strong></span> 
     </span>
    </p>
   </div>
   <div class='ocr_carea' id='block_1_19' title="bbox 204 1982 1794 2053">
    <p class='ocr_par' dir='ltr' id='par_1_19' title="bbox 204 1982 1794 2053">
     <span class='ocr_line' id='line_1_19' title="bbox 204 1982 1794 2053; baseline 0.004 -15"><span class='ocrx_word' id='word_1_136' title='bbox 204 1982 259 2039; x_wconf 90' lang='lat' dir='ltr'><strong>in</strong></span> <span class='ocrx_word' id='word_1_137' title='bbox 304 1983 413 2040; x_wconf 90' lang='lat' dir='ltr'><strong>hoc</strong></span> <span class='ocrx_word' id='word_1_138' title='bbox 451 1984 719 2053; x_wconf 74' lang='lat' dir='ltr'><strong>sophiStze&#39;</strong></span> <span class='ocrx_word' id='word_1_139' title='bbox 748 1983 908 2052; x_wconf 86' lang='lat' dir='ltr'><strong>hujus</strong></span> <span class='ocrx_word' id='word_1_140' title='bbox 943 1982 1126 2039; x_wconf 90' lang='lat' dir='ltr'><strong>mundi</strong></span> <span class='ocrx_word' id='word_1_141' title='bbox 1169 1986 1318 2042; x_wconf 73' lang='lat' dir='ltr'><strong>Stulti</strong></span> <span class='ocrx_word' id='word_1_142' title='bbox 1360 1985 1444 2042; x_wconf 88' lang='lat' dir='ltr'><strong>vel</strong></span> <span class='ocrx_word' id='word_1_143' title='bbox 1492 1989 1623 2043; x_wconf 89' lang='lat' dir='ltr'><strong>muti</strong></span> <span class='ocrx_word' id='word_1_144' title='bbox 1666 1987 1794 2046; x_wconf 90' lang='lat' dir='ltr'><strong>facti</strong></span> 
     </span>
    </p>
   </div>
   <div class='ocr_carea' id='block_1_20' title="bbox 201 2072 1791 2150">
    <p class='ocr_par' dir='ltr' id='par_1_20' title="bbox 201 2072 1791 2150">
     <span class='ocr_line' id='line_1_20' title="bbox 201 2072 1791 2150; baseline 0.003 -19"><span class='ocrx_word' id='word_1_145' title='bbox 201 2083 366 2141; x_wconf 89' lang='lat' dir='ltr'><strong>sunt,</strong></span> <span class='ocrx_word' id='word_1_146' title='bbox 407 2075 662 2146; x_wconf 82' lang='lat' dir='ltr'><strong>quoniam</strong></span> <span class='ocrx_word' id='word_1_147' title='bbox 690 2072 1010 2145; x_wconf 76' lang='lat' dir='ltr'><strong>Sapientiam</strong></span> <span class='ocrx_word' id='word_1_148' title='bbox 1040 2090 1224 2131; x_wconf 82' lang='lat' dir='ltr'><strong>veram</strong></span> <span class='ocrx_word' id='word_1_149' title='bbox 1251 2091 1356 2131; x_wconf 92' lang='lat' dir='ltr'><strong>non</strong></span> <span class='ocrx_word' id='word_1_150' title='bbox 1383 2088 1791 2150; x_wconf 90' lang='lat' dir='ltr'><strong>cognoverunt,</strong></span> 
     </span>
    </p>
   </div>
   <div class='ocr_carea' id='block_1_21' title="bbox 197 2160 1793 2242">
    <p class='ocr_par' dir='ltr' id='par_1_21' title="bbox 197 2160 1793 2242">
     <span class='ocr_line' id='line_1_21' title="bbox 197 2160 1793 2242; baseline 0.002 -17"><span class='ocrx_word' id='word_1_151' title='bbox 197 2168 395 2225; x_wconf 85' lang='lat' dir='ltr'><strong>etideo</strong></span> <span class='ocrx_word' id='word_1_152' title='bbox 409 2169 624 2239; x_wconf 87' lang='lat' dir='ltr'><strong>reprobi</strong></span> <span class='ocrx_word' id='word_1_153' title='bbox 654 2160 781 2223; x_wconf 84' lang='lat' dir='ltr'><strong>facti</strong></span> <span class='ocrx_word' id='word_1_154' title='bbox 806 2176 955 2223; x_wconf 92' lang='lat' dir='ltr'><strong>sunt.</strong></span> <span class='ocrx_word' id='word_1_155' title='bbox 980 2187 999 2221; x_wconf 75' lang='grc' dir='ltr'><strong><em>ι</em></strong></span> <span class='ocrx_word' id='word_1_156' title='bbox 1026 2167 1151 2225; x_wconf 68' lang='grc' dir='ltr'><strong>Παξο</strong></span> <span class='ocrx_word' id='word_1_157' title='bbox 1173 2168 1520 2225; x_wconf 86' lang='lat' dir='ltr'><strong>manifestum</strong></span> <span class='ocrx_word' id='word_1_158' title='bbox 1539 2170 1605 2226; x_wconf 88' lang='lat' dir='ltr'><strong>de</strong></span> <span class='ocrx_word' id='word_1_159' title='bbox 1624 2170 1793 2242; x_wconf 84' lang='lat' dir='ltr'><strong>ipsius</strong></span> 
     </span>
    </p>
   </div>
   <div class='ocr_carea' id='block_1_22' title="bbox 198 2259 1792 2332">
    <p class='ocr_par' dir='ltr' id='par_1_22' title="bbox 198 2259 1792 2332">
     <span class='ocr_line' id='line_1_22' title="bbox 198 2259 1792 2332; baseline 0.001 -16"><span class='ocrx_word' id='word_1_160' title='bbox 198 2260 421 2331; x_wconf 86' lang='lat' dir='ltr'><strong>scriptis</strong></span> <span class='ocrx_word' id='word_1_161' title='bbox 471 2264 552 2315; x_wconf 82' lang='lat' dir='ltr'><strong>est</strong></span> <span class='ocrx_word' id='word_1_162' title='bbox 600 2260 795 2331; x_wconf 79' lang='lat' dir='ltr'><strong>legisse</strong></span> <span class='ocrx_word' id='word_1_163' title='bbox 847 2259 1155 2331; x_wconf 91' lang='lat' dir='ltr'><strong>improbum</strong></span> <span class='ocrx_word' id='word_1_164' title='bbox 1197 2272 1254 2316; x_wconf 89' lang='lat' dir='ltr'><strong>et</strong></span> <span class='ocrx_word' id='word_1_165' title='bbox 1298 2262 1792 2332; x_wconf 86' lang='lat' dir='ltr'><strong>pertinacissimum</strong></span> 
     </span>
    </p>
   </div>
   <div class='ocr_carea' id='block_1_23' title="bbox 197 2351 1790 2425">
    <p class='ocr_par' dir='ltr' id='par_1_23' title="bbox 197 2351 1790 2425">
     <span class='ocr_line' id='line_1_23' title="bbox 197 2351 1790 2425; baseline 0 -14"><span class='ocrx_word' id='word_1_166' title='bbox 197 2351 617 2411; x_wconf 84' lang='lat' dir='ltr'><strong>Gothescalcum</strong></span> <span class='ocrx_word' id='word_1_167' title='bbox 643 2368 658 2421; x_wconf 88' lang='lat'><strong>;</strong></span> <span class='ocrx_word' id='word_1_168' title='bbox 691 2354 784 2409; x_wconf 89' lang='lat' dir='ltr'><strong>sed</strong></span> <span class='ocrx_word' id='word_1_169' title='bbox 815 2354 958 2409; x_wconf 84' lang='lat' dir='ltr'><strong>sicut</strong></span> <span class='ocrx_word' id='word_1_170' title='bbox 986 2360 1207 2412; x_wconf 88' lang='lat' dir='ltr'><strong>sanctus</strong></span> <span class='ocrx_word' id='word_1_171' title='bbox 1240 2352 1476 2410; x_wconf 81' lang='lat' dir='ltr'><strong>Hilarius</strong></span> <span class='ocrx_word' id='word_1_172' title='bbox 1505 2357 1790 2425; x_wconf 84' lang='lat' dir='ltr'><strong>reprobam</strong></span> 
     </span>
    </p>
   </div>
   <div class='ocr_carea' id='block_1_24' title="bbox 197 2436 1793 2517">
    <p class='ocr_par' dir='ltr' id='par_1_24' title="bbox 197 2436 1793 2517">
     <span class='ocr_line' id='line_1_24' title="bbox 197 2436 1793 2517; baseline 0.003 -18"><span class='ocrx_word' id='word_1_173' title='bbox 197 2445 412 2517; x_wconf 86' lang='lat' dir='ltr'><strong>plebem</strong></span> <span class='ocrx_word' id='word_1_174' title='bbox 464 2436 530 2501; x_wconf 86' lang='lat' dir='ltr'><strong>de</strong></span> <span class='ocrx_word' id='word_1_175' title='bbox 580 2447 981 2502; x_wconf 83' lang='lat' dir='ltr'><strong>resurrectione</strong></span> <span class='ocrx_word' id='word_1_176' title='bbox 1029 2443 1228 2501; x_wconf 88' lang='lat' dir='ltr'><strong>Christi</strong></span> <span class='ocrx_word' id='word_1_177' title='bbox 1281 2446 1475 2503; x_wconf 87' lang='lat' dir='ltr'><strong>fecisse</strong></span> <span class='ocrx_word' id='word_1_178' title='bbox 1527 2448 1657 2503; x_wconf 82' lang='lat' dir='ltr'><strong>dicit</strong></span> <span class='ocrx_word' id='word_1_179' title='bbox 1712 2449 1793 2503; x_wconf 87' lang='lat' dir='ltr'><strong>in-</strong></span> 
     </span>
    </p>
   </div>
   <div class='ocr_carea' id='block_1_25' title="bbox 197 2534 1795 2609">
    <p class='ocr_par' dir='ltr' id='par_1_25' title="bbox 197 2534 1795 2609">
     <span class='ocr_line' id='line_1_25' title="bbox 197 2534 1795 2609; baseline 0.001 -17"><span class='ocrx_word' id='word_1_180' title='bbox 197 2538 427 2609; x_wconf 83' lang='lat' dir='ltr'><strong>quiens,</strong></span> <span class='ocrx_word' id='word_1_181' title='bbox 458 2534 583 2593; x_wconf 66' lang='lat' dir='ltr'><strong>llrec</strong></span> <span class='ocrx_word' id='word_1_182' title='bbox 618 2535 756 2592; x_wconf 88' lang='lat' dir='ltr'><strong>vidit</strong></span> <span class='ocrx_word' id='word_1_183' title='bbox 787 2534 973 2593; x_wconf 73' lang='lat' dir='ltr'><strong>Judaza</strong></span> <span class='ocrx_word' id='word_1_184' title='bbox 1008 2536 1271 2602; x_wconf 79' lang='lat' dir='ltr'><strong>mendax,</strong></span> <span class='ocrx_word' id='word_1_185' title='bbox 1302 2538 1417 2592; x_wconf 74' lang='lat' dir='ltr'><strong>haec</strong></span> <span class='ocrx_word' id='word_1_186' title='bbox 1462 2546 1623 2608; x_wconf 83' lang='lat' dir='ltr'><strong>negat</strong></span> <span class='ocrx_word' id='word_1_187' title='bbox 1670 2553 1795 2593; x_wconf 88' lang='lat' dir='ltr'><strong>cum</strong></span> 
     </span>
    </p>
   </div>
   <div class='ocr_carea' id='block_1_26' title="bbox 196 2621 1790 2701">
    <p class='ocr_par' dir='ltr' id='par_1_26' title="bbox 196 2621 1790 2701">
     <span class='ocr_line' id='line_1_26' title="bbox 196 2621 1790 2701; baseline 0.004 -20"><span class='ocrx_word' id='word_1_188' title='bbox 196 2626 420 2695; x_wconf 87' lang='lat' dir='ltr'><strong>viderit,</strong></span> <span class='ocrx_word' id='word_1_189' title='bbox 444 2628 522 2686; x_wconf 89' lang='lat' dir='ltr'><strong>sic</strong></span> <span class='ocrx_word' id='word_1_190' title='bbox 550 2638 606 2685; x_wconf 86' lang='lat' dir='ltr'><strong>et</strong></span> <span class='ocrx_word' id='word_1_191' title='bbox 630 2628 1023 2685; x_wconf 86' lang='lat' dir='ltr'><strong>Gothescalcus</strong></span> <span class='ocrx_word' id='word_1_192' title='bbox 1049 2629 1116 2685; x_wconf 90' lang='lat' dir='ltr'><strong>de</strong></span> <span class='ocrx_word' id='word_1_193' title='bbox 1141 2629 1228 2685; x_wconf 87' lang='lat' dir='ltr'><strong>his</strong></span> <span class='ocrx_word' id='word_1_194' title='bbox 1254 2644 1373 2699; x_wconf 67' lang='lat' dir='ltr'><strong>quae</strong></span> <span class='ocrx_word' id='word_1_195' title='bbox 1399 2630 1525 2685; x_wconf 92' lang='lat' dir='ltr'><strong>hinc</strong></span> <span class='ocrx_word' id='word_1_196' title='bbox 1551 2621 1790 2701; x_wconf 75' lang='lat' dir='ltr'><strong>legerat,</strong></span> 
     </span>
    </p>
   </div>
   <div class='ocr_carea' id='block_1_27' title="bbox 197 2721 1797 2795">
    <p class='ocr_par' dir='ltr' id='par_1_27' title="bbox 197 2721 1797 2795">
     <span class='ocr_line' id='line_1_27' title="bbox 197 2721 1797 2795; baseline 0.002 -19"><span class='ocrx_word' id='word_1_197' title='bbox 197 2733 291 2778; x_wconf 89' lang='lat' dir='ltr'><strong>aut</strong></span> <span class='ocrx_word' id='word_1_198' title='bbox 320 2722 376 2777; x_wconf 90' lang='lat' dir='ltr'><strong>in</strong></span> <span class='ocrx_word' id='word_1_199' title='bbox 407 2731 581 2777; x_wconf 91' lang='lat' dir='ltr'><strong>totum</strong></span> <span class='ocrx_word' id='word_1_200' title='bbox 609 2722 846 2789; x_wconf 85' lang='lat' dir='ltr'><strong>dimisit,</strong></span> <span class='ocrx_word' id='word_1_201' title='bbox 883 2722 974 2777; x_wconf 88' lang='lat' dir='ltr'><strong>aut</strong></span> <span class='ocrx_word' id='word_1_202' title='bbox 1001 2722 1166 2793; x_wconf 72' lang='lat' dir='ltr'><strong>prtfve</strong></span> <span class='ocrx_word' id='word_1_203' title='bbox 1196 2721 1604 2792; x_wconf 87' lang='lat' dir='ltr'><strong>interpretando</strong></span> <span class='ocrx_word' id='word_1_204' title='bbox 1633 2739 1797 2795; x_wconf 80' lang='lat' dir='ltr'><strong>nega-</strong></span> 
     </span>
    </p>
   </div>
   <div class='ocr_carea' id='block_1_28' title="bbox 196 2811 1795 2882">
    <p class='ocr_par' dir='ltr' id='par_1_28' title="bbox 196 2811 1795 2882">
     <span class='ocr_line' id='line_1_28' title="bbox 196 2811 1795 2882; baseline 0.001 -14"><span class='ocrx_word' id='word_1_205' title='bbox 196 2814 295 2878; x_wconf 89' lang='lat' dir='ltr'><strong>vit,</strong></span> <span class='ocrx_word' id='word_1_206' title='bbox 331 2820 427 2867; x_wconf 89' lang='lat' dir='ltr'><strong>aut</strong></span> <span class='ocrx_word' id='word_1_207' title='bbox 454 2811 597 2867; x_wconf 83' lang='lat' dir='ltr'><strong>sicut</strong></span> <span class='ocrx_word' id='word_1_208' title='bbox 620 2811 802 2868; x_wconf 83' lang='lat' dir='ltr'><strong>facere</strong></span> <span class='ocrx_word' id='word_1_209' title='bbox 827 2812 1003 2868; x_wconf 85' lang='lat' dir='ltr'><strong>solent</strong></span> <span class='ocrx_word' id='word_1_210' title='bbox 1031 2812 1295 2877; x_wconf 66' lang='lat' dir='ltr'><strong>haeretici,</strong></span> <span class='ocrx_word' id='word_1_211' title='bbox 1330 2811 1457 2882; x_wconf 86' lang='lat' dir='ltr'><strong>quia</strong></span> <span class='ocrx_word' id='word_1_212' title='bbox 1497 2812 1639 2867; x_wconf 86' lang='lat' dir='ltr'><strong>malo</strong></span> <span class='ocrx_word' id='word_1_213' title='bbox 1665 2823 1795 2869; x_wconf 90' lang='lat' dir='ltr'><strong>voto</strong></span> 
     </span>
    </p>
   </div>
   <div class='ocr_carea' id='block_1_29' title="bbox 196 2906 1795 2979">
    <p class='ocr_par' dir='ltr' id='par_1_29' title="bbox 196 2906 1795 2979">
     <span class='ocr_line' id='line_1_29' title="bbox 196 2906 1795 2979; baseline 0.002 -17"><span class='ocrx_word' id='word_1_214' title='bbox 196 2906 331 2979; x_wconf 89' lang='lat' dir='ltr'><strong>legit</strong></span> <span class='ocrx_word' id='word_1_215' title='bbox 369 2906 512 2977; x_wconf 87' lang='lat' dir='ltr'><strong>quod</strong></span> <span class='ocrx_word' id='word_1_216' title='bbox 555 2907 705 2979; x_wconf 88' lang='lat' dir='ltr'><strong>legit,</strong></span> <span class='ocrx_word' id='word_1_217' title='bbox 744 2920 812 2961; x_wconf 79' lang='lat' dir='ltr'><strong>ex</strong></span> <span class='ocrx_word' id='word_1_218' title='bbox 855 2906 1214 2962; x_wconf 85' lang='lat' dir='ltr'><strong>retributione</strong></span> <span class='ocrx_word' id='word_1_219' title='bbox 1238 2907 1463 2978; x_wconf 67' lang='lat' dir='ltr'><strong>iustitia:</strong></span> <span class='ocrx_word' id='word_1_220' title='bbox 1490 2906 1795 2979; x_wconf 84' lang='lat' dir='ltr'><strong>intelligere</strong></span> 
     </span>
    </p>
   </div>
   <div class='ocr_carea' id='block_1_30' title="bbox 195 2998 1796 3071">
    <p class='ocr_par' dir='ltr' id='par_1_30' title="bbox 195 2998 1796 3071">
     <span class='ocr_line' id='line_1_30' title="bbox 195 2998 1796 3071; baseline -0.001 -15"><span class='ocrx_word' id='word_1_221' title='bbox 195 3001 340 3056; x_wconf 89' lang='lat' dir='ltr'><strong>bene</strong></span> <span class='ocrx_word' id='word_1_222' title='bbox 368 3016 475 3057; x_wconf 93' lang='lat' dir='ltr'><strong>non</strong></span> <span class='ocrx_word' id='word_1_223' title='bbox 507 3000 698 3067; x_wconf 87' lang='lat' dir='ltr'><strong>valuit,</strong></span> <span class='ocrx_word' id='word_1_224' title='bbox 730 2998 893 3070; x_wconf 87' lang='lat' dir='ltr'><strong>idque</strong></span> <span class='ocrx_word' id='word_1_225' title='bbox 915 2998 981 3054; x_wconf 89' lang='lat' dir='ltr'><strong>ad</strong></span> <span class='ocrx_word' id='word_1_226' title='bbox 1008 2999 1331 3071; x_wconf 83' lang='lat' dir='ltr'><strong>pravitatem</strong></span> <span class='ocrx_word' id='word_1_227' title='bbox 1372 3000 1454 3055; x_wconf 89' lang='lat' dir='ltr'><strong>sui</strong></span> <span class='ocrx_word' id='word_1_228' title='bbox 1492 3015 1683 3056; x_wconf 90' lang='lat' dir='ltr'><strong>sensus</strong></span> <span class='ocrx_word' id='word_1_229' title='bbox 1712 3001 1796 3055; x_wconf 88' lang='lat' dir='ltr'><strong>in-‘</strong></span> 
     </span>
    </p>
   </div>
   <div class='ocr_carea' id='block_1_31' title="bbox 195 3091 1796 3163">
    <p class='ocr_par' dir='ltr' id='par_1_31' title="bbox 195 3091 1796 3163">
     <span class='ocr_line' id='line_1_31' title="bbox 195 3091 1796 3163; baseline 0 -14"><span class='ocrx_word' id='word_1_230' title='bbox 195 3092 443 3155; x_wconf 78' lang='lat' dir='ltr'><strong>ﬂectens,</strong></span> <span class='ocrx_word' id='word_1_231' title='bbox 475 3091 617 3148; x_wconf 88' lang='lat' dir='ltr'><strong>sicut</strong></span> <span class='ocrx_word' id='word_1_232' title='bbox 636 3091 806 3147; x_wconf 88' lang='lat' dir='ltr'><strong>voluit</strong></span> <span class='ocrx_word' id='word_1_233' title='bbox 830 3091 1030 3163; x_wconf 88' lang='lat' dir='ltr'><strong>posuit.</strong></span> <span class='ocrx_word' id='word_1_234' title='bbox 1060 3091 1215 3159; x_wconf 86' lang='lat' dir='ltr'><strong>Quod</strong></span> <span class='ocrx_word' id='word_1_235' title='bbox 1245 3098 1426 3148; x_wconf 84' lang='lat' dir='ltr'><strong>autem</strong></span> <span class='ocrx_word' id='word_1_236' title='bbox 1450 3092 1796 3163; x_wconf 84' lang='lat' dir='ltr'><strong>apertissime</strong></span> 
     </span>
    </p>
   </div>
   <div class='ocr_carea' id='block_1_32' title="bbox 194 3182 1792 3254">
    <p class='ocr_par' dir='ltr' id='par_1_32' title="bbox 194 3182 1792 3254">
     <span class='ocr_line' id='line_1_32' title="bbox 194 3182 1792 3254; baseline -0.001 -14"><span class='ocrx_word' id='word_1_237' title='bbox 194 3183 340 3240; x_wconf 88' lang='lat' dir='ltr'><strong>bene</strong></span> <span class='ocrx_word' id='word_1_238' title='bbox 379 3183 580 3239; x_wconf 85' lang='lat' dir='ltr'><strong>dictum</strong></span> <span class='ocrx_word' id='word_1_239' title='bbox 612 3183 838 3250; x_wconf 79' lang='lat' dir='ltr'><strong>invidit,</strong></span> <span class='ocrx_word' id='word_1_240' title='bbox 880 3183 1094 3239; x_wconf 88' lang='lat' dir='ltr'><strong>etiamsi</strong></span> <span class='ocrx_word' id='word_1_241' title='bbox 1137 3182 1297 3239; x_wconf 87' lang='lat' dir='ltr'><strong>oculo</strong></span> <span class='ocrx_word' id='word_1_242' title='bbox 1342 3184 1588 3254; x_wconf 87' lang='lat' dir='ltr'><strong>corporis</strong></span> <span class='ocrx_word' id='word_1_243' title='bbox 1624 3184 1792 3252; x_wconf 91' lang='lat' dir='ltr'><strong>vidit,</strong></span> 
     </span>
    </p>
   </div>
   <div class='ocr_carea' id='block_1_33' title="bbox 194 3241 1889 3344">
    <p class='ocr_par' dir='ltr' id='par_1_33' title="bbox 194 3241 1889 3344">
     <span class='ocr_line' id='line_1_33' title="bbox 194 3241 1889 3344; baseline 0.001 -10"><span class='ocrx_word' id='word_1_244' title='bbox 194 3276 356 3334; x_wconf 85' lang='lat' dir='ltr'><strong>oculo</strong></span> <span class='ocrx_word' id='word_1_245' title='bbox 384 3277 585 3333; x_wconf 89' lang='lat' dir='ltr'><strong>mentis</strong></span> <span class='ocrx_word' id='word_1_246' title='bbox 609 3276 796 3333; x_wconf 90' lang='lat' dir='ltr'><strong>videre</strong></span> <span class='ocrx_word' id='word_1_247' title='bbox 827 3292 934 3332; x_wconf 89' lang='lat' dir='ltr'><strong>non</strong></span> <span class='ocrx_word' id='word_1_248' title='bbox 965 3276 1158 3344; x_wconf 88' lang='lat' dir='ltr'><strong>voluit,</strong></span> <span class='ocrx_word' id='word_1_249' title='bbox 1187 3285 1241 3332; x_wconf 89' lang='lat' dir='ltr'><strong>et</strong></span> <span class='ocrx_word' id='word_1_250' title='bbox 1270 3241 1474 3334; x_wconf 69' lang='lat' dir='ltr'><strong>idcirco</strong></span> <span class='ocrx_word' id='word_1_251' title='bbox 1503 3292 1568 3333; x_wconf 87' lang='lat' dir='ltr'><strong>ac</strong></span> <span class='ocrx_word' id='word_1_252' title='bbox 1605 3277 1652 3333; x_wconf 89' lang='lat' dir='ltr'><strong>si</strong></span> <span class='ocrx_word' id='word_1_253' title='bbox 1682 3241 1790 3334; x_wconf 80' lang='lat' dir='ltr'><strong>non</strong></span> <span class='ocrx_word' id='word_1_254' title='bbox 1820 3241 1889 3340; x_wconf 63' lang='grc' dir='ltr'><strong>ε,</strong></span> 
     </span>
    </p>
   </div>
   <div class='ocr_carea' id='block_1_34' title="bbox 194 3368 1793 3442">
    <p class='ocr_par' dir='ltr' id='par_1_34' title="bbox 194 3368 1793 3442">
     <span class='ocr_line' id='line_1_34' title="bbox 194 3368 1793 3442; baseline 0.001 -19"><span class='ocrx_word' id='word_1_255' title='bbox 194 3368 373 3424; x_wconf 79' lang='lat' dir='ltr'><strong>visum</strong></span> <span class='ocrx_word' id='word_1_256' title='bbox 403 3368 659 3425; x_wconf 67' lang='lat' dir='ltr'><strong>traiiiiliit</strong></span> <span class='ocrx_word' id='word_1_257' title='bbox 676 3410 690 3435; x_wconf 93' lang='lat'><strong>,</strong></span> <span class='ocrx_word' id='word_1_258' title='bbox 717 3368 873 3439; x_wconf 76' lang='lat' dir='ltr'><strong>juxta</strong></span> <span class='ocrx_word' id='word_1_259' title='bbox 900 3368 1249 3441; x_wconf 84' lang='lat' dir='ltr'><strong>proverbium</strong></span> <span class='ocrx_word' id='word_1_260' title='bbox 1276 3368 1591 3437; x_wconf 75' lang='lat' dir='ltr'><strong>Gothicam,</strong></span> <span class='ocrx_word' id='word_1_261' title='bbox 1616 3369 1793 3442; x_wconf 82' lang='lat' dir='ltr'><strong>Capra</strong></span> 
     </span>
    </p>
   </div>
   <div class='ocr_carea' id='block_1_35' title="bbox 194 3461 1793 3534">
    <p class='ocr_par' dir='ltr' id='par_1_35' title="bbox 194 3461 1793 3534">
     <span class='ocr_line' id='line_1_35' title="bbox 194 3461 1793 3534; baseline 0.001 -19"><span class='ocrx_word' id='word_1_262' title='bbox 194 3462 344 3516; x_wconf 82' lang='lat' dir='ltr'><strong>lusca</strong></span> <span class='ocrx_word' id='word_1_263' title='bbox 381 3461 592 3516; x_wconf 75' lang='lat' dir='ltr'><strong>hortum</strong></span> <span class='ocrx_word' id='word_1_264' title='bbox 618 3461 787 3526; x_wconf 76' lang='lat' dir='ltr'><strong>videt,</strong></span> <span class='ocrx_word' id='word_1_265' title='bbox 836 3478 1006 3533; x_wconf 80' lang='lat' dir='ltr'><strong>sepem</strong></span> <span class='ocrx_word' id='word_1_266' title='bbox 1044 3470 1321 3534; x_wconf 77' lang='lat' dir='ltr'><strong>nusquam.</strong></span> <span class='ocrx_word' id='word_1_267' title='bbox 1353 3462 1420 3518; x_wconf 88' lang='lat' dir='ltr'><strong>Et</strong></span> <span class='ocrx_word' id='word_1_268' title='bbox 1451 3463 1505 3518; x_wconf 89' lang='lat' dir='ltr'><strong>in</strong></span> <span class='ocrx_word' id='word_1_269' title='bbox 1535 3478 1633 3519; x_wconf 87' lang='lat' dir='ltr'><strong>sua</strong></span> <span class='ocrx_word' id='word_1_270' title='bbox 1663 3478 1793 3519; x_wconf 79' lang='lat' dir='ltr'><strong>con-</strong></span> 
     </span>
    </p>
   </div>
   <div class='ocr_carea' id='block_1_36' title="bbox 193 3546 1793 3625">
    <p class='ocr_par' dir='ltr' id='par_1_36' title="bbox 193 3546 1793 3625">
     <span class='ocr_line' id='line_1_36' title="bbox 193 3546 1793 3625; baseline 0.003 -16"><span class='ocrx_word' id='word_1_271' title='bbox 193 3552 461 3618; x_wconf 88' lang='lat' dir='ltr'><strong>clusionc,</strong></span> <span class='ocrx_word' id='word_1_272' title='bbox 509 3553 754 3625; x_wconf 88' lang='lat' dir='ltr'><strong>quinlmo</strong></span> <span class='ocrx_word' id='word_1_273' title='bbox 785 3546 909 3611; x_wconf 77' lang='lat' dir='ltr'><strong>ﬁdei</strong></span> <span class='ocrx_word' id='word_1_274' title='bbox 954 3565 1118 3612; x_wconf 79' lang='lat' dir='ltr'><strong>recue</strong></span> <span class='ocrx_word' id='word_1_275' title='bbox 1158 3556 1534 3625; x_wconf 86' lang='lat' dir='ltr'><strong>concussione,</strong></span> <span class='ocrx_word' id='word_1_276' title='bbox 1560 3555 1793 3614; x_wconf 89' lang='lat' dir='ltr'><strong>Gotbes-</strong></span> 
     </span>
    </p>
   </div>
   <div class='ocr_carea' id='block_1_37' title="bbox 192 3644 588 3704">
    <p class='ocr_par' dir='ltr' id='par_1_37' title="bbox 192 3644 588 3704">
     <span class='ocr_line' id='line_1_37' title="bbox 192 3644 588 3704; baseline 0.003 -2"><span class='ocrx_word' id='word_1_277' title='bbox 192 3646 384 3703; x_wconf 84' lang='lat' dir='ltr'><strong>calens</strong></span> <span class='ocrx_word' id='word_1_278' title='bbox 416 3644 550 3704; x_wconf 80' lang='lat' dir='ltr'><strong>dicit</strong></span> <span class='ocrx_word' id='word_1_279' title='bbox 573 3658 588 3703; x_wconf 88' lang='lat'><strong>:</strong></span> 
     </span>
    </p>
   </div>
   <div class='ocr_carea' id='block_1_38' title="bbox 926 3736 1041 3794">
    <p class='ocr_par' dir='ltr' id='par_1_38' title="bbox 926 3736 1041 3794">
     <span class='ocr_line' id='line_1_38' title="bbox 926 3736 1041 3794; baseline 0 0"><span class='ocrx_word' id='word_1_280' title='bbox 926 3736 1041 3794; x_wconf 77' lang='lat' dir='ltr'><strong>XII.</strong></span> 
     </span>
    </p>
   </div>
   <div class='ocr_carea' id='block_1_39' title="bbox 268 3836 1787 3923">
    <p class='ocr_par' dir='ltr' id='par_1_39' title="bbox 268 3836 1787 3923">
     <span class='ocr_line' id='line_1_39' title="bbox 268 3836 1787 3923; baseline 0.001 -15"><span class='ocrx_word' id='word_1_281' title='bbox 268 3864 333 3908; x_wconf 77' lang='grc' dir='ltr'><strong>-ι-</strong></span> <span class='ocrx_word' id='word_1_282' title='bbox 373 3866 395 3902; x_wconf 80' lang='lat' dir='ltr'><strong>r</strong></span> <span class='ocrx_word' id='word_1_283' title='bbox 427 3844 615 3922; x_wconf 83' lang='lat' dir='ltr'><strong>itaque</strong></span> <span class='ocrx_word' id='word_1_284' title='bbox 645 3851 738 3923; x_wconf 90' lang='lat' dir='ltr'><strong>qui</strong></span> <span class='ocrx_word' id='word_1_285' title='bbox 770 3836 961 3909; x_wconf 85' lang='lat' dir='ltr'><strong>nolunt</strong></span> <span class='ocrx_word' id='word_1_286' title='bbox 989 3868 1111 3909; x_wconf 87' lang='lat' dir='ltr'><strong>cum</strong></span> <span class='ocrx_word' id='word_1_287' title='bbox 1159 3846 1484 3909; x_wconf 87' lang='lat' dir='ltr'><strong>Sabellianis</strong></span> <span class='ocrx_word' id='word_1_288' title='bbox 1511 3851 1787 3909; x_wconf 57' lang='lat' dir='ltr'><strong>haereticis</strong></span> 
     </span>
    </p>
   </div>
   <div class='ocr_carea' id='block_1_40' title="bbox 195 3934 1790 4012">
    <p class='ocr_par' dir='ltr' id='par_1_40' title="bbox 195 3934 1790 4012">
     <span class='ocr_line' id='line_1_40' title="bbox 195 3934 1790 4012; baseline 0.003 -17"><span class='ocrx_word' id='word_1_289' title='bbox 195 3960 216 3995; x_wconf 70' lang='grc' dir='ltr'>ι</span> <span class='ocrx_word' id='word_1_290' title='bbox 257 3942 315 3998; x_wconf 91' lang='lat' dir='ltr'><strong>in</strong></span> <span class='ocrx_word' id='word_1_291' title='bbox 338 3950 603 3999; x_wconf 64' lang='lat' dir='ltr'><strong>aeternum</strong></span> <span class='ocrx_word' id='word_1_292' title='bbox 638 3944 841 4001; x_wconf 88' lang='lat' dir='ltr'><strong>habere</strong></span> <span class='ocrx_word' id='word_1_293' title='bbox 861 3934 1202 4012; x_wconf 86' lang='lat' dir='ltr'><strong>societatem,</strong></span> <span class='ocrx_word' id='word_1_294' title='bbox 1226 3938 1473 4011; x_wconf 86' lang='lat' dir='ltr'><strong>credant,</strong></span> <span class='ocrx_word' id='word_1_295' title='bbox 1492 3943 1790 4000; x_wconf 89' lang='lat' dir='ltr'><strong>conﬁtean-</strong></span> 
     </span>
    </p>
   </div>
   <div class='ocr_carea' id='block_1_41' title="bbox 195 4036 1786 4107">
    <p class='ocr_par' dir='ltr' id='par_1_41' title="bbox 195 4036 1786 4107">
     <span class='ocr_line' id='line_1_41' title="bbox 195 4036 1786 4107; baseline -0.001 -16"><span class='ocrx_word' id='word_1_296' title='bbox 195 4057 216 4090; x_wconf 73' lang='grc' dir='ltr'>ι</span> <span class='ocrx_word' id='word_1_297' title='bbox 260 4045 371 4102; x_wconf 92' lang='lat' dir='ltr'><strong>tur,</strong></span> <span class='ocrx_word' id='word_1_298' title='bbox 399 4036 599 4107; x_wconf 88' lang='lat' dir='ltr'><strong>colant,</strong></span> <span class='ocrx_word' id='word_1_299' title='bbox 636 4046 834 4095; x_wconf 87' lang='lat' dir='ltr'><strong>canant</strong></span> <span class='ocrx_word' id='word_1_300' title='bbox 878 4054 1001 4094; x_wconf 92' lang='lat' dir='ltr'><strong>cum</strong></span> <span class='ocrx_word' id='word_1_301' title='bbox 1051 4037 1335 4094; x_wconf 86' lang='lat' dir='ltr'><strong>catholicis</strong></span> <span class='ocrx_word' id='word_1_302' title='bbox 1379 4036 1633 4093; x_wconf 88' lang='lat' dir='ltr'><strong>catholici</strong></span> <span class='ocrx_word' id='word_1_303' title='bbox 1690 4036 1786 4091; x_wconf 91' lang='lat' dir='ltr'><strong>tri-</strong></span> 
     </span>
    </p>
   </div>
   <div class='ocr_carea' id='block_1_42' title="bbox 197 4125 1787 4200">
    <p class='ocr_par' dir='ltr' id='par_1_42' title="bbox 197 4125 1787 4200">
     <span class='ocr_line' id='line_1_42' title="bbox 197 4125 1787 4200; baseline -0.001 -18"><span class='ocrx_word' id='word_1_304' title='bbox 197 4146 217 4182; x_wconf 71' lang='grc' dir='ltr'>ι</span> <span class='ocrx_word' id='word_1_305' title='bbox 263 4128 583 4196; x_wconf 89' lang='lat' dir='ltr'><strong>theoteiam,</strong></span> <span class='ocrx_word' id='word_1_306' title='bbox 632 4129 830 4185; x_wconf 88' lang='lat' dir='ltr'><strong>trinam</strong></span> <span class='ocrx_word' id='word_1_307' title='bbox 874 4128 1159 4195; x_wconf 88' lang='lat' dir='ltr'><strong>deitatem,</strong></span> <span class='ocrx_word' id='word_1_308' title='bbox 1221 4126 1527 4200; x_wconf 87' lang='lat' dir='ltr'><strong>trisagium,</strong></span> <span class='ocrx_word' id='word_1_309' title='bbox 1586 4125 1787 4181; x_wconf 88' lang='lat' dir='ltr'><strong>trinam</strong></span> 
     </span>
    </p>
   </div>
   <div class='ocr_carea' id='block_1_43' title="bbox 196 4219 1784 4293">
    <p class='ocr_par' dir='ltr' id='par_1_43' title="bbox 196 4219 1784 4293">
     <span class='ocr_line' id='line_1_43' title="bbox 196 4219 1784 4293; baseline -0.003 -16"><span class='ocrx_word' id='word_1_310' title='bbox 196 4241 216 4277; x_wconf 76' lang='grc' dir='ltr'>ι</span> <span class='ocrx_word' id='word_1_311' title='bbox 259 4222 636 4290; x_wconf 85' lang='lat' dir='ltr'><strong>sanctitatem,</strong></span> <span class='ocrx_word' id='word_1_312' title='bbox 676 4222 877 4278; x_wconf 89' lang='lat' dir='ltr'><strong>trinam</strong></span> <span class='ocrx_word' id='word_1_313' title='bbox 908 4222 1099 4285; x_wconf 89' lang='lat' dir='ltr'><strong>vitam,</strong></span> <span class='ocrx_word' id='word_1_314' title='bbox 1148 4221 1492 4293; x_wconf 89' lang='lat' dir='ltr'><strong>sapientiam,</strong></span> <span class='ocrx_word' id='word_1_315' title='bbox 1536 4219 1784 4291; x_wconf 79' lang='lat' dir='ltr'><strong>gloriam,</strong></span> 
     </span>
    </p>
   </div>
   <div class='ocr_carea' id='block_1_44' title="bbox 195 4315 1789 4383">
    <p class='ocr_par' dir='ltr' id='par_1_44' title="bbox 195 4315 1789 4383">
     <span class='ocr_line' id='line_1_44' title="bbox 195 4315 1789 4383; baseline -0.002 -10"><span class='ocrx_word' id='word_1_316' title='bbox 195 4339 215 4373; x_wconf 71' lang='grc' dir='ltr'><em>ς</em></span> <span class='ocrx_word' id='word_1_317' title='bbox 260 4317 470 4375; x_wconf 88' lang='lat' dir='ltr'><strong>trinum</strong></span> <span class='ocrx_word' id='word_1_318' title='bbox 515 4317 791 4383; x_wconf 89' lang='lat' dir='ltr'><strong>timorem,</strong></span> <span class='ocrx_word' id='word_1_319' title='bbox 827 4315 1027 4372; x_wconf 90' lang='lat' dir='ltr'><strong>trinum</strong></span> <span class='ocrx_word' id='word_1_320' title='bbox 1073 4332 1339 4383; x_wconf 90' lang='lat' dir='ltr'><strong>amorem,</strong></span> <span class='ocrx_word' id='word_1_321' title='bbox 1382 4315 1578 4370; x_wconf 89' lang='lat' dir='ltr'><strong>trinam</strong></span> <span class='ocrx_word' id='word_1_322' title='bbox 1608 4316 1789 4371; x_wconf 86' lang='lat' dir='ltr'><strong>chari-</strong></span> 
     </span>
    </p>
   </div>
   <div class='ocr_carea' id='block_1_45' title="bbox 196 4405 1783 4478">
    <p class='ocr_par' dir='ltr' id='par_1_45' title="bbox 196 4405 1783 4478">
     <span class='ocr_line' id='line_1_45' title="bbox 196 4405 1783 4478; baseline -0.002 -15"><span class='ocrx_word' id='word_1_323' title='bbox 196 4427 216 4463; x_wconf 74' lang='grc' dir='ltr'>ι</span> <span class='ocrx_word' id='word_1_324' title='bbox 266 4418 463 4476; x_wconf 88' lang='lat' dir='ltr'><strong>tatem,</strong></span> <span class='ocrx_word' id='word_1_325' title='bbox 506 4409 703 4463; x_wconf 89' lang='lat' dir='ltr'><strong>trinam</strong></span> <span class='ocrx_word' id='word_1_326' title='bbox 742 4407 940 4473; x_wconf 90' lang='lat' dir='ltr'><strong>lucem,</strong></span> <span class='ocrx_word' id='word_1_327' title='bbox 985 4405 1234 4473; x_wconf 84' lang='lat' dir='ltr'><strong>salutem,</strong></span> <span class='ocrx_word' id='word_1_328' title='bbox 1268 4407 1541 4471; x_wconf 87' lang='lat' dir='ltr'><strong>virtutem,</strong></span> <span class='ocrx_word' id='word_1_329' title='bbox 1573 4421 1783 4478; x_wconf 87' lang='lat' dir='ltr'><strong>pacem,</strong></span> 
     </span>
    </p>
   </div>
   <div class='ocr_carea' id='block_1_46' title="bbox 197 4496 1787 4569">
    <p class='ocr_par' dir='ltr' id='par_1_46' title="bbox 197 4496 1787 4569">
     <span class='ocr_line' id='line_1_46' title="bbox 197 4496 1787 4569; baseline -0.001 -16"><span class='ocrx_word' id='word_1_330' title='bbox 197 4519 216 4553; x_wconf 79' lang='grc' dir='ltr'>ι</span> <span class='ocrx_word' id='word_1_331' title='bbox 257 4498 589 4564; x_wconf 88' lang='lat' dir='ltr'><strong>claritatem,</strong></span> <span class='ocrx_word' id='word_1_332' title='bbox 644 4498 840 4554; x_wconf 85' lang='lat' dir='ltr'><strong>trinam</strong></span> <span class='ocrx_word' id='word_1_333' title='bbox 880 4496 1243 4568; x_wconf 88' lang='lat' dir='ltr'><strong>majestatem,</strong></span> <span class='ocrx_word' id='word_1_334' title='bbox 1289 4506 1636 4569; x_wconf 90' lang='lat' dir='ltr'><strong>potestatem,</strong></span> <span class='ocrx_word' id='word_1_335' title='bbox 1668 4496 1787 4567; x_wconf 88' lang='lat' dir='ltr'><strong>pie-</strong></span> 
     </span>
    </p>
   </div>
   <div class='ocr_carea' id='block_1_47' title="bbox 1824 1871 1872 1933">
    <p class='ocr_par' dir='ltr' id='par_1_47' title="bbox 1824 1871 1872 1933">
     <span class='ocr_line' id='line_1_47' title="bbox 1824 1871 1872 1933; baseline 0 0"><span class='ocrx_word' id='word_1_336' title='bbox 1824 1871 1872 1933; x_wconf 86' lang='grc' dir='ltr'><strong>Β</strong></span> 
     </span>
    </p>
   </div>
   <div class='ocr_carea' id='block_1_48' title="bbox 1902 590 3482 664">
    <p class='ocr_par' dir='ltr' id='par_1_48' title="bbox 1902 590 3482 664">
     <span class='ocr_line' id='line_1_48' title="bbox 1902 590 3482 664; baseline 0.001 -18"><span class='ocrx_word' id='word_1_337' title='bbox 1902 590 1987 646; x_wconf 90' lang='lat' dir='ltr'><strong>bis</strong></span> <span class='ocrx_word' id='word_1_338' title='bbox 2007 591 2099 661; x_wconf 90' lang='lat' dir='ltr'><strong>qui</strong></span> <span class='ocrx_word' id='word_1_339' title='bbox 2122 591 2189 646; x_wconf 86' lang='lat' dir='ltr'><strong>de</strong></span> <span class='ocrx_word' id='word_1_340' title='bbox 2213 591 2455 648; x_wconf 81' lang='lat' dir='ltr'><strong>numeris</strong></span> <span class='ocrx_word' id='word_1_341' title='bbox 2479 592 2756 663; x_wconf 78' lang='lat' dir='ltr'><strong>disputant</strong></span> <span class='ocrx_word' id='word_1_342' title='bbox 2783 601 3128 664; x_wconf 83' lang='lat' dir='ltr'><strong>computatur</strong></span> <span class='ocrx_word' id='word_1_343' title='bbox 3157 608 3169 646; x_wconf 89' lang='lat'><strong>:</strong></span> <span class='ocrx_word' id='word_1_344' title='bbox 3197 600 3257 649; x_wconf 78' lang='lat' dir='ltr'><strong>et</strong></span> <span class='ocrx_word' id='word_1_345' title='bbox 3274 604 3383 648; x_wconf 89' lang='lat' dir='ltr'><strong>non</strong></span> <span class='ocrx_word' id='word_1_346' title='bbox 3411 591 3482 648; x_wconf 86' lang='lat' dir='ltr'><strong>ab</strong></span> 
     </span>
    </p>
   </div>
   <div class='ocr_carea' id='block_1_49' title="bbox 1899 683 3482 754">
    <p class='ocr_par' dir='ltr' id='par_1_49' title="bbox 1899 683 3482 754">
     <span class='ocr_line' id='line_1_49' title="bbox 1899 683 3482 754; baseline 0.001 -15"><span class='ocrx_word' id='word_1_347' title='bbox 1899 698 1966 739; x_wconf 89' lang='lat' dir='ltr'><strong>eo</strong></span> <span class='ocrx_word' id='word_1_348' title='bbox 1992 696 2243 751; x_wconf 90' lang='lat' dir='ltr'><strong>numero,</strong></span> <span class='ocrx_word' id='word_1_349' title='bbox 2268 696 2379 754; x_wconf 86' lang='lat' dir='ltr'><strong>quo</strong></span> <span class='ocrx_word' id='word_1_350' title='bbox 2420 696 2771 751; x_wconf 77' lang='lat' dir='ltr'><strong>numeramus</strong></span> <span class='ocrx_word' id='word_1_351' title='bbox 2800 701 2925 743; x_wconf 89' lang='lat' dir='ltr'><strong>cum</strong></span> <span class='ocrx_word' id='word_1_352' title='bbox 2963 693 3073 742; x_wconf 84' lang='lat' dir='ltr'><strong>tres</strong></span> <span class='ocrx_word' id='word_1_353' title='bbox 3100 683 3352 749; x_wconf 83' lang='lat' dir='ltr'><strong>dicimus,</strong></span> <span class='ocrx_word' id='word_1_354' title='bbox 3386 684 3482 741; x_wconf 87' lang='lat' dir='ltr'><strong>sed</strong></span> 
     </span>
    </p>
   </div>
   <div class='ocr_carea' id='block_1_50' title="bbox 1900 775 3481 846">
    <p class='ocr_par' dir='ltr' id='par_1_50' title="bbox 1900 775 3481 846">
     <span class='ocr_line' id='line_1_50' title="bbox 1900 775 3481 846; baseline 0.001 -15"><span class='ocrx_word' id='word_1_355' title='bbox 1900 775 1969 831; x_wconf 89' lang='lat' dir='ltr'><strong>ab</strong></span> <span class='ocrx_word' id='word_1_356' title='bbox 2010 791 2077 832; x_wconf 88' lang='lat' dir='ltr'><strong>eo</strong></span> <span class='ocrx_word' id='word_1_357' title='bbox 2120 792 2244 833; x_wconf 90' lang='lat' dir='ltr'><strong>cum</strong></span> <span class='ocrx_word' id='word_1_358' title='bbox 2280 784 2366 833; x_wconf 90' lang='lat' dir='ltr'><strong>ter</strong></span> <span class='ocrx_word' id='word_1_359' title='bbox 2412 777 2642 834; x_wconf 88' lang='lat' dir='ltr'><strong>dicimus</strong></span> <span class='ocrx_word' id='word_1_360' title='bbox 2669 779 2840 846; x_wconf 84' lang='lat' dir='ltr'><strong>venit,</strong></span> <span class='ocrx_word' id='word_1_361' title='bbox 2888 779 3099 835; x_wconf 82' lang='lat' dir='ltr'><strong>habens</strong></span> <span class='ocrx_word' id='word_1_362' title='bbox 3140 777 3481 834; x_wconf 85' lang='lat' dir='ltr'><strong>culleciivam</strong></span> 
     </span>
    </p>
   </div>
   <div class='ocr_carea' id='block_1_51' title="bbox 1900 867 3478 942">
    <p class='ocr_par' dir='ltr' id='par_1_51' title="bbox 1900 867 3478 942">
     <span class='ocr_line' id='line_1_51' title="bbox 1900 867 3478 942; baseline 0.001 -19"><span class='ocrx_word' id='word_1_363' title='bbox 1900 867 2369 940; x_wconf 86' lang='lat' dir='ltr'><strong>signiﬁcationem.</strong></span> <span class='ocrx_word' id='word_1_364' title='bbox 2422 868 2576 925; x_wconf 86' lang='lat' dir='ltr'><strong>Unde</strong></span> <span class='ocrx_word' id='word_1_365' title='bbox 2626 870 2771 925; x_wconf 85' lang='lat' dir='ltr'><strong>Beda</strong></span> <span class='ocrx_word' id='word_1_366' title='bbox 2825 870 2881 925; x_wconf 91' lang='lat' dir='ltr'><strong>in</strong></span> <span class='ocrx_word' id='word_1_367' title='bbox 2940 870 3176 942; x_wconf 88' lang='lat' dir='ltr'><strong>compoti</strong></span> <span class='ocrx_word' id='word_1_368' title='bbox 3225 868 3478 926; x_wconf 79' lang='lat' dir='ltr'><strong>lectione.</strong></span> 
     </span>
    </p>
   </div>
   <div class='ocr_carea' id='block_1_52' title="bbox 1905 961 3482 1035">
    <p class='ocr_par' dir='ltr' id='par_1_52' title="bbox 1905 961 3482 1035">
     <span class='ocr_line' id='line_1_52' title="bbox 1905 961 3482 1035; baseline 0.003 -21"><span class='ocrx_word' id='word_1_369' title='bbox 1905 979 1925 1013; x_wconf 70' lang='grc' dir='ltr'><strong>ε</strong></span> <span class='ocrx_word' id='word_1_370' title='bbox 1961 961 2205 1030; x_wconf 85' lang='lat' dir='ltr'><strong>Quatuor</strong></span> <span class='ocrx_word' id='word_1_371' title='bbox 2251 962 2374 1019; x_wconf 90' lang='lat' dir='ltr'><strong>ldus</strong></span> <span class='ocrx_word' id='word_1_372' title='bbox 2420 964 2642 1035; x_wconf 87' lang='lat' dir='ltr'><strong>capiunt</strong></span> <span class='ocrx_word' id='word_1_373' title='bbox 2693 972 2897 1021; x_wconf 89' lang='lat' dir='ltr'><strong>ternos.</strong></span> <span class='ocrx_word' id='word_1_374' title='bbox 2948 982 2969 1018; x_wconf 79' lang='grc' dir='ltr'><strong><em>ι</em></strong></span> <span class='ocrx_word' id='word_1_375' title='bbox 3017 964 3089 1020; x_wconf 83' lang='lat' dir='ltr'><strong>Et</strong></span> <span class='ocrx_word' id='word_1_376' title='bbox 3132 962 3372 1019; x_wconf 76' lang='lat' dir='ltr'><strong>Hilarius</strong></span> <span class='ocrx_word' id='word_1_377' title='bbox 3427 962 3482 1018; x_wconf 94' lang='lat' dir='ltr'><strong>in</strong></span> 
     </span>
    </p>
   </div>
   <div class='ocr_carea' id='block_1_53' title="bbox 1901 1054 3485 1129">
    <p class='ocr_par' dir='ltr' id='par_1_53' title="bbox 1901 1054 3485 1129">
     <span class='ocr_line' id='line_1_53' title="bbox 1901 1054 3485 1129; baseline -0.001 -18"><span class='ocrx_word' id='word_1_378' title='bbox 1901 1057 2103 1129; x_wconf 83' lang='lat' dir='ltr'><strong>hymno</strong></span> <span class='ocrx_word' id='word_1_379' title='bbox 2136 1073 2151 1111; x_wconf 73' lang='grc' dir='ltr'>ε</span> <span class='ocrx_word' id='word_1_380' title='bbox 2185 1075 2205 1109; x_wconf 78' lang='grc' dir='ltr'>ι</span> <span class='ocrx_word' id='word_1_381' title='bbox 2236 1057 2303 1111; x_wconf 85' lang='lat' dir='ltr'><strong>Et</strong></span> <span class='ocrx_word' id='word_1_382' title='bbox 2327 1056 2491 1113; x_wconf 80' lang='lat' dir='ltr'><strong>refert</strong></span> <span class='ocrx_word' id='word_1_383' title='bbox 2540 1055 2843 1129; x_wconf 86' lang='lat' dir='ltr'><strong>fragmenta</strong></span> <span class='ocrx_word' id='word_1_384' title='bbox 2888 1071 3057 1113; x_wconf 67' lang='lat' dir='ltr'><strong>cinna:</strong></span> <span class='ocrx_word' id='word_1_385' title='bbox 3094 1065 3177 1113; x_wconf 85' lang='lat' dir='ltr'><strong>ter</strong></span> <span class='ocrx_word' id='word_1_386' title='bbox 3201 1054 3485 1129; x_wconf 86' lang='lat' dir='ltr'><strong>quaternis</strong></span> 
     </span>
    </p>
   </div>
   <div class='ocr_carea' id='block_1_54' title="bbox 1902 1142 3479 1220">
    <p class='ocr_par' dir='ltr' id='par_1_54' title="bbox 1902 1142 3479 1220">
     <span class='ocr_line' id='line_1_54' title="bbox 1902 1142 3479 1220; baseline -0.002 -16"><span class='ocrx_word' id='word_1_387' title='bbox 1902 1146 2175 1204; x_wconf 89' lang='lat' dir='ltr'><strong>corbibus.</strong></span> <span class='ocrx_word' id='word_1_388' title='bbox 2214 1166 2233 1199; x_wconf 68' lang='grc' dir='ltr'>ι</span> <span class='ocrx_word' id='word_1_389' title='bbox 2265 1146 2335 1204; x_wconf 89' lang='lat' dir='ltr'><strong>Et</strong></span> <span class='ocrx_word' id='word_1_390' title='bbox 2363 1156 2487 1205; x_wconf 86' lang='lat' dir='ltr'><strong>cum</strong></span> <span class='ocrx_word' id='word_1_391' title='bbox 2517 1149 2747 1205; x_wconf 89' lang='lat' dir='ltr'><strong>dicimus</strong></span> <span class='ocrx_word' id='word_1_392' title='bbox 2771 1147 2963 1214; x_wconf 85' lang='lat' dir='ltr'><strong>semel,</strong></span> <span class='ocrx_word' id='word_1_393' title='bbox 2996 1149 3100 1213; x_wconf 89' lang='lat' dir='ltr'><strong>bis,</strong></span> <span class='ocrx_word' id='word_1_394' title='bbox 3126 1148 3227 1212; x_wconf 78' lang='lat' dir='ltr'><strong>ter,</strong></span> <span class='ocrx_word' id='word_1_395' title='bbox 3263 1142 3479 1220; x_wconf 77' lang='lat' dir='ltr'><strong>quater,</strong></span> 
     </span>
    </p>
   </div>
   <div class='ocr_carea' id='block_1_55' title="bbox 1901 1239 3595 1313">
    <p class='ocr_par' dir='ltr' id='par_1_55' title="bbox 1901 1239 3595 1313">
     <span class='ocr_line' id='line_1_55' title="bbox 1901 1239 3595 1313; baseline -0.001 -17"><span class='ocrx_word' id='word_1_396' title='bbox 1901 1248 1958 1296; x_wconf 86' lang='lat' dir='ltr'><strong>et</strong></span> <span class='ocrx_word' id='word_1_397' title='bbox 1983 1241 2066 1297; x_wconf 88' lang='lat' dir='ltr'><strong>his</strong></span> <span class='ocrx_word' id='word_1_398' title='bbox 2094 1240 2293 1297; x_wconf 75' lang='lat' dir='ltr'><strong>similia</strong></span> <span class='ocrx_word' id='word_1_399' title='bbox 2344 1249 2549 1297; x_wconf 90' lang='lat' dir='ltr'><strong>motum</strong></span> <span class='ocrx_word' id='word_1_400' title='bbox 2587 1241 2942 1313; x_wconf 84' lang='lat' dir='ltr'><strong>exprimimus</strong></span> <span class='ocrx_word' id='word_1_401' title='bbox 2975 1256 2990 1295; x_wconf 89' lang='lat'><strong>:</strong></span> <span class='ocrx_word' id='word_1_402' title='bbox 3019 1247 3077 1296; x_wconf 89' lang='lat' dir='ltr'><strong>et</strong></span> <span class='ocrx_word' id='word_1_403' title='bbox 3102 1244 3226 1296; x_wconf 82' lang='lat' dir='ltr'><strong>cum</strong></span> <span class='ocrx_word' id='word_1_404' title='bbox 3255 1239 3484 1296; x_wconf 86' lang='lat' dir='ltr'><strong>dicimus</strong></span> <span class='ocrx_word' id='word_1_405' title='bbox 3582 1261 3595 1270; x_wconf 85' lang='lat'><strong>-</strong></span> 
     </span>
    </p>
   </div>
   <div class='ocr_carea' id='block_1_56' title="bbox 1901 1333 3484 1406">
    <p class='ocr_par' dir='ltr' id='par_1_56' title="bbox 1901 1333 3484 1406">
     <span class='ocr_line' id='line_1_56' title="bbox 1901 1333 3484 1406; baseline -0.001 -19"><span class='ocrx_word' id='word_1_406' title='bbox 1901 1346 2090 1400; x_wconf 88' lang='lat' dir='ltr'><strong>unum,</strong></span> <span class='ocrx_word' id='word_1_407' title='bbox 2122 1334 2248 1400; x_wconf 78' lang='lat' dir='ltr'><strong>duo,</strong></span> <span class='ocrx_word' id='word_1_408' title='bbox 2286 1333 2410 1401; x_wconf 86' lang='lat' dir='ltr'><strong>tria,</strong></span> <span class='ocrx_word' id='word_1_409' title='bbox 2458 1342 2710 1406; x_wconf 84' lang='lat' dir='ltr'><strong>quatuor,</strong></span> <span class='ocrx_word' id='word_1_410' title='bbox 2751 1342 2807 1390; x_wconf 92' lang='lat' dir='ltr'><strong>et</strong></span> <span class='ocrx_word' id='word_1_411' title='bbox 2846 1341 3065 1400; x_wconf 65' lang='lat' dir='ltr'><strong>cratera,</strong></span> <span class='ocrx_word' id='word_1_412' title='bbox 3118 1347 3226 1389; x_wconf 91' lang='lat' dir='ltr'><strong>non</strong></span> <span class='ocrx_word' id='word_1_413' title='bbox 3276 1336 3484 1387; x_wconf 88' lang='lat' dir='ltr'><strong>motum</strong></span> 
     </span>
    </p>
   </div>
   <div class='ocr_carea' id='block_1_57' title="bbox 1902 1409 3485 1497">
    <p class='ocr_par' dir='ltr' id='par_1_57' title="bbox 1902 1409 3485 1497">
     <span class='ocr_line' id='line_1_57' title="bbox 1902 1409 3485 1497; baseline -0.001 -18"><span class='ocrx_word' id='word_1_414' title='bbox 1902 1409 2279 1494; x_wconf 82' lang='lat' dir='ltr'><strong>exprimimus,</strong></span> <span class='ocrx_word' id='word_1_415' title='bbox 2304 1425 2399 1481; x_wconf 87' lang='lat' dir='ltr'><strong>sed</strong></span> <span class='ocrx_word' id='word_1_416' title='bbox 2439 1427 2760 1497; x_wconf 86' lang='lat' dir='ltr'><strong>repetitione</strong></span> <span class='ocrx_word' id='word_1_417' title='bbox 2800 1426 3074 1482; x_wconf 75' lang='lat' dir='ltr'><strong>unitatem</strong></span> <span class='ocrx_word' id='word_1_418' title='bbox 3112 1423 3485 1497; x_wconf 75' lang='lat' dir='ltr'><strong>pluralitatem</strong></span> 
     </span>
    </p>
   </div>
   <div class='ocr_carea' id='block_1_58' title="bbox 1901 1516 3483 1589">
    <p class='ocr_par' dir='ltr' id='par_1_58' title="bbox 1901 1516 3483 1589">
     <span class='ocr_line' id='line_1_58' title="bbox 1901 1516 3483 1589; baseline 0 -19"><span class='ocrx_word' id='word_1_419' title='bbox 1901 1516 2256 1572; x_wconf 91' lang='lat' dir='ltr'><strong>ostendimus.</strong></span> <span class='ocrx_word' id='word_1_420' title='bbox 2290 1517 2360 1573; x_wconf 86' lang='lat' dir='ltr'><strong>Et</strong></span> <span class='ocrx_word' id='word_1_421' title='bbox 2385 1533 2412 1572; x_wconf 90' lang='lat' dir='ltr'><strong>a</strong></span> <span class='ocrx_word' id='word_1_422' title='bbox 2448 1524 2532 1573; x_wconf 90' lang='lat' dir='ltr'><strong>ter</strong></span> <span class='ocrx_word' id='word_1_423' title='bbox 2562 1516 2949 1574; x_wconf 82' lang='lat' dir='ltr'><strong>adverbialiter</strong></span> <span class='ocrx_word' id='word_1_424' title='bbox 2985 1516 3258 1589; x_wconf 87' lang='lat' dir='ltr'><strong>prolatum</strong></span> <span class='ocrx_word' id='word_1_425' title='bbox 3305 1525 3483 1582; x_wconf 89' lang='lat' dir='ltr'><strong>terna,</strong></span> 
     </span>
    </p>
   </div>
   <div class='ocr_carea' id='block_1_59' title="bbox 1902 1610 3485 1682">
    <p class='ocr_par' dir='ltr' id='par_1_59' title="bbox 1902 1610 3485 1682">
     <span class='ocr_line' id='line_1_59' title="bbox 1902 1610 3485 1682; baseline -0.001 -17"><span class='ocrx_word' id='word_1_426' title='bbox 1902 1620 1959 1665; x_wconf 90' lang='lat' dir='ltr'><strong>et</strong></span> <span class='ocrx_word' id='word_1_427' title='bbox 2007 1617 2200 1665; x_wconf 66' lang='lat' dir='ltr'><strong>caetera</strong></span> <span class='ocrx_word' id='word_1_428' title='bbox 2259 1610 2312 1665; x_wconf 92' lang='lat' dir='ltr'><strong>in</strong></span> <span class='ocrx_word' id='word_1_429' title='bbox 2365 1612 2511 1667; x_wconf 90' lang='lat' dir='ltr'><strong>hunc</strong></span> <span class='ocrx_word' id='word_1_430' title='bbox 2561 1612 2805 1680; x_wconf 90' lang='lat' dir='ltr'><strong>modum,</strong></span> <span class='ocrx_word' id='word_1_431' title='bbox 2831 1619 2947 1667; x_wconf 88' lang='lat' dir='ltr'><strong>uta</strong></span> <span class='ocrx_word' id='word_1_432' title='bbox 2978 1619 3176 1682; x_wconf 86' lang='lat' dir='ltr'><strong>quater</strong></span> <span class='ocrx_word' id='word_1_433' title='bbox 3219 1616 3485 1681; x_wconf 87' lang='lat' dir='ltr'><strong>quaterna</strong></span> 
     </span>
    </p>
   </div>
   <div class='ocr_carea' id='block_1_60' title="bbox 1903 1703 3486 1777">
    <p class='ocr_par' dir='ltr' id='par_1_60' title="bbox 1903 1703 3486 1777">
     <span class='ocr_line' id='line_1_60' title="bbox 1903 1703 3486 1777; baseline -0.001 -18"><span class='ocrx_word' id='word_1_434' title='bbox 1903 1703 2157 1759; x_wconf 90' lang='lat' dir='ltr'><strong>dicuntur</strong></span> <span class='ocrx_word' id='word_1_435' title='bbox 2187 1717 2202 1758; x_wconf 91' lang='lat'><strong>:</strong></span> <span class='ocrx_word' id='word_1_436' title='bbox 2238 1718 2269 1758; x_wconf 92' lang='lat' dir='ltr'><strong>a</strong></span> <span class='ocrx_word' id='word_1_437' title='bbox 2299 1718 2527 1760; x_wconf 89' lang='lat' dir='ltr'><strong>numero</strong></span> <span class='ocrx_word' id='word_1_438' title='bbox 2566 1712 2769 1771; x_wconf 89' lang='lat' dir='ltr'><strong>autem,</strong></span> <span class='ocrx_word' id='word_1_439' title='bbox 2817 1718 2926 1777; x_wconf 87' lang='lat' dir='ltr'><strong>quo</strong></span> <span class='ocrx_word' id='word_1_440' title='bbox 2978 1717 3329 1759; x_wconf 89' lang='lat' dir='ltr'><strong>numeramus</strong></span> <span class='ocrx_word' id='word_1_441' title='bbox 3357 1716 3486 1759; x_wconf 90' lang='lat' dir='ltr'><strong>cum</strong></span> 
     </span>
    </p>
   </div>
   <div class='ocr_carea' id='block_1_61' title="bbox 1902 1793 3486 1869">
    <p class='ocr_par' dir='ltr' id='par_1_61' title="bbox 1902 1793 3486 1869">
     <span class='ocr_line' id='line_1_61' title="bbox 1902 1793 3486 1869; baseline 0.003 -22"><span class='ocrx_word' id='word_1_442' title='bbox 1902 1793 2133 1849; x_wconf 91' lang='lat' dir='ltr'><strong>dicimus</strong></span> <span class='ocrx_word' id='word_1_443' title='bbox 2165 1803 2275 1850; x_wconf 87' lang='lat' dir='ltr'><strong>tres</strong></span> <span class='ocrx_word' id='word_1_444' title='bbox 2300 1794 2386 1850; x_wconf 89' lang='lat' dir='ltr'><strong>vel</strong></span> <span class='ocrx_word' id='word_1_445' title='bbox 2409 1795 2532 1857; x_wconf 84' lang='lat' dir='ltr'><strong>tria,</strong></span> <span class='ocrx_word' id='word_1_446' title='bbox 2562 1795 2736 1850; x_wconf 89' lang='lat' dir='ltr'><strong>trinus</strong></span> <span class='ocrx_word' id='word_1_447' title='bbox 2759 1794 2976 1851; x_wconf 89' lang='lat' dir='ltr'><strong>dicitur.</strong></span> <span class='ocrx_word' id='word_1_448' title='bbox 3011 1794 3163 1852; x_wconf 90' lang='lat' dir='ltr'><strong>Unde</strong></span> <span class='ocrx_word' id='word_1_449' title='bbox 3204 1796 3259 1851; x_wconf 93' lang='lat' dir='ltr'><strong>in</strong></span> <span class='ocrx_word' id='word_1_450' title='bbox 3296 1811 3486 1869; x_wconf 87' lang='lat' dir='ltr'><strong>perso-</strong></span> 
     </span>
    </p>
   </div>
   <div class='ocr_carea' id='block_1_62' title="bbox 1899 1887 3486 1958">
    <p class='ocr_par' dir='ltr' id='par_1_62' title="bbox 1899 1887 3486 1958">
     <span class='ocr_line' id='line_1_62' title="bbox 1899 1887 3486 1958; baseline 0.004 -17"><span class='ocrx_word' id='word_1_451' title='bbox 1899 1888 1984 1942; x_wconf 89' lang='lat' dir='ltr'><strong>nis</strong></span> <span class='ocrx_word' id='word_1_452' title='bbox 2014 1887 2212 1942; x_wconf 89' lang='lat' dir='ltr'><strong>dicitur</strong></span> <span class='ocrx_word' id='word_1_453' title='bbox 2240 1887 2382 1943; x_wconf 88' lang='lat' dir='ltr'><strong>Deus</strong></span> <span class='ocrx_word' id='word_1_454' title='bbox 2414 1889 2609 1954; x_wconf 89' lang='lat' dir='ltr'><strong>trinus,</strong></span> <span class='ocrx_word' id='word_1_455' title='bbox 2638 1891 2729 1958; x_wconf 90' lang='lat' dir='ltr'><strong>qui</strong></span> <span class='ocrx_word' id='word_1_456' title='bbox 2764 1888 2818 1944; x_wconf 94' lang='lat' dir='ltr'><strong>in</strong></span> <span class='ocrx_word' id='word_1_457' title='bbox 2842 1889 3044 1947; x_wconf 87' lang='lat' dir='ltr'><strong>deitate</strong></span> <span class='ocrx_word' id='word_1_458' title='bbox 3069 1898 3152 1946; x_wconf 89' lang='lat' dir='ltr'><strong>est</strong></span> <span class='ocrx_word' id='word_1_459' title='bbox 3189 1904 3349 1947; x_wconf 91' lang='lat' dir='ltr'><strong>unus.</strong></span> <span class='ocrx_word' id='word_1_460' title='bbox 3375 1888 3486 1947; x_wconf 91' lang='lat' dir='ltr'><strong>Sed</strong></span> 
     </span>
    </p>
   </div>
   <div class='ocr_carea' id='block_1_63' title="bbox 1898 1979 3482 2054">
    <p class='ocr_par' dir='ltr' id='par_1_63' title="bbox 1898 1979 3482 2054">
     <span class='ocr_line' id='line_1_63' title="bbox 1898 1979 3482 2054; baseline 0 -17"><span class='ocrx_word' id='word_1_461' title='bbox 1898 1988 1953 2037; x_wconf 92' lang='lat' dir='ltr'><strong>et</strong></span> <span class='ocrx_word' id='word_1_462' title='bbox 2001 1979 2164 2054; x_wconf 59' lang='grc' dir='ltr'><strong>ὅθι</strong></span> <span class='ocrx_word' id='word_1_463' title='bbox 2205 1982 2272 2037; x_wconf 89' lang='lat' dir='ltr'><strong>ab</strong></span> <span class='ocrx_word' id='word_1_464' title='bbox 2306 1982 2493 2037; x_wconf 89' lang='lat' dir='ltr'><strong>eodem</strong></span> <span class='ocrx_word' id='word_1_465' title='bbox 2548 1998 2796 2050; x_wconf 90' lang='lat' dir='ltr'><strong>numero,</strong></span> <span class='ocrx_word' id='word_1_466' title='bbox 2853 1984 2996 2039; x_wconf 92' lang='lat' dir='ltr'><strong>unde</strong></span> <span class='ocrx_word' id='word_1_467' title='bbox 3036 1984 3212 2039; x_wconf 87' lang='lat' dir='ltr'><strong>trinus</strong></span> <span class='ocrx_word' id='word_1_468' title='bbox 3257 1983 3482 2051; x_wconf 88' lang='lat' dir='ltr'><strong>dicitur,</strong></span> 
     </span>
    </p>
   </div>
   <div class='ocr_carea' id='block_1_64' title="bbox 1897 2074 3482 2150">
    <p class='ocr_par' dir='ltr' id='par_1_64' title="bbox 1897 2074 3482 2150">
     <span class='ocr_line' id='line_1_64' title="bbox 1897 2074 3482 2150; baseline 0.003 -20"><span class='ocrx_word' id='word_1_469' title='bbox 1897 2074 2064 2130; x_wconf 87' lang='lat' dir='ltr'><strong>etiam</strong></span> <span class='ocrx_word' id='word_1_470' title='bbox 2126 2075 2267 2130; x_wconf 89' lang='lat' dir='ltr'><strong>trina</strong></span> <span class='ocrx_word' id='word_1_471' title='bbox 2317 2074 2639 2142; x_wconf 87' lang='lat' dir='ltr'><strong>deducitur,</strong></span> <span class='ocrx_word' id='word_1_472' title='bbox 2693 2092 2761 2134; x_wconf 83' lang='lat' dir='ltr'><strong>ex</strong></span> <span class='ocrx_word' id='word_1_473' title='bbox 2824 2077 3095 2134; x_wconf 87' lang='lat' dir='ltr'><strong>unitatum</strong></span> <span class='ocrx_word' id='word_1_474' title='bbox 3138 2079 3482 2150; x_wconf 89' lang='lat' dir='ltr'><strong>repetitione,</strong></span> 
     </span>
    </p>
   </div>
   <div class='ocr_carea' id='block_1_65' title="bbox 1899 2168 3485 2244">
    <p class='ocr_par' dir='ltr' id='par_1_65' title="bbox 1899 2168 3485 2244">
     <span class='ocr_line' id='line_1_65' title="bbox 1899 2168 3485 2244; baseline 0.005 -21"><span class='ocrx_word' id='word_1_475' title='bbox 1899 2168 2039 2223; x_wconf 90' lang='lat' dir='ltr'><strong>sicut</strong></span> <span class='ocrx_word' id='word_1_476' title='bbox 2070 2176 2124 2224; x_wconf 87' lang='lat' dir='ltr'><strong>et</strong></span> <span class='ocrx_word' id='word_1_477' title='bbox 2147 2169 2342 2236; x_wconf 89' lang='lat' dir='ltr'><strong>trinus,</strong></span> <span class='ocrx_word' id='word_1_478' title='bbox 2376 2169 2685 2241; x_wconf 78' lang='lat' dir='ltr'><strong>exprimens</strong></span> <span class='ocrx_word' id='word_1_479' title='bbox 2711 2170 3079 2242; x_wconf 89' lang='lat' dir='ltr'><strong>pluralitatem</strong></span> <span class='ocrx_word' id='word_1_480' title='bbox 3110 2172 3271 2244; x_wconf 87' lang='lat' dir='ltr'><strong>quam</strong></span> <span class='ocrx_word' id='word_1_481' title='bbox 3303 2174 3485 2231; x_wconf 86' lang='lat' dir='ltr'><strong>unitas</strong></span> 
     </span>
    </p>
   </div>
   <div class='ocr_carea' id='block_1_66' title="bbox 1898 2261 3483 2336">
    <p class='ocr_par' dir='ltr' id='par_1_66' title="bbox 1898 2261 3483 2336">
     <span class='ocr_line' id='line_1_66' title="bbox 1898 2261 3483 2336; baseline 0.004 -19"><span class='ocrx_word' id='word_1_482' title='bbox 1898 2261 2117 2317; x_wconf 88' lang='lat' dir='ltr'><strong>deitatis</strong></span> <span class='ocrx_word' id='word_1_483' title='bbox 2144 2276 2250 2318; x_wconf 91' lang='lat' dir='ltr'><strong>non</strong></span> <span class='ocrx_word' id='word_1_484' title='bbox 2300 2261 2512 2333; x_wconf 87' lang='lat' dir='ltr'><strong>recipit.</strong></span> <span class='ocrx_word' id='word_1_485' title='bbox 2551 2261 2748 2318; x_wconf 81' lang='lat' dir='ltr'><strong>Verum</strong></span> <span class='ocrx_word' id='word_1_486' title='bbox 2806 2274 2862 2319; x_wconf 91' lang='lat' dir='ltr'><strong>et</strong></span> <span class='ocrx_word' id='word_1_487' title='bbox 2904 2266 3033 2336; x_wconf 87' lang='lat' dir='ltr'><strong>quia</strong></span> <span class='ocrx_word' id='word_1_488' title='bbox 3070 2272 3183 2322; x_wconf 89' lang='lat' dir='ltr'><strong>tres</strong></span> <span class='ocrx_word' id='word_1_489' title='bbox 3226 2267 3312 2323; x_wconf 90' lang='lat' dir='ltr'><strong>vel</strong></span> <span class='ocrx_word' id='word_1_490' title='bbox 3357 2266 3483 2335; x_wconf 87' lang='lat' dir='ltr'><strong>tria,</strong></span> 
     </span>
    </p>
   </div>
   <div class='ocr_carea' id='block_1_67' title="bbox 1896 2356 3481 2431">
    <p class='ocr_par' dir='ltr' id='par_1_67' title="bbox 1896 2356 3481 2431">
     <span class='ocr_line' id='line_1_67' title="bbox 1896 2356 3481 2431; baseline 0.004 -20"><span class='ocrx_word' id='word_1_491' title='bbox 1896 2357 2106 2426; x_wconf 90' lang='lat' dir='ltr'><strong>primus</strong></span> <span class='ocrx_word' id='word_1_492' title='bbox 2164 2356 2371 2412; x_wconf 88' lang='lat' dir='ltr'><strong>scilicet</strong></span> <span class='ocrx_word' id='word_1_493' title='bbox 2426 2357 2601 2428; x_wconf 88' lang='lat' dir='ltr'><strong>impar</strong></span> <span class='ocrx_word' id='word_1_494' title='bbox 2662 2372 2955 2425; x_wconf 91' lang='lat' dir='ltr'><strong>numerus,</strong></span> <span class='ocrx_word' id='word_1_495' title='bbox 3007 2375 3117 2431; x_wconf 93' lang='lat' dir='ltr'><strong>quo</strong></span> <span class='ocrx_word' id='word_1_496' title='bbox 3168 2358 3385 2417; x_wconf 88' lang='lat' dir='ltr'><strong>trinitas</strong></span> <span class='ocrx_word' id='word_1_497' title='bbox 3415 2376 3481 2417; x_wconf 79' lang='lat' dir='ltr'><strong>ex</strong></span> 
     </span>
    </p>
   </div>
   <div class='ocr_carea' id='block_1_68' title="bbox 1899 2450 3482 2524">
    <p class='ocr_par' dir='ltr' id='par_1_68' title="bbox 1899 2450 3482 2524">
     <span class='ocr_line' id='line_1_68' title="bbox 1899 2450 3482 2524; baseline 0.002 -19"><span class='ocrx_word' id='word_1_498' title='bbox 1899 2451 2131 2506; x_wconf 88' lang='lat' dir='ltr'><strong>monade</strong></span> <span class='ocrx_word' id='word_1_499' title='bbox 2179 2461 2234 2506; x_wconf 89' lang='lat' dir='ltr'><strong>et</strong></span> <span class='ocrx_word' id='word_1_500' title='bbox 2278 2450 2455 2522; x_wconf 91' lang='lat' dir='ltr'><strong>primo</strong></span> <span class='ocrx_word' id='word_1_501' title='bbox 2504 2453 2618 2522; x_wconf 87' lang='lat' dir='ltr'><strong>pari</strong></span> <span class='ocrx_word' id='word_1_502' title='bbox 2665 2467 2894 2507; x_wconf 90' lang='lat' dir='ltr'><strong>numero</strong></span> <span class='ocrx_word' id='word_1_503' title='bbox 2938 2459 3175 2518; x_wconf 88' lang='lat' dir='ltr'><strong>constat,</strong></span> <span class='ocrx_word' id='word_1_504' title='bbox 3210 2452 3482 2524; x_wconf 86' lang='lat' dir='ltr'><strong>signatur,</strong></span> 
     </span>
    </p>
   </div>
   <div class='ocr_carea' id='block_1_69' title="bbox 1897 2542 3483 2616">
    <p class='ocr_par' dir='ltr' id='par_1_69' title="bbox 1897 2542 3483 2616">
     <span class='ocr_line' id='line_1_69' title="bbox 1897 2542 3483 2616; baseline 0.001 -19"><span class='ocrx_word' id='word_1_505' title='bbox 1897 2544 2023 2614; x_wconf 73' lang='lat' dir='ltr'><strong>Quia</strong></span> <span class='ocrx_word' id='word_1_506' title='bbox 2058 2544 2305 2615; x_wconf 87' lang='lat' dir='ltr'><strong>quisquis</strong></span> <span class='ocrx_word' id='word_1_507' title='bbox 2345 2543 2431 2599; x_wconf 90' lang='lat' dir='ltr'><strong>hic</strong></span> <span class='ocrx_word' id='word_1_508' title='bbox 2477 2542 2824 2600; x_wconf 89' lang='lat' dir='ltr'><strong>dilectionem</strong></span> <span class='ocrx_word' id='word_1_509' title='bbox 2868 2543 2964 2600; x_wconf 84' lang='lat' dir='ltr'><strong>Dei</strong></span> <span class='ocrx_word' id='word_1_510' title='bbox 2994 2552 3051 2600; x_wconf 90' lang='lat' dir='ltr'><strong>et</strong></span> <span class='ocrx_word' id='word_1_511' title='bbox 3087 2542 3321 2616; x_wconf 82' lang='lat' dir='ltr'><strong>proximi</strong></span> <span class='ocrx_word' id='word_1_512' title='bbox 3369 2559 3483 2599; x_wconf 89' lang='lat' dir='ltr'><strong>ser-</strong></span> 
     </span>
    </p>
   </div>
   <div class='ocr_carea' id='block_1_70' title="bbox 1897 2634 3488 2708">
    <p class='ocr_par' dir='ltr' id='par_1_70' title="bbox 1897 2634 3488 2708">
     <span class='ocr_line' id='line_1_70' title="bbox 1897 2634 3488 2708; baseline 0.001 -18"><span class='ocrx_word' id='word_1_513' title='bbox 1897 2648 2026 2692; x_wconf 91' lang='lat' dir='ltr'><strong>vare</strong></span> <span class='ocrx_word' id='word_1_514' title='bbox 2052 2636 2342 2700; x_wconf 88' lang='lat' dir='ltr'><strong>studuerit,</strong></span> <span class='ocrx_word' id='word_1_515' title='bbox 2374 2636 2487 2705; x_wconf 86' lang='lat' dir='ltr'><strong>ipse</strong></span> <span class='ocrx_word' id='word_1_516' title='bbox 2536 2637 2600 2691; x_wconf 90' lang='lat' dir='ltr'><strong>ad</strong></span> <span class='ocrx_word' id='word_1_517' title='bbox 2631 2645 2889 2691; x_wconf 65' lang='lat' dir='ltr'><strong>mternam</strong></span> <span class='ocrx_word' id='word_1_518' title='bbox 2921 2634 3085 2691; x_wconf 90' lang='lat' dir='ltr'><strong>vitam</strong></span> <span class='ocrx_word' id='word_1_519' title='bbox 3111 2636 3400 2708; x_wconf 85' lang='lat' dir='ltr'><strong>pertinget,</strong></span> <span class='ocrx_word' id='word_1_520' title='bbox 3429 2642 3488 2691; x_wconf 90' lang='lat' dir='ltr'><strong>et</strong></span> 
     </span>
    </p>
   </div>
   <div class='ocr_carea' id='block_1_71' title="bbox 1897 2724 3483 2799">
    <p class='ocr_par' dir='ltr' id='par_1_71' title="bbox 1897 2724 3483 2799">
     <span class='ocr_line' id='line_1_71' title="bbox 1897 2724 3483 2799; baseline -0.001 -17"><span class='ocrx_word' id='word_1_521' title='bbox 1897 2728 2079 2782; x_wconf 91' lang='lat' dir='ltr'><strong>omnis</strong></span> <span class='ocrx_word' id='word_1_522' title='bbox 2122 2736 2308 2782; x_wconf 86' lang='lat' dir='ltr'><strong>nostra</strong></span> <span class='ocrx_word' id='word_1_523' title='bbox 2336 2726 2597 2796; x_wconf 85' lang='lat' dir='ltr'><strong>perfectio</strong></span> <span class='ocrx_word' id='word_1_524' title='bbox 2628 2726 2856 2783; x_wconf 81' lang='lat' dir='ltr'><strong>in~i|lius</strong></span> <span class='ocrx_word' id='word_1_525' title='bbox 2892 2728 3056 2782; x_wconf 85' lang='lat' dir='ltr'><strong>unius</strong></span> <span class='ocrx_word' id='word_1_526' title='bbox 3087 2726 3201 2782; x_wconf 89' lang='lat' dir='ltr'><strong>veri</strong></span> <span class='ocrx_word' id='word_1_527' title='bbox 3231 2724 3349 2794; x_wconf 88' lang='lat' dir='ltr'><strong>Dei,</strong></span> <span class='ocrx_word' id='word_1_528' title='bbox 3389 2724 3483 2799; x_wconf 87' lang='lat' dir='ltr'><strong>qui</strong></span> 
     </span>
    </p>
   </div>
   <div class='ocr_carea' id='block_1_72' title="bbox 1897 2816 3484 2892">
    <p class='ocr_par' dir='ltr' id='par_1_72' title="bbox 1897 2816 3484 2892">
     <span class='ocr_line' id='line_1_72' title="bbox 1897 2816 3484 2892; baseline -0.001 -15"><span class='ocrx_word' id='word_1_529' title='bbox 1897 2830 1982 2877; x_wconf 87' lang='lat' dir='ltr'><strong>est</strong></span> <span class='ocrx_word' id='word_1_530' title='bbox 2016 2830 2204 2877; x_wconf 88' lang='lat' dir='ltr'><strong>sancta</strong></span> <span class='ocrx_word' id='word_1_531' title='bbox 2249 2821 2513 2887; x_wconf 83' lang='lat' dir='ltr'><strong>Trinitas,</strong></span> <span class='ocrx_word' id='word_1_532' title='bbox 2560 2821 3016 2892; x_wconf 91' lang='lat' dir='ltr'><strong>contemplatione</strong></span> <span class='ocrx_word' id='word_1_533' title='bbox 3064 2821 3189 2888; x_wconf 90' lang='lat' dir='ltr'><strong>erit,</strong></span> <span class='ocrx_word' id='word_1_534' title='bbox 3236 2818 3289 2875; x_wconf 92' lang='lat' dir='ltr'><strong>in</strong></span> <span class='ocrx_word' id='word_1_535' title='bbox 3328 2816 3484 2888; x_wconf 85' lang='lat' dir='ltr'><strong>cujus</strong></span> 
     </span>
    </p>
   </div>
   <div class='ocr_carea' id='block_1_73' title="bbox 1897 2911 3482 2989">
    <p class='ocr_par' dir='ltr' id='par_1_73' title="bbox 1897 2911 3482 2989">
     <span class='ocr_line' id='line_1_73' title="bbox 1897 2911 3482 2989; baseline -0.003 -20"><span class='ocrx_word' id='word_1_536' title='bbox 1897 2914 2055 2970; x_wconf 89' lang='lat' dir='ltr'><strong>nobis</strong></span> <span class='ocrx_word' id='word_1_537' title='bbox 2077 2914 2281 2970; x_wconf 88' lang='lat' dir='ltr'><strong>visione</strong></span> <span class='ocrx_word' id='word_1_538' title='bbox 2296 2913 2409 2984; x_wconf 87' lang='lat' dir='ltr'><strong>jam</strong></span> <span class='ocrx_word' id='word_1_539' title='bbox 2438 2915 2618 2970; x_wconf 91' lang='lat' dir='ltr'><strong>minus</strong></span> <span class='ocrx_word' id='word_1_540' title='bbox 2643 2913 2845 2985; x_wconf 89' lang='lat' dir='ltr'><strong>aliquid</strong></span> <span class='ocrx_word' id='word_1_541' title='bbox 2867 2913 3057 2969; x_wconf 90' lang='lat' dir='ltr'><strong>salutis</strong></span> <span class='ocrx_word' id='word_1_542' title='bbox 3083 2920 3138 2968; x_wconf 93' lang='lat' dir='ltr'><strong>et</strong></span> <span class='ocrx_word' id='word_1_543' title='bbox 3168 2911 3350 2989; x_wconf 74' lang='lat' dir='ltr'><strong>gaudii</strong></span> <span class='ocrx_word' id='word_1_544' title='bbox 3374 2926 3482 2967; x_wconf 90' lang='lat' dir='ltr'><strong>non</strong></span> 
     </span>
    </p>
   </div>
   <div class='ocr_carea' id='block_1_74' title="bbox 1896 3002 3483 3078">
    <p class='ocr_par' dir='ltr' id='par_1_74' title="bbox 1896 3002 3483 3078">
     <span class='ocr_line' id='line_1_74' title="bbox 1896 3002 3483 3078; baseline -0.003 -17"><span class='ocrx_word' id='word_1_545' title='bbox 1896 3009 2019 3062; x_wconf 90' lang='lat' dir='ltr'><strong>erit.</strong></span> <span class='ocrx_word' id='word_1_546' title='bbox 2051 3007 2120 3062; x_wconf 88' lang='lat' dir='ltr'><strong>Et</strong></span> <span class='ocrx_word' id='word_1_547' title='bbox 2168 3006 2242 3062; x_wconf 85' lang='lat' dir='ltr'><strong>ita</strong></span> <span class='ocrx_word' id='word_1_548' title='bbox 2272 3023 2339 3063; x_wconf 78' lang='lat' dir='ltr'><strong>ex</strong></span> <span class='ocrx_word' id='word_1_549' title='bbox 2372 3008 2476 3063; x_wconf 89' lang='lat' dir='ltr'><strong>hoc</strong></span> <span class='ocrx_word' id='word_1_550' title='bbox 2523 3022 2751 3062; x_wconf 89' lang='lat' dir='ltr'><strong>numero</strong></span> <span class='ocrx_word' id='word_1_551' title='bbox 2780 3005 3028 3078; x_wconf 83' lang='lat' dir='ltr'><strong>quaedam</strong></span> <span class='ocrx_word' id='word_1_552' title='bbox 3078 3002 3271 3060; x_wconf 89' lang='lat' dir='ltr'><strong>divisio</strong></span> <span class='ocrx_word' id='word_1_553' title='bbox 3320 3004 3376 3058; x_wconf 92' lang='lat' dir='ltr'><strong>in</strong></span> <span class='ocrx_word' id='word_1_554' title='bbox 3417 3017 3483 3058; x_wconf 91' lang='lat' dir='ltr'><strong>eo</strong></span> 
     </span>
    </p>
   </div>
   <div class='ocr_carea' id='block_1_75' title="bbox 1896 3094 3482 3169">
    <p class='ocr_par' dir='ltr' id='par_1_75' title="bbox 1896 3094 3482 3169">
     <span class='ocr_line' id='line_1_75' title="bbox 1896 3094 3482 3169; baseline -0.004 -16"><span class='ocrx_word' id='word_1_555' title='bbox 1896 3097 2040 3169; x_wconf 89' lang='lat' dir='ltr'><strong>quod</strong></span> <span class='ocrx_word' id='word_1_556' title='bbox 2065 3094 2265 3153; x_wconf 90' lang='lat' dir='ltr'><strong>dicitur</strong></span> <span class='ocrx_word' id='word_1_557' title='bbox 2290 3098 2454 3165; x_wconf 89' lang='lat' dir='ltr'><strong>trina,</strong></span> <span class='ocrx_word' id='word_1_558' title='bbox 2484 3098 2707 3153; x_wconf 87' lang='lat' dir='ltr'><strong>veniens</strong></span> <span class='ocrx_word' id='word_1_559' title='bbox 2736 3112 2766 3151; x_wconf 89' lang='lat' dir='ltr'><strong>a</strong></span> <span class='ocrx_word' id='word_1_560' title='bbox 2792 3110 3021 3151; x_wconf 90' lang='lat' dir='ltr'><strong>numero</strong></span> <span class='ocrx_word' id='word_1_561' title='bbox 3048 3104 3157 3165; x_wconf 87' lang='lat' dir='ltr'><strong>quo</strong></span> <span class='ocrx_word' id='word_1_562' title='bbox 3190 3107 3482 3148; x_wconf 88' lang='lat' dir='ltr'><strong>numeran-</strong></span> 
     </span>
    </p>
   </div>
   <div class='ocr_carea' id='block_1_76' title="bbox 1898 3183 3482 3258">
    <p class='ocr_par' dir='ltr' id='par_1_76' title="bbox 1898 3183 3482 3258">
     <span class='ocr_line' id='line_1_76' title="bbox 1898 3183 3482 3258; baseline -0.006 -12"><span class='ocrx_word' id='word_1_563' title='bbox 1898 3200 1989 3246; x_wconf 89' lang='lat' dir='ltr'><strong>tur</strong></span> <span class='ocrx_word' id='word_1_564' title='bbox 2017 3199 2126 3247; x_wconf 91' lang='lat' dir='ltr'><strong>tres</strong></span> <span class='ocrx_word' id='word_1_565' title='bbox 2150 3188 2235 3246; x_wconf 89' lang='lat' dir='ltr'><strong>vel</strong></span> <span class='ocrx_word' id='word_1_566' title='bbox 2264 3189 2387 3253; x_wconf 89' lang='lat' dir='ltr'><strong>tria,</strong></span> <span class='ocrx_word' id='word_1_567' title='bbox 2434 3197 2789 3253; x_wconf 88' lang='lat' dir='ltr'><strong>monstratur,</strong></span> <span class='ocrx_word' id='word_1_568' title='bbox 2837 3197 2894 3244; x_wconf 90' lang='lat' dir='ltr'><strong>et</strong></span> <span class='ocrx_word' id='word_1_569' title='bbox 2933 3199 3314 3258; x_wconf 87' lang='lat' dir='ltr'><strong>quamcunque</strong></span> <span class='ocrx_word' id='word_1_570' title='bbox 3342 3183 3482 3239; x_wconf 89' lang='lat' dir='ltr'><strong>divi-</strong></span> 
     </span>
    </p>
   </div>
   <div class='ocr_carea' id='block_1_77' title="bbox 1896 3272 3481 3354">
    <p class='ocr_par' dir='ltr' id='par_1_77' title="bbox 1896 3272 3481 3354">
     <span class='ocr_line' id='line_1_77' title="bbox 1896 3272 3481 3354; baseline -0.008 -14"><span class='ocrx_word' id='word_1_571' title='bbox 1896 3284 2102 3340; x_wconf 89' lang='lat' dir='ltr'><strong>sionem</strong></span> <span class='ocrx_word' id='word_1_572' title='bbox 2131 3282 2216 3339; x_wconf 90' lang='lat' dir='ltr'><strong>vel</strong></span> <span class='ocrx_word' id='word_1_573' title='bbox 2246 3280 2618 3354; x_wconf 89' lang='lat' dir='ltr'><strong>pluralitatem</strong></span> <span class='ocrx_word' id='word_1_574' title='bbox 2645 3279 2824 3336; x_wconf 90' lang='lat' dir='ltr'><strong>unitas</strong></span> <span class='ocrx_word' id='word_1_575' title='bbox 2850 3277 3091 3343; x_wconf 86' lang='lat' dir='ltr'><strong>deitatis,</strong></span> <span class='ocrx_word' id='word_1_576' title='bbox 3121 3283 3235 3331; x_wconf 82' lang='lat' dir='ltr'><strong>tuta</strong></span> <span class='ocrx_word' id='word_1_577' title='bbox 3269 3272 3323 3330; x_wconf 92' lang='lat' dir='ltr'><strong>in</strong></span> <span class='ocrx_word' id='word_1_578' title='bbox 3366 3273 3481 3329; x_wconf 90' lang='lat' dir='ltr'><strong>sin-</strong></span> 
     </span>
    </p>
   </div>
   <div class='ocr_carea' id='block_1_78' title="bbox 1896 3366 3481 3446">
    <p class='ocr_par' dir='ltr' id='par_1_78' title="bbox 1896 3366 3481 3446">
     <span class='ocr_line' id='line_1_78' title="bbox 1896 3366 3481 3446; baseline -0.006 -14"><span class='ocrx_word' id='word_1_579' title='bbox 1896 3377 2054 3446; x_wconf 87' lang='lat' dir='ltr'><strong>gulis,</strong></span> <span class='ocrx_word' id='word_1_580' title='bbox 2090 3380 2201 3434; x_wconf 86' lang='lat' dir='ltr'><strong>tota</strong></span> <span class='ocrx_word' id='word_1_581' title='bbox 2229 3376 2282 3432; x_wconf 90' lang='lat' dir='ltr'><strong>in</strong></span> <span class='ocrx_word' id='word_1_582' title='bbox 2326 3376 2501 3433; x_wconf 90' lang='lat' dir='ltr'><strong>tribus</strong></span> <span class='ocrx_word' id='word_1_583' title='bbox 2528 3373 2690 3431; x_wconf 91' lang='lat' dir='ltr'><strong>simul</strong></span> <span class='ocrx_word' id='word_1_584' title='bbox 2732 3382 2933 3429; x_wconf 63' lang='lat' dir='ltr'><strong>sanctae</strong></span> <span class='ocrx_word' id='word_1_585' title='bbox 2981 3370 3268 3427; x_wconf 86' lang='lat' dir='ltr'><strong>Trinitatis</strong></span> <span class='ocrx_word' id='word_1_586' title='bbox 3295 3366 3481 3424; x_wconf 89' lang='lat' dir='ltr'><strong>consi-</strong></span> 
     </span>
    </p>
   </div>
   <div class='ocr_carea' id='block_1_79' title="bbox 1895 3457 3483 3540">
    <p class='ocr_par' dir='ltr' id='par_1_79' title="bbox 1895 3457 3483 3540">
     <span class='ocr_line' id='line_1_79' title="bbox 1895 3457 3483 3540; baseline -0.008 -15"><span class='ocrx_word' id='word_1_587' title='bbox 1895 3479 2044 3525; x_wconf 84' lang='lat' dir='ltr'><strong>stens</strong></span> <span class='ocrx_word' id='word_1_588' title='bbox 2093 3468 2362 3540; x_wconf 90' lang='lat' dir='ltr'><strong>personis,</strong></span> <span class='ocrx_word' id='word_1_589' title='bbox 2406 3482 2511 3522; x_wconf 93' lang='lat' dir='ltr'><strong>non</strong></span> <span class='ocrx_word' id='word_1_590' title='bbox 2568 3465 2795 3538; x_wconf 89' lang='lat' dir='ltr'><strong>patitur.</strong></span> <span class='ocrx_word' id='word_1_591' title='bbox 2823 3460 3021 3536; x_wconf 87' lang='lat' dir='ltr'><strong>Liquet</strong></span> <span class='ocrx_word' id='word_1_592' title='bbox 3062 3463 3308 3532; x_wconf 84' lang='lat' dir='ltr'><strong>profecto</strong></span> <span class='ocrx_word' id='word_1_593' title='bbox 3352 3457 3483 3531; x_wconf 86' lang='lat' dir='ltr'><strong>quia</strong></span> 
     </span>
    </p>
   </div>
   <div class='ocr_carea' id='block_1_80' title="bbox 1895 3548 3484 3624">
    <p class='ocr_par' dir='ltr' id='par_1_80' title="bbox 1895 3548 3484 3624">
     <span class='ocr_line' id='line_1_80' title="bbox 1895 3548 3484 3624; baseline -0.009 -6"><span class='ocrx_word' id='word_1_594' title='bbox 1895 3563 2035 3619; x_wconf 89' lang='lat' dir='ltr'><strong>trina</strong></span> <span class='ocrx_word' id='word_1_595' title='bbox 2112 3560 2287 3618; x_wconf 87' lang='lat' dir='ltr'><strong>deitas</strong></span> <span class='ocrx_word' id='word_1_596' title='bbox 2340 3558 2607 3616; x_wconf 91' lang='lat' dir='ltr'><strong>catholice</strong></span> <span class='ocrx_word' id='word_1_597' title='bbox 2647 3557 2750 3614; x_wconf 90' lang='lat' dir='ltr'><strong>dici</strong></span> <span class='ocrx_word' id='word_1_598' title='bbox 2802 3570 2911 3612; x_wconf 90' lang='lat' dir='ltr'><strong>non</strong></span> <span class='ocrx_word' id='word_1_599' title='bbox 2962 3553 3123 3610; x_wconf 86' lang='lat' dir='ltr'><strong>valet.</strong></span> <span class='ocrx_word' id='word_1_600' title='bbox 3178 3548 3343 3624; x_wconf 78' lang='lat' dir='ltr'><strong>Legat</strong></span> <span class='ocrx_word' id='word_1_601' title='bbox 3388 3548 3484 3622; x_wconf 87' lang='lat' dir='ltr'><strong>qui</strong></span> 
     </span>
    </p>
   </div>
   <div class='ocr_carea' id='block_1_81' title="bbox 1893 3647 3485 3728">
    <p class='ocr_par' dir='ltr' id='par_1_81' title="bbox 1893 3647 3485 3728">
     <span class='ocr_line' id='line_1_81' title="bbox 1893 3647 3485 3728; baseline -0.008 -16"><span class='ocrx_word' id='word_1_602' title='bbox 1893 3659 2039 3714; x_wconf 92' lang='lat' dir='ltr'><strong>volet</strong></span> <span class='ocrx_word' id='word_1_603' title='bbox 2062 3656 2204 3728; x_wconf 90' lang='lat' dir='ltr'><strong>quod</strong></span> <span class='ocrx_word' id='word_1_604' title='bbox 2239 3655 2305 3711; x_wconf 87' lang='lat' dir='ltr'><strong>de</strong></span> <span class='ocrx_word' id='word_1_605' title='bbox 2332 3669 2559 3710; x_wconf 90' lang='lat' dir='ltr'><strong>numero</strong></span> <span class='ocrx_word' id='word_1_606' title='bbox 2600 3653 2836 3709; x_wconf 88' lang='lat' dir='ltr'><strong>dicimus</strong></span> <span class='ocrx_word' id='word_1_607' title='bbox 2859 3650 2913 3707; x_wconf 92' lang='lat' dir='ltr'><strong>in</strong></span> <span class='ocrx_word' id='word_1_608' title='bbox 2951 3658 3266 3707; x_wconf 88' lang='lat' dir='ltr'><strong>sanctorum</strong></span> <span class='ocrx_word' id='word_1_609' title='bbox 3304 3647 3485 3718; x_wconf 85' lang='lat' dir='ltr'><strong>Augu-</strong></span> 
     </span>
    </p>
   </div>
   <div class='ocr_carea' id='block_1_82' title="bbox 1891 3732 3482 3822">
    <p class='ocr_par' dir='ltr' id='par_1_82' title="bbox 1891 3732 3482 3822">
     <span class='ocr_line' id='line_1_82' title="bbox 1891 3732 3482 3822; baseline -0.008 -16"><span class='ocrx_word' id='word_1_610' title='bbox 1891 3751 2042 3817; x_wconf 90' lang='lat' dir='ltr'><strong>stini,</strong></span> <span class='ocrx_word' id='word_1_611' title='bbox 2070 3747 2338 3822; x_wconf 79' lang='lat' dir='ltr'><strong>Gregorii,</strong></span> <span class='ocrx_word' id='word_1_612' title='bbox 2363 3747 2554 3813; x_wconf 91' lang='lat' dir='ltr'><strong>Boetii,</strong></span> <span class='ocrx_word' id='word_1_613' title='bbox 2586 3756 2642 3801; x_wconf 91' lang='lat' dir='ltr'><strong>et</strong></span> <span class='ocrx_word' id='word_1_614' title='bbox 2674 3745 2830 3801; x_wconf 76' lang='lat' dir='ltr'><strong>Bedze</strong></span> <span class='ocrx_word' id='word_1_615' title='bbox 2860 3743 3042 3807; x_wconf 77' lang='lat' dir='ltr'><strong>dictis,</strong></span> <span class='ocrx_word' id='word_1_616' title='bbox 3081 3751 3137 3797; x_wconf 93' lang='lat' dir='ltr'><strong>et</strong></span> <span class='ocrx_word' id='word_1_617' title='bbox 3181 3732 3327 3813; x_wconf 85' lang='lat' dir='ltr'><strong>quod</strong></span> <span class='ocrx_word' id='word_1_618' title='bbox 3356 3754 3482 3795; x_wconf 88' lang='lat' dir='ltr'><strong>san-</strong></span> 
     </span>
    </p>
   </div>
   <div class='ocr_carea' id='block_1_83' title="bbox 1892 3826 3479 3916">
    <p class='ocr_par' dir='ltr' id='par_1_83' title="bbox 1892 3826 3479 3916">
     <span class='ocr_line' id='line_1_83' title="bbox 1892 3826 3479 3916; baseline -0.009 -16"><span class='ocrx_word' id='word_1_619' title='bbox 1892 3853 2012 3900; x_wconf 89' lang='lat' dir='ltr'><strong>ctus</strong></span> <span class='ocrx_word' id='word_1_620' title='bbox 2038 3842 2372 3916; x_wconf 82' lang='lat' dir='ltr'><strong>Augustinus</strong></span> <span class='ocrx_word' id='word_1_621' title='bbox 2421 3841 2474 3896; x_wconf 90' lang='lat' dir='ltr'><strong>in</strong></span> <span class='ocrx_word' id='word_1_622' title='bbox 2518 3854 2770 3896; x_wconf 90' lang='lat' dir='ltr'><strong>sermone</strong></span> <span class='ocrx_word' id='word_1_623' title='bbox 2807 3837 3085 3910; x_wconf 89' lang='lat' dir='ltr'><strong>trigesimo</strong></span> <span class='ocrx_word' id='word_1_624' title='bbox 3121 3844 3274 3892; x_wconf 80' lang='lat' dir='ltr'><strong>sexto</strong></span> <span class='ocrx_word' id='word_1_625' title='bbox 3299 3826 3479 3891; x_wconf 81' lang='lat' dir='ltr'><strong>Evan-</strong></span> 
     </span>
    </p>
   </div>
   <div class='ocr_carea' id='block_1_84' title="bbox 1894 3922 3485 4011">
    <p class='ocr_par' dir='ltr' id='par_1_84' title="bbox 1894 3922 3485 4011">
     <span class='ocr_line' id='line_1_84' title="bbox 1894 3922 3485 4011; baseline -0.008 -19"><span class='ocrx_word' id='word_1_626' title='bbox 1894 3935 2016 4011; x_wconf 86' lang='lat' dir='ltr'><strong>gelii</strong></span> <span class='ocrx_word' id='word_1_627' title='bbox 2046 3926 2271 3991; x_wconf 77' lang='lat' dir='ltr'><strong>Joannis</strong></span> <span class='ocrx_word' id='word_1_628' title='bbox 2293 3934 2425 3989; x_wconf 90' lang='lat' dir='ltr'><strong>dicit</strong></span> <span class='ocrx_word' id='word_1_629' title='bbox 2465 3932 2693 4003; x_wconf 85' lang='lat' dir='ltr'><strong>loquens</strong></span> <span class='ocrx_word' id='word_1_630' title='bbox 2720 3930 2787 3986; x_wconf 93' lang='lat' dir='ltr'><strong>de</strong></span> <span class='ocrx_word' id='word_1_631' title='bbox 2821 3930 3104 3985; x_wconf 84' lang='lat' dir='ltr'><strong>divinitate</strong></span> <span class='ocrx_word' id='word_1_632' title='bbox 3139 3947 3151 3982; x_wconf 93' lang='lat'><strong>:</strong></span> <span class='ocrx_word' id='word_1_633' title='bbox 3191 3948 3207 3979; x_wconf 73' lang='grc' dir='ltr'>ι</span> <span class='ocrx_word' id='word_1_634' title='bbox 3241 3922 3341 3983; x_wconf 85' lang='lat' dir='ltr'><strong>Est</strong></span> <span class='ocrx_word' id='word_1_635' title='bbox 3386 3923 3485 3992; x_wconf 81' lang='lat' dir='ltr'><strong>ibi,</strong></span> 
     </span>
    </p>
   </div>
   <div class='ocr_carea' id='block_1_85' title="bbox 1893 4019 3483 4102">
    <p class='ocr_par' dir='ltr' id='par_1_85' title="bbox 1893 4019 3483 4102">
     <span class='ocr_line' id='line_1_85' title="bbox 1893 4019 3483 4102; baseline -0.009 -15"><span class='ocrx_word' id='word_1_636' title='bbox 1893 4028 2089 4102; x_wconf 91' lang='lat' dir='ltr'><strong>inquit,</strong></span> <span class='ocrx_word' id='word_1_637' title='bbox 2114 4026 2317 4100; x_wconf 86' lang='lat' dir='ltr'><strong>aliquid</strong></span> <span class='ocrx_word' id='word_1_638' title='bbox 2358 4025 2651 4092; x_wconf 83' lang='lat' dir='ltr'><strong>ineil‘abile,</strong></span> <span class='ocrx_word' id='word_1_639' title='bbox 2686 4026 2830 4096; x_wconf 89' lang='lat' dir='ltr'><strong>quod</strong></span> <span class='ocrx_word' id='word_1_640' title='bbox 2853 4024 3037 4079; x_wconf 88' lang='lat' dir='ltr'><strong>verbis</strong></span> <span class='ocrx_word' id='word_1_641' title='bbox 3082 4019 3345 4094; x_wconf 77' lang='lat' dir='ltr'><strong>explicari</strong></span> <span class='ocrx_word' id='word_1_642' title='bbox 3374 4035 3483 4074; x_wconf 91' lang='lat' dir='ltr'><strong>non</strong></span> 
     </span>
    </p>
   </div>
   <div class='ocr_carea' id='block_1_86' title="bbox 1891 4106 3482 4196">
    <p class='ocr_par' dir='ltr' id='par_1_86' title="bbox 1891 4106 3482 4196">
     <span class='ocr_line' id='line_1_86' title="bbox 1891 4106 3482 4196; baseline -0.008 -17"><span class='ocrx_word' id='word_1_643' title='bbox 1891 4125 2083 4196; x_wconf 88' lang='lat' dir='ltr'><strong>possit,</strong></span> <span class='ocrx_word' id='word_1_644' title='bbox 2116 4132 2175 4177; x_wconf 91' lang='lat' dir='ltr'><strong>ut</strong></span> <span class='ocrx_word' id='word_1_645' title='bbox 2203 4128 2257 4176; x_wconf 91' lang='lat' dir='ltr'><strong>et</strong></span> <span class='ocrx_word' id='word_1_646' title='bbox 2288 4132 2551 4176; x_wconf 89' lang='lat' dir='ltr'><strong>numerus</strong></span> <span class='ocrx_word' id='word_1_647' title='bbox 2579 4118 2669 4183; x_wconf 90' lang='lat' dir='ltr'><strong>sit,</strong></span> <span class='ocrx_word' id='word_1_648' title='bbox 2702 4127 2759 4174; x_wconf 89' lang='lat' dir='ltr'><strong>et</strong></span> <span class='ocrx_word' id='word_1_649' title='bbox 2797 4130 3059 4171; x_wconf 90' lang='lat' dir='ltr'><strong>numerus</strong></span> <span class='ocrx_word' id='word_1_650' title='bbox 3108 4129 3217 4169; x_wconf 91' lang='lat' dir='ltr'><strong>non</strong></span> <span class='ocrx_word' id='word_1_651' title='bbox 3262 4113 3351 4168; x_wconf 91' lang='lat' dir='ltr'><strong>sit.</strong></span> <span class='ocrx_word' id='word_1_652' title='bbox 3384 4106 3482 4168; x_wconf 74' lang='lat' dir='ltr'><strong>Vi-</strong></span> 
     </span>
    </p>
   </div>
   <div class='ocr_carea' id='block_1_87' title="bbox 1892 4200 3597 4284">
    <p class='ocr_par' dir='ltr' id='par_1_87' title="bbox 1892 4200 3597 4284">
     <span class='ocr_line' id='line_1_87' title="bbox 1892 4200 3597 4284; baseline -0.008 -12"><span class='ocrx_word' id='word_1_653' title='bbox 1892 4217 2016 4273; x_wconf 90' lang='lat' dir='ltr'><strong>dete</strong></span> <span class='ocrx_word' id='word_1_654' title='bbox 2047 4215 2214 4281; x_wconf 91' lang='lat' dir='ltr'><strong>enim,</strong></span> <span class='ocrx_word' id='word_1_655' title='bbox 2271 4213 2314 4270; x_wconf 90' lang='lat' dir='ltr'><strong>si</strong></span> <span class='ocrx_word' id='word_1_656' title='bbox 2367 4229 2473 4268; x_wconf 88' lang='lat' dir='ltr'><strong>non</strong></span> <span class='ocrx_word' id='word_1_657' title='bbox 2500 4211 2654 4284; x_wconf 90' lang='lat' dir='ltr'><strong>quasi</strong></span> <span class='ocrx_word' id='word_1_658' title='bbox 2685 4219 2912 4282; x_wconf 86' lang='lat' dir='ltr'><strong>apparet</strong></span> <span class='ocrx_word' id='word_1_659' title='bbox 2955 4220 3216 4263; x_wconf 91' lang='lat' dir='ltr'><strong>numerus</strong></span> <span class='ocrx_word' id='word_1_660' title='bbox 3238 4200 3403 4263; x_wconf 85' lang='lat' dir='ltr'><strong>Pater</strong></span> <span class='ocrx_word' id='word_1_661' title='bbox 3429 4210 3487 4259; x_wconf 91' lang='lat' dir='ltr'><strong>et</strong></span> <span class='ocrx_word' id='word_1_662' title='bbox 3591 4271 3597 4277; x_wconf 29' lang='grc' dir='ltr'><strong>ε</strong></span> 
     </span>
    </p>
   </div>
   <div class='ocr_carea' id='block_1_88' title="bbox 1890 4290 3487 4381">
    <p class='ocr_par' dir='ltr' id='par_1_88' title="bbox 1890 4290 3487 4381">
     <span class='ocr_line' id='line_1_88' title="bbox 1890 4290 3487 4381; baseline -0.01 -16"><span class='ocrx_word' id='word_1_663' title='bbox 1890 4309 2062 4365; x_wconf 83' lang='lat' dir='ltr'><strong>Filius</strong></span> <span class='ocrx_word' id='word_1_664' title='bbox 2110 4316 2164 4363; x_wconf 88' lang='lat' dir='ltr'><strong>et</strong></span> <span class='ocrx_word' id='word_1_665' title='bbox 2214 4304 2452 4381; x_wconf 89' lang='lat' dir='ltr'><strong>Spiritus</strong></span> <span class='ocrx_word' id='word_1_666' title='bbox 2498 4314 2718 4361; x_wconf 90' lang='lat' dir='ltr'><strong>sanctus</strong></span> <span class='ocrx_word' id='word_1_667' title='bbox 2764 4301 3028 4358; x_wconf 88' lang='lat' dir='ltr'><strong>Trinitas.</strong></span> <span class='ocrx_word' id='word_1_668' title='bbox 3077 4296 3135 4355; x_wconf 89' lang='lat' dir='ltr'><strong>Si</strong></span> <span class='ocrx_word' id='word_1_669' title='bbox 3189 4308 3318 4362; x_wconf 88' lang='lat' dir='ltr'><strong>tres,</strong></span> <span class='ocrx_word' id='word_1_670' title='bbox 3352 4290 3487 4368; x_wconf 90' lang='lat' dir='ltr'><strong>quid</strong></span> 
     </span>
    </p>
   </div>
   <div class='ocr_carea' id='block_1_89' title="bbox 1891 4385 3484 4460">
    <p class='ocr_par' dir='ltr' id='par_1_89' title="bbox 1891 4385 3484 4460">
     <span class='ocr_line' id='line_1_89' title="bbox 1891 4385 3484 4460; baseline -0.012 0"><span class='ocrx_word' id='word_1_671' title='bbox 1891 4403 2041 4460; x_wconf 88' lang='lat' dir='ltr'><strong>tres?</strong></span> <span class='ocrx_word' id='word_1_672' title='bbox 2069 4401 2252 4458; x_wconf 90' lang='lat' dir='ltr'><strong>deﬁcit</strong></span> <span class='ocrx_word' id='word_1_673' title='bbox 2301 4413 2579 4456; x_wconf 91' lang='lat' dir='ltr'><strong>numerus.</strong></span> <span class='ocrx_word' id='word_1_674' title='bbox 2625 4394 2704 4452; x_wconf 92' lang='lat' dir='ltr'><strong>lta</strong></span> <span class='ocrx_word' id='word_1_675' title='bbox 2734 4394 2880 4452; x_wconf 91' lang='lat' dir='ltr'><strong>Deus</strong></span> <span class='ocrx_word' id='word_1_676' title='bbox 2920 4406 3182 4449; x_wconf 86' lang='lat' dir='ltr'><strong>numerus</strong></span> <span class='ocrx_word' id='word_1_677' title='bbox 3216 4385 3422 4445; x_wconf 89' lang='lat' dir='ltr'><strong>recedit</strong></span> <span class='ocrx_word' id='word_1_678' title='bbox 3450 4400 3484 4442; x_wconf 86' lang='lat' dir='ltr'><strong>a</strong></span> 
     </span>
    </p>
   </div>
   <div class='ocr_carea' id='block_1_90' title="bbox 1892 4487 3484 4566">
    <p class='ocr_par' dir='ltr' id='par_1_90' title="bbox 1892 4487 3484 4566">
     <span class='ocr_line' id='line_1_90' title="bbox 1892 4487 3484 4566; baseline -0.011 -14"><span class='ocrx_word' id='word_1_679' title='bbox 1892 4510 2143 4561; x_wconf 91' lang='lat' dir='ltr'><strong>numero,</strong></span> <span class='ocrx_word' id='word_1_680' title='bbox 2177 4509 2278 4551; x_wconf 90' lang='lat' dir='ltr'><strong>nec</strong></span> <span class='ocrx_word' id='word_1_681' title='bbox 2317 4492 2531 4566; x_wconf 89' lang='lat' dir='ltr'><strong>capitur</strong></span> <span class='ocrx_word' id='word_1_682' title='bbox 2575 4505 2829 4557; x_wconf 89' lang='lat' dir='ltr'><strong>numero,</strong></span> <span class='ocrx_word' id='word_1_683' title='bbox 2877 4487 3004 4560; x_wconf 84' lang='lat' dir='ltr'><strong>quia</strong></span> <span class='ocrx_word' id='word_1_684' title='bbox 3052 4494 3166 4543; x_wconf 89' lang='lat' dir='ltr'><strong>tres</strong></span> <span class='ocrx_word' id='word_1_685' title='bbox 3213 4491 3340 4549; x_wconf 78' lang='lat' dir='ltr'><strong>sunt</strong></span> <span class='ocrx_word' id='word_1_686' title='bbox 3360 4490 3484 4537; x_wconf 87' lang='lat' dir='ltr'><strong>tan-</strong></span> 
     </span>
    </p>
   </div>
   <div class='ocr_carea' id='block_1_91' title="bbox 195 4570 3481 4670">
    <p class='ocr_par' dir='ltr' id='par_1_91' title="bbox 195 4570 3481 4670">
     <span class='ocr_line' id='line_1_91' title="bbox 195 4570 3481 4670; baseline -0.005 -24"><span class='ocrx_word' id='word_1_687' title='bbox 195 4612 215 4646; x_wconf 79' lang='grc' dir='ltr'>ι</span> <span class='ocrx_word' id='word_1_688' title='bbox 258 4601 430 4648; x_wconf 86' lang='lat' dir='ltr'><strong>tatem</strong></span> <span class='ocrx_word' id='word_1_689' title='bbox 458 4610 471 4646; x_wconf 90' lang='lat'>:</span> <span class='ocrx_word' id='word_1_690' title='bbox 496 4592 693 4664; x_wconf 84' lang='lat' dir='ltr'><strong>quippe</strong></span> <span class='ocrx_word' id='word_1_691' title='bbox 718 4607 841 4646; x_wconf 91' lang='lat' dir='ltr'><strong>cum</strong></span> <span class='ocrx_word' id='word_1_692' title='bbox 893 4589 1186 4646; x_wconf 85' lang='lat' dir='ltr'><strong>debeamus</strong></span> <span class='ocrx_word' id='word_1_693' title='bbox 1232 4591 1393 4646; x_wconf 86' lang='lat' dir='ltr'><strong>etiam</strong></span> <span class='ocrx_word' id='word_1_694' title='bbox 1425 4598 1657 4656; x_wconf 85' lang='lat' dir='ltr'><strong>lernam,</strong></span> <span class='ocrx_word' id='word_1_695' title='bbox 1689 4605 1783 4645; x_wconf 89' lang='lat' dir='ltr'><strong>seu</strong></span> <span class='ocrx_word' id='word_1_696' title='bbox 1813 4608 1867 4670; x_wconf 70' lang='grc' dir='ltr'><strong>Β</strong></span> <span class='ocrx_word' id='word_1_697' title='bbox 1892 4584 2055 4662; x_wconf 88' lang='lat' dir='ltr'><strong>quam</strong></span> <span class='ocrx_word' id='word_1_698' title='bbox 2084 4602 2366 4652; x_wconf 90' lang='lat' dir='ltr'><strong>numerus,</strong></span> <span class='ocrx_word' id='word_1_699' title='bbox 2393 4584 2437 4641; x_wconf 89' lang='lat' dir='ltr'><strong>si</strong></span> <span class='ocrx_word' id='word_1_700' title='bbox 2464 4583 2662 4656; x_wconf 71' lang='lat' dir='ltr'><strong>quaeris</strong></span> <span class='ocrx_word' id='word_1_701' title='bbox 2687 4578 2816 4654; x_wconf 89' lang='lat' dir='ltr'><strong>quid</strong></span> <span class='ocrx_word' id='word_1_702' title='bbox 2858 4591 2993 4647; x_wconf 89' lang='lat' dir='ltr'><strong>tres,</strong></span> <span class='ocrx_word' id='word_1_703' title='bbox 3023 4592 3131 4635; x_wconf 88' lang='lat' dir='ltr'><strong>non</strong></span> <span class='ocrx_word' id='word_1_704' title='bbox 3178 4585 3263 4635; x_wconf 90' lang='lat' dir='ltr'><strong>est</strong></span> <span class='ocrx_word' id='word_1_705' title='bbox 3288 4570 3481 4634; x_wconf 70' lang='lat' dir='ltr'><strong>nume-</strong></span> 
     </span>
    </p>
   </div>
   <div class='ocr_carea' id='block_1_92' title="bbox 195 4682 1785 4756">
    <p class='ocr_par' dir='ltr' id='par_1_92' title="bbox 195 4682 1785 4756">
     <span class='ocr_line' id='line_1_92' title="bbox 195 4682 1785 4756; baseline -0.001 -15"><span class='ocrx_word' id='word_1_706' title='bbox 195 4707 215 4741; x_wconf 72' lang='grc' dir='ltr'><strong><em>ι</em></strong></span> <span class='ocrx_word' id='word_1_707' title='bbox 261 4686 464 4741; x_wconf 87' lang='lat' dir='ltr'><strong>trinam</strong></span> <span class='ocrx_word' id='word_1_708' title='bbox 493 4685 742 4756; x_wconf 88' lang='lat' dir='ltr'><strong>amplecti</strong></span> <span class='ocrx_word' id='word_1_709' title='bbox 774 4683 953 4748; x_wconf 88' lang='lat' dir='ltr'><strong>ﬁdem,</strong></span> <span class='ocrx_word' id='word_1_710' title='bbox 998 4700 1160 4755; x_wconf 90' lang='lat' dir='ltr'><strong>quam</strong></span> <span class='ocrx_word' id='word_1_711' title='bbox 1192 4694 1387 4755; x_wconf 80' lang='lat' dir='ltr'><strong>negant</strong></span> <span class='ocrx_word' id='word_1_712' title='bbox 1411 4682 1652 4754; x_wconf 88' lang='lat' dir='ltr'><strong>perversi</strong></span> <span class='ocrx_word' id='word_1_713' title='bbox 1682 4682 1785 4741; x_wconf 87' lang='lat' dir='ltr'><strong>Sa-</strong></span> 
     </span>
    </p>
   </div>
   <div class='ocr_carea' id='block_1_93' title="bbox 200 4763 1687 4849">
    <p class='ocr_par' dir='ltr' id='par_1_93' title="bbox 200 4763 1687 4849">
     <span class='ocr_line' id='line_1_93' title="bbox 200 4763 1687 4849; baseline 0 -21"><span class='ocrx_word' id='word_1_714' title='bbox 200 4796 219 4828; x_wconf 74' lang='grc' dir='ltr'>ι</span> <span class='ocrx_word' id='word_1_715' title='bbox 266 4776 491 4833; x_wconf 87' lang='lat' dir='ltr'><strong>helliani</strong></span> <span class='ocrx_word' id='word_1_716' title='bbox 523 4792 621 4849; x_wconf 89' lang='lat' dir='ltr'><strong>per</strong></span> <span class='ocrx_word' id='word_1_717' title='bbox 652 4792 805 4831; x_wconf 91' lang='lat' dir='ltr'><strong>suam</strong></span> <span class='ocrx_word' id='word_1_718' title='bbox 837 4773 1104 4847; x_wconf 83' lang='lat' dir='ltr'><strong>perﬁdam</strong></span> <span class='ocrx_word' id='word_1_719' title='bbox 1136 4775 1487 4845; x_wconf 88' lang='lat' dir='ltr'><strong>impietatem.</strong></span> <span class='ocrx_word' id='word_1_720' title='bbox 1526 4795 1544 4828; x_wconf 70' lang='grc' dir='ltr'><strong>ο</strong></span> <span class='ocrx_word' id='word_1_721' title='bbox 1674 4763 1687 4776; x_wconf 84' lang='grc'><em>’</em></span> 
     </span>
    </p>
   </div>
   <div class='ocr_carea' id='block_1_94' title="bbox 1892 4671 3484 4746">
    <p class='ocr_par' dir='ltr' id='par_1_94' title="bbox 1892 4671 3484 4746">
     <span class='ocr_line' id='line_1_94' title="bbox 1892 4671 3484 4746; baseline -0.008 -11"><span class='ocrx_word' id='word_1_722' title='bbox 1892 4696 2003 4735; x_wconf 90' lang='lat' dir='ltr'><strong>rus.</strong></span> <span class='ocrx_word' id='word_1_723' title='bbox 2034 4677 2189 4734; x_wconf 91' lang='lat' dir='ltr'><strong>Unde</strong></span> <span class='ocrx_word' id='word_1_724' title='bbox 2216 4677 2421 4734; x_wconf 91' lang='lat' dir='ltr'><strong>dictum</strong></span> <span class='ocrx_word' id='word_1_725' title='bbox 2462 4684 2545 4732; x_wconf 90' lang='lat' dir='ltr'><strong>est</strong></span> <span class='ocrx_word' id='word_1_726' title='bbox 2577 4673 2844 4746; x_wconf 81' lang='lat' dir='ltr'><strong>:Mognus</strong></span> <span class='ocrx_word' id='word_1_727' title='bbox 2888 4671 3146 4727; x_wconf 83' lang='lat' dir='ltr'><strong>Dominus</strong></span> <span class='ocrx_word' id='word_1_728' title='bbox 3192 4678 3388 4736; x_wconf 82' lang='lat' dir='ltr'><strong>uoster,</strong></span> <span class='ocrx_word' id='word_1_729' title='bbox 3435 4677 3484 4723; x_wconf 85' lang='lat' dir='ltr'><strong>et</strong></span> 
     </span>
    </p>
   </div>
   <div class='ocr_carea' id='block_1_95' title="bbox 1891 4763 3482 4842">
    <p class='ocr_par' dir='ltr' id='par_1_95' title="bbox 1891 4763 3482 4842">
     <span class='ocr_line' id='line_1_95' title="bbox 1891 4763 3482 4842; baseline -0.008 -16"><span class='ocrx_word' id='word_1_730' title='bbox 1891 4772 2083 4842; x_wconf 78' lang='lat' dir='ltr'><strong>magna</strong></span> <span class='ocrx_word' id='word_1_731' title='bbox 2112 4770 2274 4825; x_wconf 82' lang='lat' dir='ltr'><strong>virtus</strong></span> <span class='ocrx_word' id='word_1_732' title='bbox 2296 4768 2433 4840; x_wconf 88' lang='lat' dir='ltr'><strong>ejus,</strong></span> <span class='ocrx_word' id='word_1_733' title='bbox 2460 4777 2509 4823; x_wconf 90' lang='lat' dir='ltr'><strong>et</strong></span> <span class='ocrx_word' id='word_1_734' title='bbox 2536 4765 2807 4838; x_wconf 75' lang='lat' dir='ltr'><strong>sapientiw</strong></span> <span class='ocrx_word' id='word_1_735' title='bbox 2844 4763 2960 4834; x_wconf 83' lang='lat' dir='ltr'><strong>ejus</strong></span> <span class='ocrx_word' id='word_1_736' title='bbox 2992 4779 3097 4819; x_wconf 81' lang='lat' dir='ltr'><strong>non</strong></span> <span class='ocrx_word' id='word_1_737' title='bbox 3128 4771 3203 4818; x_wconf 79' lang='lat' dir='ltr'><strong>est</strong></span> <span class='ocrx_word' id='word_1_738' title='bbox 3231 4774 3482 4816; x_wconf 84' lang='lat' dir='ltr'><strong>numerus</strong></span> 
     </span>
    </p>
   </div>
   <div class='ocr_carea' id='block_1_96' title="bbox 261 4850 3483 4942">
    <p class='ocr_par' dir='ltr' id='par_1_96' title="bbox 261 4850 3483 4942">
     <span class='ocr_line' id='line_1_96' title="bbox 261 4850 3483 4942; baseline -0.007 -15"><span class='ocrx_word' id='word_1_739' title='bbox 261 4880 363 4927; x_wconf 57' lang='grc' dir='ltr'><strong>ιιι.</strong></span> <span class='ocrx_word' id='word_1_740' title='bbox 390 4867 490 4926; x_wconf 86' lang='lat' dir='ltr'><strong>Cui</strong></span> <span class='ocrx_word' id='word_1_741' title='bbox 524 4868 701 4942; x_wconf 91' lang='lat' dir='ltr'><strong>primo</strong></span> <span class='ocrx_word' id='word_1_742' title='bbox 755 4867 1067 4934; x_wconf 84' lang='lat' dir='ltr'><strong>referimus,</strong></span> <span class='ocrx_word' id='word_1_743' title='bbox 1117 4868 1244 4938; x_wconf 88' lang='lat' dir='ltr'><strong>quia</strong></span> <span class='ocrx_word' id='word_1_744' title='bbox 1290 4868 1587 4922; x_wconf 89' lang='lat' dir='ltr'><strong>secundum</strong></span> <span class='ocrx_word' id='word_1_745' title='bbox 1633 4884 1786 4924; x_wconf 86' lang='lat' dir='ltr'><strong>suam</strong></span> <span class='ocrx_word' id='word_1_746' title='bbox 1891 4858 2065 4934; x_wconf 81' lang='lat' dir='ltr'><strong>(Psal.</strong></span> <span class='ocrx_word' id='word_1_747' title='bbox 2096 4870 2281 4926; x_wconf 74' lang='lat' dir='ltr'><strong>CXLVI,</strong></span> <span class='ocrx_word' id='word_1_748' title='bbox 2309 4858 2387 4933; x_wconf 84' lang='lat'><strong>5).</strong></span> <span class='ocrx_word' id='word_1_749' title='bbox 2421 4859 2535 4914; x_wconf 84' lang='lat' dir='ltr'><strong>Hoc</strong></span> <span class='ocrx_word' id='word_1_750' title='bbox 2564 4858 2738 4915; x_wconf 88' lang='lat' dir='ltr'><strong>solum</strong></span> <span class='ocrx_word' id='word_1_751' title='bbox 2762 4870 2989 4911; x_wconf 85' lang='lat' dir='ltr'><strong>numero</strong></span> <span class='ocrx_word' id='word_1_752' title='bbox 3014 4852 3309 4942; x_wconf 84' lang='lat' dir='ltr'><strong>insinuant,</strong></span> <span class='ocrx_word' id='word_1_753' title='bbox 3337 4850 3483 4920; x_wconf 89' lang='lat' dir='ltr'><strong>quod</strong></span> 
     </span>
    </p>
   </div>
   <div class='ocr_carea' id='block_1_97' title="bbox 200 4957 1789 5033">
    <p class='ocr_par' dir='ltr' id='par_1_97' title="bbox 200 4957 1789 5033">
     <span class='ocr_line' id='line_1_97' title="bbox 200 4957 1789 5033; baseline -0.003 -16"><span class='ocrx_word' id='word_1_754' title='bbox 200 4960 550 5033; x_wconf 83' lang='lat' dir='ltr'><strong>sapientiam,</strong></span> <span class='ocrx_word' id='word_1_755' title='bbox 584 4977 690 5016; x_wconf 91' lang='lat' dir='ltr'><strong>non</strong></span> <span class='ocrx_word' id='word_1_756' title='bbox 735 4959 835 5015; x_wconf 89' lang='lat' dir='ltr'><strong>sibi</strong></span> <span class='ocrx_word' id='word_1_757' title='bbox 864 4975 893 5014; x_wconf 89' lang='lat' dir='ltr'><strong>a</strong></span> <span class='ocrx_word' id='word_1_758' title='bbox 925 4957 1035 5014; x_wconf 89' lang='lat' dir='ltr'><strong>Deo</strong></span> <span class='ocrx_word' id='word_1_759' title='bbox 1065 4958 1267 5024; x_wconf 88' lang='lat' dir='ltr'><strong>datam,</strong></span> <span class='ocrx_word' id='word_1_760' title='bbox 1301 4959 1394 5014; x_wconf 90' lang='lat' dir='ltr'><strong>sed</strong></span> <span class='ocrx_word' id='word_1_761' title='bbox 1437 4958 1519 5013; x_wconf 91' lang='lat' dir='ltr'><strong>vel</strong></span> <span class='ocrx_word' id='word_1_762' title='bbox 1569 4975 1597 5012; x_wconf 91' lang='lat' dir='ltr'><strong>a</strong></span> <span class='ocrx_word' id='word_1_763' title='bbox 1646 4958 1789 5014; x_wconf 85' lang='lat' dir='ltr'><strong>malo</strong></span> 
     </span>
    </p>
   </div>
   <div class='ocr_carea' id='block_1_98' title="bbox 201 5051 1785 5129">
    <p class='ocr_par' dir='ltr' id='par_1_98' title="bbox 201 5051 1785 5129">
     <span class='ocr_line' id='line_1_98' title="bbox 201 5051 1785 5129; baseline -0.003 -17"><span class='ocrx_word' id='word_1_764' title='bbox 201 5056 396 5129; x_wconf 80' lang='lat' dir='ltr'><strong>spiritu</strong></span> <span class='ocrx_word' id='word_1_765' title='bbox 425 5054 528 5111; x_wconf 88' lang='lat' dir='ltr'><strong>sibi</strong></span> <span class='ocrx_word' id='word_1_766' title='bbox 579 5053 918 5126; x_wconf 85' lang='lat' dir='ltr'><strong>inspiratam,</strong></span> <span class='ocrx_word' id='word_1_767' title='bbox 964 5051 1105 5109; x_wconf 87' lang='lat' dir='ltr'><strong>vela</strong></span> <span class='ocrx_word' id='word_1_768' title='bbox 1141 5069 1200 5109; x_wconf 91' lang='lat' dir='ltr'><strong>se</strong></span> <span class='ocrx_word' id='word_1_769' title='bbox 1230 5053 1448 5108; x_wconf 84' lang='lat' dir='ltr'><strong>stultam</strong></span> <span class='ocrx_word' id='word_1_770' title='bbox 1492 5052 1785 5119; x_wconf 86' lang='lat' dir='ltr'><strong>inventam,</strong></span> 
     </span>
    </p>
   </div>
   <div class='ocr_carea' id='block_1_99' title="bbox 201 5143 1788 5221">
    <p class='ocr_par' dir='ltr' id='par_1_99' title="bbox 201 5143 1788 5221">
     <span class='ocr_line' id='line_1_99' title="bbox 201 5143 1788 5221; baseline -0.006 -15"><span class='ocrx_word' id='word_1_771' title='bbox 201 5150 465 5206; x_wconf 87' lang='lat' dir='ltr'><strong>debuerat</strong></span> <span class='ocrx_word' id='word_1_772' title='bbox 493 5162 819 5221; x_wconf 72' lang='lat' dir='ltr'><strong>cognoscere</strong></span> <span class='ocrx_word' id='word_1_773' title='bbox 860 5143 1218 5202; x_wconf 78' lang='lat' dir='ltr'><strong>differentiam</strong></span> <span class='ocrx_word' id='word_1_774' title='bbox 1248 5160 1368 5199; x_wconf 89' lang='lat' dir='ltr'><strong>esse</strong></span> <span class='ocrx_word' id='word_1_775' title='bbox 1411 5144 1552 5199; x_wconf 92' lang='lat' dir='ltr'><strong>inter</strong></span> <span class='ocrx_word' id='word_1_776' title='bbox 1579 5155 1788 5199; x_wconf 76' lang='lat' dir='ltr'><strong>lernam</strong></span> 
     </span>
    </p>
   </div>
   <div class='ocr_carea' id='block_1_100' title="bbox 198 5234 1790 5309">
    <p class='ocr_par' dir='ltr' id='par_1_100' title="bbox 198 5234 1790 5309">
     <span class='ocr_line' id='line_1_100' title="bbox 198 5234 1790 5309; baseline -0.004 -12"><span class='ocrx_word' id='word_1_777' title='bbox 198 5252 256 5299; x_wconf 91' lang='lat' dir='ltr'><strong>et</strong></span> <span class='ocrx_word' id='word_1_778' title='bbox 302 5241 529 5307; x_wconf 82' lang='lat' dir='ltr'><strong>trinam,</strong></span> <span class='ocrx_word' id='word_1_779' title='bbox 581 5240 674 5296; x_wconf 91' lang='lat' dir='ltr'><strong>sed</strong></span> <span class='ocrx_word' id='word_1_780' title='bbox 721 5240 907 5296; x_wconf 84' lang='lat' dir='ltr'><strong>dicens</strong></span> <span class='ocrx_word' id='word_1_781' title='bbox 959 5253 1017 5294; x_wconf 91' lang='lat' dir='ltr'><strong>se</strong></span> <span class='ocrx_word' id='word_1_782' title='bbox 1064 5251 1186 5293; x_wconf 90' lang='lat' dir='ltr'><strong>esse</strong></span> <span class='ocrx_word' id='word_1_783' title='bbox 1241 5234 1542 5309; x_wconf 87' lang='lat' dir='ltr'><strong>sapientem</strong></span> <span class='ocrx_word' id='word_1_784' title='bbox 1591 5234 1790 5290; x_wconf 89' lang='lat' dir='ltr'><strong>stultus</strong></span> 
     </span>
    </p>
   </div>
   <div class='ocr_carea' id='block_1_101' title="bbox 196 5326 1792 5405">
    <p class='ocr_par' dir='ltr' id='par_1_101' title="bbox 196 5326 1792 5405">
     <span class='ocr_line' id='line_1_101' title="bbox 196 5326 1792 5405; baseline -0.006 -14"><span class='ocrx_word' id='word_1_785' title='bbox 196 5337 379 5393; x_wconf 80' lang='lat' dir='ltr'><strong>factus</strong></span> <span class='ocrx_word' id='word_1_786' title='bbox 424 5343 529 5391; x_wconf 89' lang='lat' dir='ltr'><strong>est.</strong></span> <span class='ocrx_word' id='word_1_787' title='bbox 564 5326 762 5389; x_wconf 85' lang='lat' dir='ltr'><strong>Notum</strong></span> <span class='ocrx_word' id='word_1_788' title='bbox 790 5334 990 5405; x_wconf 91' lang='lat' dir='ltr'><strong>quippe</strong></span> <span class='ocrx_word' id='word_1_789' title='bbox 1036 5340 1120 5387; x_wconf 91' lang='lat' dir='ltr'><strong>est</strong></span> <span class='ocrx_word' id='word_1_790' title='bbox 1157 5329 1413 5403; x_wconf 89' lang='lat' dir='ltr'><strong>quoniam</strong></span> <span class='ocrx_word' id='word_1_791' title='bbox 1466 5326 1661 5399; x_wconf 81' lang='lat' dir='ltr'><strong>duplex</strong></span> <span class='ocrx_word' id='word_1_792' title='bbox 1705 5333 1792 5382; x_wconf 87' lang='lat' dir='ltr'><strong>est</strong></span> 
     </span>
    </p>
   </div>
   <div class='ocr_carea' id='block_1_102' title="bbox 196 5421 1790 5497">
    <p class='ocr_par' dir='ltr' id='par_1_102' title="bbox 196 5421 1790 5497">
     <span class='ocr_line' id='line_1_102' title="bbox 196 5421 1790 5497; baseline -0.004 -14"><span class='ocrx_word' id='word_1_793' title='bbox 196 5442 479 5483; x_wconf 84' lang='lat' dir='ltr'><strong>numerus.</strong></span> <span class='ocrx_word' id='word_1_794' title='bbox 508 5425 660 5483; x_wconf 90' lang='lat' dir='ltr'><strong>Unus</strong></span> <span class='ocrx_word' id='word_1_795' title='bbox 686 5426 929 5497; x_wconf 89' lang='lat' dir='ltr'><strong>quidem,</strong></span> <span class='ocrx_word' id='word_1_796' title='bbox 970 5426 1023 5480; x_wconf 92' lang='lat' dir='ltr'><strong>in</strong></span> <span class='ocrx_word' id='word_1_797' title='bbox 1064 5440 1174 5495; x_wconf 91' lang='lat' dir='ltr'><strong>quo</strong></span> <span class='ocrx_word' id='word_1_798' title='bbox 1217 5423 1485 5480; x_wconf 86' lang='lat' dir='ltr'><strong>unitatum</strong></span> <span class='ocrx_word' id='word_1_799' title='bbox 1539 5421 1790 5493; x_wconf 87' lang='lat' dir='ltr'><strong>repetitio</strong></span> 
     </span>
    </p>
   </div>
   <div class='ocr_carea' id='block_1_103' title="bbox 197 5519 1787 5597">
    <p class='ocr_par' dir='ltr' id='par_1_103' title="bbox 197 5519 1787 5597">
     <span class='ocr_line' id='line_1_103' title="bbox 197 5519 1787 5597; baseline -0.004 -16"><span class='ocrx_word' id='word_1_800' title='bbox 197 5524 566 5597; x_wconf 81' lang='lat' dir='ltr'><strong>pluralitatem</strong></span> <span class='ocrx_word' id='word_1_801' title='bbox 610 5541 777 5597; x_wconf 88' lang='lat' dir='ltr'><strong>quare</strong></span> <span class='ocrx_word' id='word_1_802' title='bbox 824 5533 880 5581; x_wconf 92' lang='lat' dir='ltr'><strong>et</strong></span> <span class='ocrx_word' id='word_1_803' title='bbox 922 5538 1207 5580; x_wconf 90' lang='lat' dir='ltr'><strong>numerum</strong></span> <span class='ocrx_word' id='word_1_804' title='bbox 1254 5520 1426 5577; x_wconf 86' lang='lat' dir='ltr'><strong>facit:</strong></span> <span class='ocrx_word' id='word_1_805' title='bbox 1459 5519 1595 5575; x_wconf 89' lang='lat' dir='ltr'><strong>alter</strong></span> <span class='ocrx_word' id='word_1_806' title='bbox 1633 5533 1787 5585; x_wconf 86' lang='lat' dir='ltr'><strong>vero,</strong></span> 
     </span>
    </p>
   </div>
   <div class='ocr_carea' id='block_1_104' title="bbox 199 5598 1791 5690">
    <p class='ocr_par' dir='ltr' id='par_1_104' title="bbox 199 5598 1791 5690">
     <span class='ocr_line' id='line_1_104' title="bbox 199 5598 1791 5690; baseline -0.003 -17"><span class='ocrx_word' id='word_1_807' title='bbox 199 5619 291 5690; x_wconf 88' lang='lat' dir='ltr'><strong>qui</strong></span> <span class='ocrx_word' id='word_1_808' title='bbox 322 5620 376 5674; x_wconf 84' lang='lat' dir='ltr'><strong>in</strong></span> <span class='ocrx_word' id='word_1_809' title='bbox 414 5620 578 5676; x_wconf 80' lang='lat' dir='ltr'><strong>rebus</strong></span> <span class='ocrx_word' id='word_1_810' title='bbox 605 5598 1033 5675; x_wconf 82' lang='lat' dir='ltr'><strong>numerabilibus</strong></span> <span class='ocrx_word' id='word_1_811' title='bbox 1054 5623 1290 5681; x_wconf 88' lang='lat' dir='ltr'><strong>constat,</strong></span> <span class='ocrx_word' id='word_1_812' title='bbox 1320 5615 1372 5670; x_wconf 94' lang='lat' dir='ltr'><strong>in</strong></span> <span class='ocrx_word' id='word_1_813' title='bbox 1404 5630 1511 5686; x_wconf 89' lang='lat' dir='ltr'><strong>quo</strong></span> <span class='ocrx_word' id='word_1_814' title='bbox 1540 5613 1791 5684; x_wconf 90' lang='lat' dir='ltr'><strong>repetitio</strong></span> 
     </span>
    </p>
   </div>
   <div class='ocr_carea' id='block_1_105' title="bbox 199 5704 1787 5781">
    <p class='ocr_par' dir='ltr' id='par_1_105' title="bbox 199 5704 1787 5781">
     <span class='ocr_line' id='line_1_105' title="bbox 199 5704 1787 5781; baseline -0.003 -18"><span class='ocrx_word' id='word_1_815' title='bbox 199 5717 362 5781; x_wconf 84' lang='lat' dir='ltr'><strong>atque</strong></span> <span class='ocrx_word' id='word_1_816' title='bbox 390 5709 672 5781; x_wconf 89' lang='lat' dir='ltr'><strong>pluralitas</strong></span> <span class='ocrx_word' id='word_1_817' title='bbox 725 5712 995 5765; x_wconf 89' lang='lat' dir='ltr'><strong>unitatum</strong></span> <span class='ocrx_word' id='word_1_818' title='bbox 1042 5724 1151 5764; x_wconf 90' lang='lat' dir='ltr'><strong>non</strong></span> <span class='ocrx_word' id='word_1_819' title='bbox 1191 5706 1323 5762; x_wconf 86' lang='lat' dir='ltr'><strong>facit</strong></span> <span class='ocrx_word' id='word_1_820' title='bbox 1370 5704 1787 5761; x_wconf 86' lang='lat' dir='ltr'><strong>numerabilinm</strong></span> 
     </span>
    </p>
   </div>
   <div class='ocr_carea' id='block_1_106' title="bbox 202 5796 1789 5865">
    <p class='ocr_par' dir='ltr' id='par_1_106' title="bbox 202 5796 1789 5865">
     <span class='ocr_line' id='line_1_106' title="bbox 202 5796 1789 5865; baseline -0.004 -10"><span class='ocrx_word' id='word_1_821' title='bbox 202 5817 386 5859; x_wconf 84' lang='lat' dir='ltr'><strong>rerum</strong></span> <span class='ocrx_word' id='word_1_822' title='bbox 412 5817 756 5858; x_wconf 83' lang='lat' dir='ltr'><strong>numerosam</strong></span> <span class='ocrx_word' id='word_1_823' title='bbox 784 5801 1192 5865; x_wconf 86' lang='lat' dir='ltr'><strong>diversitatem;</strong></span> <span class='ocrx_word' id='word_1_824' title='bbox 1218 5808 1271 5855; x_wconf 86' lang='lat' dir='ltr'><strong>et</strong></span> <span class='ocrx_word' id='word_1_825' title='bbox 1303 5806 1477 5863; x_wconf 91' lang='lat' dir='ltr'><strong>terna,</strong></span> <span class='ocrx_word' id='word_1_826' title='bbox 1512 5812 1618 5852; x_wconf 88' lang='lat' dir='ltr'><strong>non</strong></span> <span class='ocrx_word' id='word_1_827' title='bbox 1646 5796 1789 5850; x_wconf 87' lang='lat' dir='ltr'><strong>inter</strong></span> 
     </span>
    </p>
   </div>
   <div class='ocr_carea' id='block_1_107' title="bbox 203 5883 1782 5965">
    <p class='ocr_par' dir='ltr' id='par_1_107' title="bbox 203 5883 1782 5965">
     <span class='ocr_line' id='line_1_107' title="bbox 203 5883 1782 5965; baseline -0.007 -14"><span class='ocrx_word' id='word_1_828' title='bbox 203 5892 556 5965; x_wconf 73' lang='lat' dir='ltr'><strong>composites,</strong></span> <span class='ocrx_word' id='word_1_829' title='bbox 586 5891 683 5950; x_wconf 83' lang='lat' dir='ltr'><strong>sed</strong></span> <span class='ocrx_word' id='word_1_830' title='bbox 718 5890 863 5948; x_wconf 89' lang='lat' dir='ltr'><strong>inter</strong></span> <span class='ocrx_word' id='word_1_831' title='bbox 902 5888 1178 5962; x_wconf 90' lang='lat' dir='ltr'><strong>simplices</strong></span> <span class='ocrx_word' id='word_1_832' title='bbox 1226 5900 1504 5954; x_wconf 88' lang='lat' dir='ltr'><strong>numeros,</strong></span> <span class='ocrx_word' id='word_1_833' title='bbox 1534 5885 1625 5958; x_wconf 90' lang='lat' dir='ltr'><strong>qui</strong></span> <span class='ocrx_word' id='word_1_834' title='bbox 1661 5883 1782 5941; x_wconf 90' lang='lat' dir='ltr'><strong>nul-</strong></span> 
     </span>
    </p>
   </div>
   <div class='ocr_carea' id='block_1_108' title="bbox 1894 4938 3481 5019">
    <p class='ocr_par' dir='ltr' id='par_1_108' title="bbox 1894 4938 3481 5019">
     <span class='ocr_line' id='line_1_108' title="bbox 1894 4938 3481 5019; baseline -0.008 -11"><span class='ocrx_word' id='word_1_835' title='bbox 1894 4952 1961 5008; x_wconf 90' lang='lat' dir='ltr'><strong>ad</strong></span> <span class='ocrx_word' id='word_1_836' title='bbox 1985 4951 2219 5005; x_wconf 88' lang='lat' dir='ltr'><strong>invicem</strong></span> <span class='ocrx_word' id='word_1_837' title='bbox 2248 4957 2395 5015; x_wconf 88' lang='lat' dir='ltr'><strong>sunt,</strong></span> <span class='ocrx_word' id='word_1_838' title='bbox 2424 4965 2533 5005; x_wconf 92' lang='lat' dir='ltr'><strong>non</strong></span> <span class='ocrx_word' id='word_1_839' title='bbox 2556 4947 2699 5019; x_wconf 88' lang='lat' dir='ltr'><strong>quod</strong></span> <span class='ocrx_word' id='word_1_840' title='bbox 2729 4945 2796 5001; x_wconf 90' lang='lat' dir='ltr'><strong>ad</strong></span> <span class='ocrx_word' id='word_1_841' title='bbox 2826 4960 2885 5002; x_wconf 89' lang='lat' dir='ltr'><strong>se</strong></span> <span class='ocrx_word' id='word_1_842' title='bbox 2918 4951 3064 4999; x_wconf 91' lang='lat' dir='ltr'><strong>sunt.</strong></span> <span class='ocrx_word' id='word_1_843' title='bbox 3100 4961 3118 4995; x_wconf 73' lang='grc' dir='ltr'><strong>ι</strong></span> <span class='ocrx_word' id='word_1_844' title='bbox 3147 4938 3217 4997; x_wconf 87' lang='lat' dir='ltr'><strong>Et</strong></span> <span class='ocrx_word' id='word_1_845' title='bbox 3254 4949 3481 4996; x_wconf 87' lang='lat' dir='ltr'><strong>sanctus</strong></span> 
     </span>
    </p>
   </div>
   <div class='ocr_carea' id='block_1_109' title="bbox 1893 5032 3483 5113">
    <p class='ocr_par' dir='ltr' id='par_1_109' title="bbox 1893 5032 3483 5113">
     <span class='ocr_line' id='line_1_109' title="bbox 1893 5032 3483 5113; baseline -0.008 -14"><span class='ocrx_word' id='word_1_846' title='bbox 1893 5042 2190 5113; x_wconf 86' lang='lat' dir='ltr'><strong>Gregorius</strong></span> <span class='ocrx_word' id='word_1_847' title='bbox 2218 5041 2271 5096; x_wconf 94' lang='lat' dir='ltr'><strong>in</strong></span> <span class='ocrx_word' id='word_1_848' title='bbox 2296 5040 2437 5096; x_wconf 91' lang='lat' dir='ltr'><strong>libro</strong></span> <span class='ocrx_word' id='word_1_849' title='bbox 2474 5038 2752 5112; x_wconf 89' lang='lat' dir='ltr'><strong>trigesimo</strong></span> <span class='ocrx_word' id='word_1_850' title='bbox 2794 5036 3076 5093; x_wconf 81' lang='lat' dir='ltr'><strong>Moralium</strong></span> <span class='ocrx_word' id='word_1_851' title='bbox 3118 5032 3243 5100; x_wconf 79' lang='lat' dir='ltr'><strong>Job,</strong></span> <span class='ocrx_word' id='word_1_852' title='bbox 3269 5032 3335 5089; x_wconf 92' lang='lat' dir='ltr'><strong>de</strong></span> <span class='ocrx_word' id='word_1_853' title='bbox 3365 5047 3483 5088; x_wconf 88' lang='lat' dir='ltr'><strong>sen-</strong></span> 
     </span>
    </p>
   </div>
   <div class='ocr_carea' id='block_1_110' title="bbox 1896 5122 3483 5206">
    <p class='ocr_par' dir='ltr' id='par_1_110' title="bbox 1896 5122 3483 5206">
     <span class='ocr_line' id='line_1_110' title="bbox 1896 5122 3483 5206; baseline -0.01 -14"><span class='ocrx_word' id='word_1_854' title='bbox 1896 5136 2063 5191; x_wconf 88' lang='lat' dir='ltr'><strong>tentia</strong></span> <span class='ocrx_word' id='word_1_855' title='bbox 2093 5133 2368 5206; x_wconf 78' lang='lat' dir='ltr'><strong>Evangelii</strong></span> <span class='ocrx_word' id='word_1_856' title='bbox 2394 5132 2618 5189; x_wconf 84' lang='lat' dir='ltr'><strong>Joannis</strong></span> <span class='ocrx_word' id='word_1_857' title='bbox 2649 5131 2789 5202; x_wconf 86' lang='lat' dir='ltr'><strong>(cap.</strong></span> <span class='ocrx_word' id='word_1_858' title='bbox 2812 5128 2902 5202; x_wconf 89' lang='lat'><strong>5):</strong></span> <span class='ocrx_word' id='word_1_859' title='bbox 2927 5145 2945 5179; x_wconf 78' lang='lat' dir='ltr'><strong>t</strong></span> <span class='ocrx_word' id='word_1_860' title='bbox 2968 5124 3183 5191; x_wconf 78' lang='lat' dir='ltr'><strong>Palam,</strong></span> <span class='ocrx_word' id='word_1_861' title='bbox 3207 5122 3483 5194; x_wconf 81' lang='lat' dir='ltr'><strong>inquit,de</strong></span> 
     </span>
    </p>
   </div>
   <div class='ocr_carea' id='block_1_111' title="bbox 1896 5214 3483 5296">
    <p class='ocr_par' dir='ltr' id='par_1_111' title="bbox 1896 5214 3483 5296">
     <span class='ocr_line' id='line_1_111' title="bbox 1896 5214 3483 5296; baseline -0.012 -11"><span class='ocrx_word' id='word_1_862' title='bbox 1896 5226 2059 5285; x_wconf 84' lang='lat' dir='ltr'><strong>Patre</strong></span> <span class='ocrx_word' id='word_1_863' title='bbox 2084 5226 2410 5283; x_wconf 85' lang='lat' dir='ltr'><strong>annuntiabo</strong></span> <span class='ocrx_word' id='word_1_864' title='bbox 2431 5224 2573 5281; x_wconf 80' lang='lat' dir='ltr'><strong>vobis</strong></span> <span class='ocrx_word' id='word_1_865' title='bbox 2595 5221 2779 5296; x_wconf 85' lang='lat' dir='ltr'><strong>(Joan.</strong></span> <span class='ocrx_word' id='word_1_866' title='bbox 2804 5234 2917 5285; x_wconf 80' lang='lat' dir='ltr'><strong>xvr,</strong></span> <span class='ocrx_word' id='word_1_867' title='bbox 2937 5215 3056 5291; x_wconf 73' lang='lat'><strong>25).</strong></span> <span class='ocrx_word' id='word_1_868' title='bbox 3075 5214 3261 5272; x_wconf 89' lang='lat' dir='ltr'><strong>Palam</strong></span> <span class='ocrx_word' id='word_1_869' title='bbox 3284 5214 3483 5285; x_wconf 89' lang='lat' dir='ltr'><strong>quippe</strong></span> 
     </span>
    </p>
   </div>
   <div class='ocr_carea' id='block_1_112' title="bbox 1896 5308 3482 5385">
    <p class='ocr_par' dir='ltr' id='par_1_112' title="bbox 1896 5308 3482 5385">
     <span class='ocr_line' id='line_1_112' title="bbox 1896 5308 3482 5385; baseline -0.009 -8"><span class='ocrx_word' id='word_1_870' title='bbox 1896 5320 1962 5378; x_wconf 91' lang='lat' dir='ltr'><strong>de</strong></span> <span class='ocrx_word' id='word_1_871' title='bbox 1983 5320 2145 5376; x_wconf 91' lang='lat' dir='ltr'><strong>Patre</strong></span> <span class='ocrx_word' id='word_1_872' title='bbox 2176 5318 2503 5373; x_wconf 89' lang='lat' dir='ltr'><strong>annuntiare</strong></span> <span class='ocrx_word' id='word_1_873' title='bbox 2535 5330 2593 5372; x_wconf 91' lang='lat' dir='ltr'><strong>se</strong></span> <span class='ocrx_word' id='word_1_874' title='bbox 2622 5313 2844 5381; x_wconf 89' lang='lat' dir='ltr'><strong>asserit,</strong></span> <span class='ocrx_word' id='word_1_875' title='bbox 2876 5313 3001 5385; x_wconf 89' lang='lat' dir='ltr'><strong>quia</strong></span> <span class='ocrx_word' id='word_1_876' title='bbox 3027 5326 3126 5384; x_wconf 89' lang='lat' dir='ltr'><strong>per</strong></span> <span class='ocrx_word' id='word_1_877' title='bbox 3154 5308 3482 5383; x_wconf 87' lang='lat' dir='ltr'><strong>patefactam</strong></span> 
     </span>
    </p>
   </div>
   <div class='ocr_carea' id='block_1_113' title="bbox 1895 5400 3551 5485">
    <p class='ocr_par' dir='ltr' id='par_1_113' title="bbox 1895 5400 3551 5485">
     <span class='ocr_line' id='line_1_113' title="bbox 1895 5400 3551 5485; baseline -0.01 -12"><span class='ocrx_word' id='word_1_878' title='bbox 1895 5426 2026 5473; x_wconf 93' lang='lat' dir='ltr'><strong>tunc</strong></span> <span class='ocrx_word' id='word_1_879' title='bbox 2071 5412 2371 5484; x_wconf 78' lang='lat' dir='ltr'><strong>maiestatis</strong></span> <span class='ocrx_word' id='word_1_880' title='bbox 2410 5427 2523 5467; x_wconf 69' lang='lat' dir='ltr'><strong>sua:</strong></span> <span class='ocrx_word' id='word_1_881' title='bbox 2563 5409 2820 5482; x_wconf 87' lang='lat' dir='ltr'><strong>speciem,</strong></span> <span class='ocrx_word' id='word_1_882' title='bbox 2850 5414 2908 5464; x_wconf 91' lang='lat' dir='ltr'><strong>et</strong></span> <span class='ocrx_word' id='word_1_883' title='bbox 2953 5404 3222 5479; x_wconf 90' lang='lat' dir='ltr'><strong>quomodo</strong></span> <span class='ocrx_word' id='word_1_884' title='bbox 3258 5402 3376 5476; x_wconf 87' lang='lat' dir='ltr'><strong>ipse</strong></span> <span class='ocrx_word' id='word_1_885' title='bbox 3405 5400 3485 5474; x_wconf 90' lang='lat' dir='ltr'><strong>gi-</strong></span> <span class='ocrx_word' id='word_1_886' title='bbox 3543 5456 3551 5485; x_wconf 40' lang='grc' dir='ltr'><strong><em>ἶ</em></strong></span> 
     </span>
    </p>
   </div>
   <div class='ocr_carea' id='block_1_114' title="bbox 1895 5495 3483 5579">
    <p class='ocr_par' dir='ltr' id='par_1_114' title="bbox 1895 5495 3483 5579">
     <span class='ocr_line' id='line_1_114' title="bbox 1895 5495 3483 5579; baseline -0.009 -16"><span class='ocrx_word' id='word_1_887' title='bbox 1895 5505 2081 5579; x_wconf 89' lang='lat' dir='ltr'><strong>gnenti</strong></span> <span class='ocrx_word' id='word_1_888' title='bbox 2126 5520 2232 5561; x_wconf 91' lang='lat' dir='ltr'><strong>non</strong></span> <span class='ocrx_word' id='word_1_889' title='bbox 2284 5504 2459 5574; x_wconf 89' lang='lat' dir='ltr'><strong>impar</strong></span> <span class='ocrx_word' id='word_1_890' title='bbox 2496 5502 2726 5566; x_wconf 91' lang='lat' dir='ltr'><strong>oriatur,</strong></span> <span class='ocrx_word' id='word_1_891' title='bbox 2778 5507 2834 5556; x_wconf 89' lang='lat' dir='ltr'><strong>et</strong></span> <span class='ocrx_word' id='word_1_892' title='bbox 2877 5495 3148 5570; x_wconf 91' lang='lat' dir='ltr'><strong>quomodo</strong></span> <span class='ocrx_word' id='word_1_893' title='bbox 3198 5495 3483 5566; x_wconf 90' lang='lat' dir='ltr'><strong>utriusque</strong></span> 
     </span>
    </p>
   </div>
   <div class='ocr_carea' id='block_1_115' title="bbox 1896 5585 3483 5672">
    <p class='ocr_par' dir='ltr' id='par_1_115' title="bbox 1896 5585 3483 5672">
     <span class='ocr_line' id='line_1_115' title="bbox 1896 5585 3483 5672; baseline -0.009 -16"><span class='ocrx_word' id='word_1_894' title='bbox 1896 5598 2132 5672; x_wconf 89' lang='lat' dir='ltr'><strong>Spiritus</strong></span> <span class='ocrx_word' id='word_1_895' title='bbox 2152 5596 2368 5667; x_wconf 90' lang='lat' dir='ltr'><strong>utrique</strong></span> <span class='ocrx_word' id='word_1_896' title='bbox 2382 5603 2690 5651; x_wconf 61' lang='lat' dir='ltr'><strong>coaeternus</strong></span> <span class='ocrx_word' id='word_1_897' title='bbox 2713 5590 2974 5666; x_wconf 86' lang='lat' dir='ltr'><strong>procedat</strong></span> <span class='ocrx_word' id='word_1_898' title='bbox 2994 5586 3256 5646; x_wconf 85' lang='lat' dir='ltr'><strong>ostendit.</strong></span> <span class='ocrx_word' id='word_1_899' title='bbox 3279 5585 3483 5658; x_wconf 80' lang='lat' dir='ltr'><strong>Aperte</strong></span> 
     </span>
    </p>
   </div>
   <div class='ocr_carea' id='block_1_116' title="bbox 1893 5680 3480 5765">
    <p class='ocr_par' dir='ltr' id='par_1_116' title="bbox 1893 5680 3480 5765">
     <span class='ocr_line' id='line_1_116' title="bbox 1893 5680 3480 5765; baseline -0.009 -14"><span class='ocrx_word' id='word_1_900' title='bbox 1893 5708 2131 5765; x_wconf 87' lang='lat' dir='ltr'><strong>namque</strong></span> <span class='ocrx_word' id='word_1_901' title='bbox 2161 5703 2288 5748; x_wconf 91' lang='lat' dir='ltr'><strong>tunc</strong></span> <span class='ocrx_word' id='word_1_902' title='bbox 2313 5690 2636 5756; x_wconf 91' lang='lat' dir='ltr'><strong>videbimus,</strong></span> <span class='ocrx_word' id='word_1_903' title='bbox 2663 5690 2935 5761; x_wconf 91' lang='lat' dir='ltr'><strong>quomodo</strong></span> <span class='ocrx_word' id='word_1_904' title='bbox 2961 5686 3066 5743; x_wconf 90' lang='lat' dir='ltr'><strong>hoc</strong></span> <span class='ocrx_word' id='word_1_905' title='bbox 3098 5682 3243 5756; x_wconf 89' lang='lat' dir='ltr'><strong>quod</strong></span> <span class='ocrx_word' id='word_1_906' title='bbox 3291 5680 3480 5739; x_wconf 78' lang='lat' dir='ltr'><strong>orien-</strong></span> 
     </span>
    </p>
   </div>
   <div class='ocr_carea' id='block_1_117' title="bbox 1894 5778 3485 5855">
    <p class='ocr_par' dir='ltr' id='par_1_117' title="bbox 1894 5778 3485 5855">
     <span class='ocr_line' id='line_1_117' title="bbox 1894 5778 3485 5855; baseline -0.009 -13"><span class='ocrx_word' id='word_1_907' title='bbox 1894 5787 2021 5843; x_wconf 92' lang='lat' dir='ltr'><strong>dum</strong></span> <span class='ocrx_word' id='word_1_908' title='bbox 2059 5791 2162 5851; x_wconf 88' lang='lat' dir='ltr'><strong>est,</strong></span> <span class='ocrx_word' id='word_1_909' title='bbox 2193 5784 2244 5840; x_wconf 93' lang='lat' dir='ltr'><strong>ei</strong></span> <span class='ocrx_word' id='word_1_910' title='bbox 2272 5782 2339 5839; x_wconf 88' lang='lat' dir='ltr'><strong>de</strong></span> <span class='ocrx_word' id='word_1_911' title='bbox 2372 5797 2482 5855; x_wconf 91' lang='lat' dir='ltr'><strong>quo</strong></span> <span class='ocrx_word' id='word_1_912' title='bbox 2526 5780 2704 5837; x_wconf 89' lang='lat' dir='ltr'><strong>oritur</strong></span> <span class='ocrx_word' id='word_1_913' title='bbox 2757 5778 3097 5852; x_wconf 86' lang='lat' dir='ltr'><strong>subsequens</strong></span> <span class='ocrx_word' id='word_1_914' title='bbox 3141 5790 3249 5832; x_wconf 91' lang='lat' dir='ltr'><strong>non</strong></span> <span class='ocrx_word' id='word_1_915' title='bbox 3286 5781 3388 5840; x_wconf 86' lang='lat' dir='ltr'><strong>est,</strong></span> <span class='ocrx_word' id='word_1_916' title='bbox 3430 5779 3485 5828; x_wconf 91' lang='lat' dir='ltr'><strong>et</strong></span> 
     </span>
    </p>
   </div>
   <div class='ocr_carea' id='block_1_118' title="bbox 1895 5867 3485 5963">
    <p class='ocr_par' dir='ltr' id='par_1_118' title="bbox 1895 5867 3485 5963">
     <span class='ocr_line' id='line_1_118' title="bbox 1895 5867 3485 5963; baseline -0.013 -21"><span class='ocrx_word' id='word_1_917' title='bbox 1895 5882 2167 5957; x_wconf 88' lang='lat' dir='ltr'><strong>quomodo</strong></span> <span class='ocrx_word' id='word_1_918' title='bbox 2196 5882 2244 5940; x_wconf 88' lang='lat' dir='ltr'><strong>is</strong></span> <span class='ocrx_word' id='word_1_919' title='bbox 2268 5880 2362 5956; x_wconf 90' lang='lat' dir='ltr'><strong>qui</strong></span> <span class='ocrx_word' id='word_1_920' title='bbox 2390 5878 2740 5963; x_wconf 86' lang='lat' dir='ltr'><strong>processione</strong></span> <span class='ocrx_word' id='word_1_921' title='bbox 2792 5875 3111 5952; x_wconf 91' lang='lat' dir='ltr'><strong>producitur</strong></span> <span class='ocrx_word' id='word_1_922' title='bbox 3147 5888 3179 5929; x_wconf 91' lang='lat' dir='ltr'><strong>a</strong></span> <span class='ocrx_word' id='word_1_923' title='bbox 3205 5867 3485 5950; x_wconf 89' lang='lat' dir='ltr'><strong>proferen-</strong></span> 
     </span>
    </p>
   </div>
  </div>
