3998 6336
571 353 682 409 667

1545 366 1877 425 HINCMARI
1909 365 2306 425 RHEMENSIS
2342 366 2859 426 ARCHIEPISCOPI
3700 375 3777 434 568

572 462 721 522 tibus
751 480 858 524 non
879 471 1124 541 praeitur.
1154 473 1357 544 Aperte
1389 484 1516 539 tunc
1536 477 1859 544 videbimus,
1882 478 2155 548 quomodo
2181 479 2236 541 Α
2260 476 2365 533 dua
2395 486 2558 550 atque
2586 476 2968 550 inseparabilis
2995 485 3187 535 sancta
3215 477 3449 537 Trinitas
3462 480 3659 540 dicitur.
3694 485 3781 546 Hoc

573 563 634 613 et
652 572 822 615 unum
841 560 1186 620 divisibiliter
1207 566 1314 621 tria
1344 577 1493 635 sunt,
1522 577 1580 625 et
1607 569 2012 626 indivisibiliter
2056 570 2161 625 tria

572 660 762 704 unum.
786 649 994 724 Lingua
1015 669 1149 727 ergo
1177 665 1306 714 tunc
1333 660 1608 718 narrantis
1636 661 1731 718 Dei
1760 669 1846 718 est
1862 661 1979 718 visa
2001 661 2161 718 clari-

575 745 658 795 tas
694 742 1050 802 subievantis.
1083 766 1103 799 ι
1131 747 1200 805 Et
1227 759 1450 808 sanctus
1483 752 1819 824 Sophronius
1850 752 2160 825 Hierosoly-

568 827 809 887 mitanus
836 834 1145 907 episcopus,
1184 837 1340 909 cujus
1384 842 1812 900 catholicissima
1842 843 2069 915 epistola
2102 844 2159 899 in

568 927 727 975 sexta
755 924 963 994 synodo
997 931 1375 1000 acceptissima
1410 932 1534 999 fuit,
1565 935 1621 991 in
1659 951 1724 992 ea
1753 937 1822 993 ad
1868 937 2048 994 locum
2079 939 2159 994 di-

569 1009 646 1065 cit
679 1029 691 1064 :
723 1010 931 1084 (synod.
975 1034 1062 1084 vi,
1102 1032 1205 1077 act.
1238 1023 1292 1095 9)
1324 1039 1339 1079 :
1375 1044 1394 1078 ι
1444 1024 1629 1099 Neque
1669 1045 1838 1084 unum
1885 1037 2158 1101 quatenus

566 1114 736 1157 unum
750 1114 834 1161 est
847 1107 953 1164 tria
973 1112 1257 1183 recipitur,
1273 1129 1450 1187 neque
1463 1118 1565 1172 tria
1581 1121 1880 1176 secundum
1895 1122 2039 1193 quod
2054 1124 2157 1178 tria

565 1203 696 1248 sunt
733 1212 898 1254 unum
940 1201 1281 1260 advertitur:
1321 1210 1465 1277 quod
1494 1218 1578 1265 est
1629 1211 1880 1268 mirabile
1909 1221 1966 1269 et
2007 1215 2155 1270 omni

568 1295 720 1342 certe
741 1289 961 1359 plenum
984 1304 1221 1367 stupore.
1244 1298 1357 1356 Hoc
1374 1301 1550 1372 ipsum
1571 1318 1807 1376 namque
1829 1315 1886 1362 et
1907 1324 2156 1364 numera-

565 1377 677 1435 bile
701 1391 805 1449 est,
850 1394 907 1439 et
947 1388 1145 1460 refugit
1179 1406 1466 1450 numerum
1497 1411 1512 1449 :
1538 1399 1895 1457 numerabilis
1936 1403 2154 1472 quidem

564 1470 742 1527 tribus
769 1474 883 1530 suis
906 1478 1293 1550 subsistentiis,
1311 1484 1703 1557 refugitautem
1723 1470 2009 1548 numerum
2044 1496 2155 1551 sin-

565 1561 852 1632 gularitate
880 1568 1118 1629 deitatis.
1143 1571 1337 1631 Unitas
1355 1579 1555 1649 quippe
1572 1582 1689 1653 ejus
1709 1585 1962 1640 essentite
1989 1596 2153 1658 atque

564 1661 776 1711 natura:
802 1663 1079 1717 numerari
1108 1666 1326 1734 penitus
1353 1685 1459 1725 non
1505 1672 1794 1742 permittit,
1825 1675 1902 1733 uti
1949 1693 2056 1733 non
2096 1687 2153 1733 et

564 1742 928 1805 diﬁ‘erentiam
957 1752 1174 1811 deitatis
1208 1757 1538 1828 introducat,
1571 1772 1627 1819 et
1657 1779 1723 1819 ex
1764 1765 1867 1822 hoc
1899 1769 2149 1824 essentia:

2262 571 2459 642 quippe
2486 571 2845 642 inseparabile
2894 586 3028 629 vere
3072 572 3291 640 dicitur,
3343 574 3484 645 quod
3530 577 3783 639 nullatenus

2258 662 2658 733 separationem
2681 671 2860 734 potest
2885 664 3147 735 recipere.
3180 662 3315 720 Nam
3335 656 3477 737 quod
3493 680 3591 723 non
3610 683 3784 751 separa-

2261 762 2350 810 tur
2380 754 2473 811 sed
2493 755 2733 827 separari
2757 763 2958 826 potest,
2987 754 3348 826 inseparabile
3389 771 3495 813 non
3530 766 3623 814 est.
3664 759 3786 828 Quod

2259 843 2307 899 si
2336 844 2621 915 quisquam
2646 845 2890 916 separari
2913 860 3074 917 posse
3095 853 3250 917 putat
3269 853 3384 903 tres
3424 847 3574 905 unius
3612 849 3785 908 deitatis

2256 950 2540 1007 personas,
2569 950 2690 1007 quae
2714 952 2820 993 una
2840 926 3014 994 deitas
3041 939 3284 1008 separari
3305 953 3412 994 non
3437 947 3602 1010 potest
3642 941 3688 996 in
3707 943 3786 998 tri-

2258 1024 2360 1082 bus
2382 1028 2653 1097 personis,
2677 1044 2785 1084 non
2816 1028 3059 1085 Trinitas
3083 1028 3463 1100 inseparabilis
3488 1042 3566 1086 est
3584 1031 3785 1100 dicenda,

2257 1116 2357 1174 sed
2387 1119 2584 1175 unitas.
2644 1118 2724 1175 Ne
2765 1120 2886 1190 quis
2940 1135 3070 1177 vero
3132 1120 3266 1176 mihi
3319 1119 3458 1177 forte
3503 1135 3787 1193 succenseat,

2257 1211 2400 1280 quod
2423 1211 2535 1266 dixi
2563 1211 2802 1269 voluisse
2828 1213 3205 1270 demonstrare
3226 1212 3522 1277 Sedulium,
3547 1230 3643 1270 non
3666 1215 3787 1273 locali

2257 1308 2405 1356 motu
2443 1300 2639 1357 Filium
2672 1318 2703 1357 a
2730 1302 2843 1359 Deo
2888 1301 3054 1359 Patre
3105 1304 3368 1376 genitum,
3419 1303 3658 1374 Spiritum
3692 1321 3789 1361 san-

2256 1401 2407 1448 ctum
2430 1408 2463 1447 a
2486 1392 2647 1449 Patre
2672 1393 2918 1465 Filioque
2947 1395 3261 1465 procedere,
3293 1394 3351 1449 in
3371 1410 3438 1451 eo
3457 1395 3590 1466 quod
3619 1404 3788 1453 ternam

2254 1493 2439 1541 etnon
2490 1485 2688 1540 trinam
2724 1485 2888 1540 ﬁdem
2947 1486 3104 1552 dixit,
3159 1484 3438 1557 satisfacio
3484 1501 3597 1542 meo
3643 1486 3791 1543 lectori

2255 1576 2359 1631 hoc
2388 1591 2475 1632 me
2504 1576 2630 1632 inde
2656 1576 3007 1643 intellexisse,
3036 1592 3164 1633 cum
3196 1576 3311 1632 dixi
3337 1592 3444 1632 non
3491 1575 3636 1632 locali
3657 1587 3789 1642 motu,

2253 1670 2397 1739 quod
2420 1669 2680 1724 Dominus
2701 1668 2834 1724 dicit
2861 1687 2874 1723 :
2906 1668 3011 1735 Qui
3032 1686 3112 1724 me
3133 1670 3279 1744 misit
3320 1685 3480 1725 verax
3527 1679 3597 1725 est
3645 1668 3788 1741 (Joan.

2251 1775 2370 1826 vni,
2394 1760 2520 1833 26);
2557 1762 3071 1837 tanquamodiceret,
3098 1762 3277 1833 inquit
3316 1760 3636 1834 Augustinus
3660 1776 3676 1816 :
3698 1760 3790 1815 ldeo

562 1845 620 1891 et
645 1830 853 1897 natura:
877 1851 934 1898 et
963 1844 1189 1902 deorum
1209 1849 1610 1909 multitudinem
1632 1870 1800 1911 unum
1822 1858 2148 1929 principium
2178 1841 2228 1902 Β
2252 1868 2446 1908 verum
2477 1853 2619 1920 dico,
2641 1852 2769 1924 (illia
2795 1852 2967 1909 Filius
2992 1854 3203 1909 νθΐείείε
3248 1853 3452 1909 veritas
3491 1850 3641 1924 506
3676 1865 3786 1915 δαίθ’

562 1926 722 2000 505
751 1930 937 1989 faciat.
975 1934 1165 1993 Omnis
1190 1938 1376 2011 itaque
1405 1959 1664 2002 numerus
1702 1926 2148 2005 contubernalem

561 2016 725 2074 habet
745 2019 1127 2094 diﬁerentiam,
1149 2037 1205 2083 et
1223 2033 1402 2088 omnis
1429 2032 1734 2091 diﬁ‘ereutia
1756 2045 1919 2108 atque
1944 2039 2152 2097 discre~

558 2109 639 2164 tio
663 2126 949 2170 numerum
977 2110 1352 2189 superinducit
1401 2133 1464 2180 ut
1518 2126 1763 2184 insitum.
1819 2129 2152 2190 Numeratur

555 2212 689 2271 ergo
710 2200 871 2259 beata
898 2204 1161 2279 Trinitas,
1196 2227 1306 2269 non
1328 2218 1587 2274 essentiis
1604 2259 1619 2285 ,
1647 2235 1757 2275 non
1781 2224 2016 2290 naturis,
2048 2239 2152 2280 nec

559 2293 791 2352 diversis
807 2297 1027 2357 deitatis
1054 2303 1291 2360 ternisve
1311 2306 1792 2368 dominationibus.
1807 2313 1984 2380 Absit,
2011 2316 2152 2372 sicut

556 2386 839 2445 insaniunt
863 2392 1076 2462 Ariani,
1106 2405 1162 2452 et
1187 2399 1314 2454 novi
1338 2401 1590 2471 tritheite,
1614 2405 1670 2461 id
1688 2415 1773 2462 est
1793 2408 1950 2466 trinae
1974 2410 2152 2466 deita-

556 2481 631 2539 tis
664 2481 971 2543 la'tratores.
1006 2509 1026 2542 ι
1057 2490 1259 2549 Beatus
1276 2494 1441 2551 etiam
1462 2497 1785 2557 Ambrosius
1809 2501 1864 2557 in
1912 2505 2152 2561 secundo

456 2596 459 2597 ν
556 2571 699 2632 libro
725 2577 793 2634 de
813 2577 1020 2650 Spiritu
1048 2593 1259 2653 sancto,
1289 2587 1667 2649 demonstrans
1700 2596 1959 2666 quoniam
2007 2598 2152 2654 trina

556 2665 925 2736 pluralitatem
953 2674 1118 2738 habet
1144 2692 1307 2748 quam
1361 2695 1467 2735 non
1521 2665 1729 2754 recipit
1764 2686 1956 2754 deitas,
2007 2688 2152 2744 inter

557 2760 666 2816 alia
682 2762 831 2854 Adicit
856 2765 996 2839 (cap.
1023 2768 1112 2840 11)
1139 2788 1153 2824 :
1189 2789 1208 2823 ‹
1237 2771 1374 2840 Quia
1402 2775 1565 2830 tertio
1585 2778 1814 2848 repetita
1841 2779 2012 2852 ﬁgura
2040 2797 2152 2854 my-

559 2852 1107 2923 steriioperationem
1151 2860 1441 2920 Trinitatis
1486 2868 1774 2936 expressit,
1820 2878 1876 2925 et
1922 2871 2044 2927 ideo
2094 2852 2151 2927 in

558 2945 836 3014 mysteriis
856 2946 1211 3020 interrogatio
1230 2953 1374 3009 trina
1398 2955 1661 3025 defertur,
1705 2967 1762 3015 et
1807 2961 2152 3020 conﬁrmatio

556 3035 702 3089 trina
747 3036 1071 3096 celebratur.
1112 3062 1131 3096 i
1174 3044 1242 3099 Et
1285 3045 1342 3100 in
1384 3046 1524 3104 libro
1564 3051 1802 3107 secundo
1856 3053 1922 3109 de
1975 3054 2148 3112 Fide:

564 3149 584 3184 ι
622 3129 764 3199 Quid
792 3133 897 3189 sibi
940 3136 1059 3191 vult
1109 3139 1211 3195 sub
1239 3155 1348 3196 uno
1391 3143 1611 3199 nomine
1659 3146 1963 3204 sanctitatis
2008 3150 2151 3207 trina

558 3221 849 3292 repetitio?
878 3223 937 3280 Si
960 3226 1102 3281 trina
1127 3230 1394 3300 repetitio,
1424 3248 1522 3288 cur
1546 3249 1654 3289 una
1682 3235 1953 3293 laudatio?
1973 3239 2019 3294 si
2046 3257 2151 3298 una
2180 3210 2227 3276 Ο

556 3314 833 3402 laudatio?
858 3336 958 3376 cur
1003 3322 1146 3378 trina
1188 3324 1477 3395 repetitio?
1523 3328 1685 3385 Trina
1734 3332 1986 3402 repetitio
2032 3350 2147 3400 cur,

559 3408 667 3465 nisi
692 3398 823 3480 quia
844 3409 1009 3467 Pater
1040 3422 1095 3469 et
1118 3412 1288 3470 Filius
1311 3426 1364 3470 et
1390 3415 1626 3487 Spiritus
1675 3398 1894 3478 sanctus
1948 3398 2153 3480 sancti-

554 3507 667 3555 tate
695 3516 864 3557 unum
890 3503 1056 3557 sunt?
1085 3523 1103 3555 ι
1136 3503 1356 3560 Etitem
1383 3524 1395 3559 :
1428 3526 1445 3558 ε
1476 3506 1614 3575 Quia
1641 3509 1962 3568 divisionem
1985 3528 2152 3585 quam

558 3591 709 3646 trina
734 3592 1076 3649 demonstrat
1103 3609 1212 3649 non
1239 3596 1447 3666 patitur
1491 3599 1673 3656 unitas
1722 3602 1962 3670 deitatis,
2010 3605 2152 3662 sicut

555 3681 838 3739 multoties
860 3692 915 3738 et
939 3685 993 3739 in
1016 3684 1154 3743 libro
1179 3688 1417 3746 secundo
1458 3692 1526 3746 de
1580 3691 1782 3763 Spiritu
1836 3705 2027 3754 sancto
2070 3700 2153 3754 di-

552 3773 673 3829 cit:
719 3773 1000 3831 Abraham
1043 3786 1152 3834 tres
1188 3779 1326 3836 vidit
1378 3790 1432 3836 et
1487 3798 1653 3839 unum
1702 3786 1969 3856 adoravit,
2020 3790 2150 3862 quia

553 3879 698 3921 unus
723 3865 886 3931 Deus,
918 3882 1059 3945 unus
1086 3869 1369 3939 Dominus,
1394 3881 1451 3928 et
1473 3889 1613 3930 unus
1638 3875 1873 3946 Spiritus
1903 3897 1917 3934 :
1944 3888 2002 3936 et
2028 3881 2150 3938 ideo

553 3957 738 4012 unitas
779 3957 1024 4026 honoris,
1075 3961 1202 4032 quia
1240 3963 1422 4020 unitas
1468 3968 1772 4036 potestatis.
1805 3989 1824 4023 ι
1872 3971 1940 4027 Ει
1966 3972 2143 4030 item:

556 4067 579 4103 ι
614 4049 897 4118 Quomodo
922 4052 1066 4107 enim
1092 4053 1463 4124 pluralitatem
1516 4060 1712 4131 recipit
1737 4062 1921 4119 unitas
1952 4065 2149 4121 divini-

553 4141 700 4210 tatis,
732 4158 859 4199 cum
886 4144 1171 4215 pluralitas
1212 4150 1425 4205 numeri
1481 4151 1573 4217 sit,
1628 4168 1916 4212 numerum
1964 4164 2148 4213 autem

549 4246 660 4288 non
681 4233 911 4305 recipiat
939 4235 1125 4290 divina
1152 4239 1385 4294 natura?
1416 4258 1436 4293 ι
1475 4239 1628 4297 Unde
1674 4251 1932 4314 putamus
1981 4261 2149 4303 vene-

550 4326 785 4382 randum
813 4326 1114 4397 Sedulium,
1144 4346 1252 4386 non
1295 4334 1516 4402 trinam,
1568 4336 1663 4393 sed
1717 4346 1928 4395 ternam
1982 4340 2147 4398 ﬁdem

552 4419 607 4473 in
630 4419 750 4491 lege
772 4405 934 4476 metri
959 4437 1163 4491 ponere
1185 4426 1443 4494 voluisse,
1474 4437 1534 4484 ut
1569 4431 1971 4491 demonstraret
1991 4438 2149 4508 quasi

550 4514 787 4584 quodam
811 4514 1163 4586 inseparabili
1203 4519 1299 4575 sed
1346 4535 1453 4576 non
1508 4522 1665 4579 locali
1718 4535 1890 4593 motu,
1938 4528 2032 4599 qui
2089 4529 2146 4585 in

553 4613 707 4660 terna
733 4617 817 4662 est
847 4622 879 4661 a
905 4618 990 4662 ter
1017 4609 1281 4678 derivata,
1304 4613 1430 4683 quia
1455 4614 1625 4672 Filius
1652 4617 1718 4673 de
1739 4616 1902 4674 Patre
1935 4621 2009 4676 sit
2046 4636 2145 4676 na-

552 4705 663 4765 tus,
695 4706 751 4755 et
780 4700 847 4755 de
872 4700 1038 4758 Patre
1063 4718 1128 4759 ac
1150 4703 1288 4761 Filio
1319 4706 1556 4778 Spiritus
1601 4720 1822 4768 sanctus
1861 4714 2141 4784 procedat.

554 4789 778 4860 Singula
803 4792 1056 4850 videlicet
1091 4812 1321 4869 quisque
1345 4815 1579 4869 persona
1628 4802 1820 4873 plenus
1871 4812 1929 4860 et
1965 4805 2144 4885 perfe-

486 4890 494 4944 ί
551 4890 675 4940 ctus
698 4884 859 4951 Deus,
882 4902 1131 4958 unusque
1163 4891 1354 4960 plenus
1396 4902 1451 4947 et
1501 4892 1773 4963 perfectus
1812 4897 1974 4967 Deus,
2028 4884 2142 4958 tres

551 4972 714 5028 simul
743 4976 901 5032 unius
946 4977 1176 5035 Deitatis
1213 4982 1266 5035 in
1320 4982 1424 5038 hac
1461 4991 1650 5040 sancta
1704 4986 1968 5046 Trinitate
2017 5004 2144 5061 per-

553 5081 721 5133 sonae,
751 5083 889 5139 quas
911 5070 1216 5145 denegabat
1242 5072 1511 5132 Sabellius
1548 5077 1735 5135 dicens
1762 5081 1948 5137 :ldem
1994 5082 2140 5143 Deus

551 5158 768 5229 quando
797 5160 915 5216 vult
939 5160 1105 5220 Pater
1130 5173 1233 5231 est,
1259 5168 1474 5237 quando
1491 5168 1786 5229 vultFilius
1804 5182 1906 5242 est,
1925 5178 2141 5247 quando

550 5250 668 5307 vult
691 5249 928 5322 Spiritus
957 5264 1179 5312 sanctus
1208 5265 1293 5313 est
1320 5276 1335 5313 :
1364 5258 1508 5316 idem
1549 5276 1682 5319 vero
1729 5280 1870 5323 unus
1921 5277 2022 5326 est.
2072 5269 2142 5327 Et

549 5342 722 5398 noluit
745 5343 929 5401 dicere
952 5346 1152 5403 trinam
1170 5349 1355 5419 fidem,
1378 5366 1447 5408 ne
1467 5353 1832 5425 pluralitatem
1852 5360 2136 5432 signando,

548 5435 943 5493 numerabilem
963 5437 1173 5498 faceret
1196 5457 1360 5500 unam
1397 5445 1688 5507 individua:
1710 5459 1875 5524 atque
1924 5451 2137 5526 insepa-

546 5524 807 5617 parabilis
829 5527 1113 5588 Trinitatis
1139 5532 1418 5605 deitatem,
1444 5554 1609 5610 quam
1625 5541 1789 5599 Arius
1812 5524 2135 5617 denegabat.

551 5612 754 5711 Santra
793 5619 895 5678 hos
945 5627 1149 5697 quippe
1201 5626 1256 5682 in
1301 5628 1551 5688 Paschali
1602 5637 1843 5693 carmine
1899 5612 2135 5711 scripsit.

550 5703 783 5780 Propter
809 5727 969 5768 unam
997 5719 1140 5775 enim
1163 5722 1514 5796 eamdemque
1538 5727 1816 5799 deitatem,
1861 5748 1983 5805 qua:
2008 5703 2137 5792 -tota

556 5806 646 5857 est
664 5799 719 5859 in
746 5802 996 5875 singulis,
1020 5815 1134 5871 tota
1160 5811 1216 5867 in
1245 5813 1420 5873 tribus
1448 5817 1607 5875 simul
1630 5799 1898 5892 personis;
1944 5824 2139 5901 indivi-

2170 4577 2223 4638 D

2254 1948 2419 2003 Pater
2477 1962 2646 2004 verax
2700 1956 2787 2004 est
2808 1988 2825 2015 ,
2875 1947 3047 2005 Filius
3096 1947 3306 2004 veritas
3342 1986 3361 2015 ,
3425 1946 3559 2003 sicut
3600 1960 3629 1999 a
3669 1943 3792 1999 Patre

2253 2040 2446 2108 Filius,
2476 2041 2552 2096 ita
2568 2057 2607 2098 a.
2621 2041 2805 2099 veraci
2842 2041 3068 2109 veritas,
3090 2048 3146 2097 et
3162 2042 3271 2098 hoc
3288 2048 3376 2097 est
3400 2057 3415 2095 :
3445 2036 3547 2107 Qui
3562 2037 3686 2093 misit
3712 2052 3788 2091 ne.

2257 2136 2539 2209 Scriptura
2605 2138 2808 2195 etenim
2868 2153 3024 2194 sacra
3069 2153 3179 2194 suae
3229 2135 3605 2210 profunditatis
3651 2132 3792 2188 altitu-
3814 2188 3843 2223 Α.

2258 2231 2440 2286 dinem
2471 2231 2631 2287 nobis
2660 2231 2902 2302 pandere
2936 2230 3204 2300 nequiret,
3261 2229 3310 2286 si
3340 2243 3448 2285 non
3492 2227 3562 2282 ita
3597 2240 3648 2283 se
3672 2223 3790 2279 nobis

2256 2332 2745 2394 contemperasset,
2780 2330 2841 2379 ut
2863 2337 2964 2379 nos
2994 2323 3065 2378 ad
3106 2336 3267 2379 suam
3296 2320 3677 2393 intelligentiam
3696 2318 3789 2374 sub-

2254 2413 2484 2481 levaret,
2522 2422 2577 2470 et
2602 2413 2863 2470 interiora
2882 2429 2980 2470 sua
3005 2428 3104 2484 per
3133 2428 3195 2467 ea
3224 2427 3349 2484 qua;
3371 2412 3512 2469 circa
3555 2424 3645 2466 nos
3678 2417 3786 2474 sunt,

2256 2516 2556 2579 nostroque
2582 2522 2735 2563 more
2761 2506 3032 2578 loquendo
3062 2506 3462 2570 demonstrans,
3505 2503 3637 2559 velut
3657 2501 3695 2559 si
3718 2515 3788 2555 ur-

2255 2606 2432 2663 banus
2452 2610 2508 2658 et
2529 2603 2751 2674 quidam
2803 2600 3165 2671 doctiloquus,
3208 2598 3440 2671 puerulo
3481 2596 3725 2654 blandiens
3747 2604 3788 2651 et

2256 2697 2604 2770 applaudens,
2639 2697 2706 2753 de
2734 2695 2997 2751 industria
3045 2695 3214 2751 verba
3241 2692 3471 2760 molliat,
3502 2700 3555 2749 et
3584 2689 3786 2762 quodam-

2256 2791 2419 2847 modo
2448 2788 2793 2861 infringendo
2815 2787 3099 2849 balbutiat.
3133 2787 3278 2845 Hinc
3297 2803 3426 2862 ergo
3453 2786 3585 2842 misit
3606 2798 3708 2840 cum
3728 2781 3787 2838 di-

2257 2885 2422 2952 citur,
2459 2885 2616 2956 quasi
2647 2885 2869 2955 quidam
2896 2884 3076 2941 mot'us
3099 2884 3340 2941 videtur.
3389 2883 3493 2941 Sed
3529 2883 3609 2938 hic
3644 2878 3785 2937 localis

2256 2988 2438 3035 motus
2468 2992 2577 3032 non
2603 2984 2687 3033 est
2716 2976 3116 3047 intelligendus,
3153 2976 3301 3032 sicut
3347 2990 3448 3033 nec
3489 2976 3541 3031 in
3581 2988 3638 3029 eo
3679 2967 3786 3042 quod

2257 3071 2396 3127 dixit
2420 3089 2433 3125 :
2463 3069 2639 3136 Dedit,
2662 3069 2795 3141 quin
2816 3069 3001 3136 Pater,
3034 3067 3179 3125 Filio
3199 3070 3394 3149 (rabere
3411 3071 3560 3124 vitam
3582 3069 3632 3122 in
3647 3069 3785 3120 tenet-

2257 3163 2371 3234 ipso
2411 3162 2597 3235 (Joan.
2622 3178 2678 3229 v,
2709 3160 2823 3235 26),
2873 3162 3019 3232 quod
3052 3172 3158 3228 est,
3210 3161 3621 3256 genuit-F_ilium
3659 3156 3783 3256 vitam

2258 3253 2551 3311 habentem
2594 3253 2648 3308 in
2694 3252 2986 3324 semetipso
3018 3264 3115 3309 :et
3155 3253 3347 3310 missio
3399 3251 3615 3324 Spiritus
3653 3251 3782 3304 sancti

2258 3347 2373 3418 ipsa
2394 3346 2670 3418 processio
2704 3353 2812 3413 est,
2838 3361 2947 3417 qua
2974 3361 3044 3402 ex
3077 3345 3245 3403 Patre
3294 3345 3455 3440 simul

2256 3436 2417 3503 Filio,
2447 3437 2589 3494 sicut
2611 3451 2804 3494 omnes
2833 3437 3088 3494 catholici
3109 3438 3366 3495 doctores
3383 3438 3447 3494 de
3484 3431 3782 3493 sanctisScri-

2255 3533 2433 3604 pturis
2482 3530 2924 3589 manifestissime
2957 3534 3172 3589 docent.
3242 3532 3410 3589 Multo
3450 3531 3612 3587 minus
3643 3533 3779 3626 autem

2255 3640 2421 3695 quam
2447 3634 2622 3691 terna,
2652 3626 2765 3682 imo
2786 3624 3096 3681 nullomodo
3115 3627 3338 3697 prOprie
3360 3625 3416 3680 in
3436 3623 3540 3679 Deo
3561 3628 3633 3677 est
3671 3623 3777 3671 trina

2254 3714 2389 3771 ﬁdes
2421 3714 2795 3787 intelligenda;
2844 3715 2940 3771 sed
2986 3717 3128 3772 sicut
3174 3717 3325 3806 dicit
3348 3704 3778 3806 Apostolus-illst"

2254 3805 2422 3874 Deus,
2443 3822 2553 3861 una
2581 3805 2735 3876 ﬁdes,
2760 3821 2923 3861 unum
2947 3805 3206 3877 baptisma
3257 3804 3468 3881 (Ephes.
3496 3820 3565 3871 tv,
3592 3800 3657 3873 5),
3682 3800 3776 3868 quia

2254 3896 2406 3965 licet,
2433 3905 2496 3952 ut
2522 3898 2715 3955 beatus
2757 3898 2890 3955 dicit
2941 3896 3263 3971 Gregorius,
3311 3914 3413 3956 nec
3456 3894 3660 3954 inﬁdelis
3690 3890 3777 3945 sine

2254 3986 2360 4043 ﬁde
2386 3988 2557 4056 vivat,
2585 3990 2701 4045 sola
2726 3999 2912 4047 tamen
2940 3998 3026 4046 est
3073 3990 3345 4048 catholica
3389 4004 3504 4062 qua:
3539 3989 3774 4044 humanum

2252 4094 2423 4151 genus
2444 4080 2772 4149 sanctiﬁcat,
2811 4080 2924 4138 sola
2949 4082 3210 4139 viviﬁcat.
3270 4084 3339 4139 Et
3374 4082 3494 4138 licet
3530 4080 3624 4135 sint
3659 4072 3770 4131 varia

2252 4175 2582 4246 baptismate
2611 4185 2667 4233 et
2708 4176 3089 4234 haereticorum
3140 4178 3381 4246 lavacra,
3433 4192 3546 4248 quae
3590 4173 3704 4230 sicut
3731 4166 3771 4221 in

2252 4264 2370 4336 lege
2398 4264 2555 4335 juxta
2580 4266 2899 4336 Apostolnm
2929 4283 3036 4324 non
3057 4276 3312 4339 poterant
3340 4267 3615 4339 perfectum
3633 4259 3771 4316 facere

2252 4355 2598 4422 servientem,
2624 4356 2699 4412 ita
2730 4372 2876 4413 nunc
2901 4358 3169 4430 proﬁcere
3192 4376 3301 4417 non
3345 4359 3518 4415 valent
3541 4356 3602 4411 ad
3637 4346 3771 4450 perit!-

2251 4456 2353 4501 cta:
2373 4448 2712 4521 purgationis
2730 4448 3051 4506 lomentum.
3082 4451 3288 4509 Tamen
3326 4466 3487 4509 unum
3523 4455 3597 4505 est
3636 4444 3769 4511 bapti-

2252 4550 2370 4591 sma
2397 4537 2753 4607 catholicum,
2785 4540 2930 4612 quod
2951 4541 3125 4598 solum
3154 4541 3211 4597 in
3239 4541 3494 4599 catholica
3522 4534 3769 4595 celebratur

2246 4624 2512 4695 Ecclesia,
2558 4636 2615 4683 et
2659 4629 2719 4684 in
2756 4644 2865 4686 una
2909 4630 3017 4689 ﬁde
3048 4631 3307 4689 collatum
3344 4641 3399 4689 et
3439 4636 3681 4698 acceptum
3716 4618 3764 4672 ad

2244 4715 2544 4787 perfectam
2587 4721 2967 4793 purgationem
3015 4723 3362 4781 credentibus
3399 4719 3613 4795 prolicit,
3656 4713 3762 4770 sicut

2244 4815 2466 4865 sanctus
2488 4809 2810 4868 Ambrosius
2840 4804 2892 4868 in
2923 4814 3098 4885 primo
3122 4814 3265 4873 libro
3301 4816 3368 4873 de
3395 4812 3585 4885 Spiritu
3614 4809 3762 4903 san-ctu

2243 4897 2376 4955 dicit
2426 4900 2564 4972 (cap.
2617 4900 2674 4973 5)
2724 4902 2993 4959 :cUnum
3040 4904 3314 4976 inquiens,
3372 4904 3631 4977 baptisma.
3685 4894 3758 4952 Ubi

2242 5000 2422 5046 autem
2443 5006 2550 5047 non
2571 5004 2657 5049 est
2679 4992 2896 5064 plenum
2920 4996 3264 5068 baptismatis
3284 5002 3665 5055 sacramentum.
3682 4998 3757 5042 nec

2241 5081 2586 5154 principium,
2641 5099 2743 5141 nec
2769 5086 2978 5157 species
3017 5088 3197 5161 aliqua
3226 5087 3549 5162 baptismatis
3579 5078 3757 5178 astin

2243 5183 2352 5231 tur.
2392 5175 2620 5233 Plenum
2650 5187 2834 5236 autem
2861 5189 2970 5251 est,
2999 5182 3047 5238 si
3072 5182 3289 5240 Patrem
3330 5190 3384 5239 et
3410 5179 3588 5236 Filium
3629 5169 3755 5240 Spiri:

2244 5277 2467 5338 Wm‘iue
2487 5277 2736 5326 sanctum
2756 5269 3000 5341 fatearis,
3024 5273 3071 5329 si
3097 5288 3265 5330 unum
3290 5286 3468 5345 neges,
3490 5276 3639 5325 totum
3659 5258 3754 5317 sub-

2242 5373 2387 5414 rues.
2421 5359 2491 5415 Et
2516 5363 2968 5431 quemadmodum
2995 5367 3042 5422 si
3077 5382 3242 5423 unum
3293 5367 3347 5423 in
3383 5374 3608 5421 sermone
3639 5366 3750 5411 conl-

2243 5455 2569 5525 prehendas,
2612 5466 2706 5514 aut
2747 5458 2987 5527 Patrem,
3032 5470 3127 5518 aut
3170 5462 3380 5526 Filium,
3426 5465 3511 5514 aut
3542 5449 3748 5548 ΒΡίτίξωΡ

2243 5557 2511 5619 sanctum,
2538 5550 2641 5609 ﬁde
2661 5562 2842 5611 autem
2872 5570 2974 5611 nec
2992 5555 3211 5614 Patrem
3243 5571 3341 5613 nec
3359 5553 3538 5611 Filium
3556 5560 3639 5603 nec
3656 5540 3746 5609 5P"

2243 5641 2409 5698 ritum
2430 5652 2677 5701 sanctum
2702 5646 2958 5720 abneges,
2985 5648 3202 5721 plenum
3231 5658 3313 5705 est
3342 5644 3457 5701 ﬁdei
3499 5643 3744 5730 sacratae?

2244 5745 2357 5792 tum
2390 5754 2404 5791 :
2439 5736 2513 5792 ita
2541 5739 2727 5807 etiam,
2751 5742 2999 5811 quamvis
3026 5741 3244 5799 Patrem
3265 5748 3318 5797 et
3347 5736 3524 5832 Filia-ni
3568 5736 3615 5832 εξ

2245 5827 2408 5885 ritum
2431 5837 2676 5887 sanctum
2701 5810 2874 5903 dicas,
2902 5841 2959 5889 et
2983 5844 3080 5890 aut
3103 5832 3276 5892 Patris
3300 5837 3391 5889 aut
3407 5822 3519 5884 Filii
3540 5824 3618 5877 aut
3643 5810 3735 5883 δρία
