3998 6336
185 387 308 442 559

1247 379 1335 434 DE
1374 375 1514 432 UNA
1554 375 1641 432 ET
1681 373 1821 433 NON
1861 374 2072 432 TRINA
2107 376 2424 434 DEITATE.

3363 367 3472 425 5‘70

185 500 341 555 ritus
361 496 530 552 sancti
564 495 777 550 minuas
820 499 1166 564 potestatem,
1221 507 1448 547 vacuum
1490 500 1571 548 est
1619 503 1782 546 omne
1807 494 1859 554 Α
1888 499 1995 546 tem
2015 491 2325 548 ostendens.
2351 489 2734 563 lnseparabilis
2755 488 2918 560 igitur
2936 483 3338 555 naturaeqnitas
3359 498 3467 540 non

181 583 515 661 mysterium
550 605 562 640 :
604 607 624 638 ι
669 587 736 640 Ει
785 594 907 656 post
957 601 1170 656 pauca:
1207 603 1226 637 ι
1259 585 1437 642 Unum
1484 592 1568 640 est
1635 584 1781 638 enim

181 697 354 752 opus,
385 681 508 750 quia
535 695 702 734 unum
747 689 832 735 est
874 679 1193 750 mysterium
1225 696 1238 732 :
1271 693 1439 732 unum
1485 677 1778 746 baptisma,

179 775 324 845 quia
349 787 496 828 mors
520 786 629 826 una
665 787 766 844 pro
799 771 996 827 mundo
1023 771 1240 827 :unitas
1269 785 1401 842 ergo
1425 769 1778 842 operationis,

179 867 374 922 unitas
428 865 857 937 praedicationis,
902 879 1020 935 quae
1076 878 1184 920 non
1223 873 1399 935 potest
1443 863 1706 934 separari.
1753 879 1774 916 ι

179 957 534 1028 Quapropter
593 957 897 1014 credentes
927 973 1094 1012 unum
1141 957 1310 1012 Deum
1355 966 1467 1012 tres
1517 969 1779 1026 personas

179 1050 354 1105 unius
378 1050 614 1116 deitatis,
643 1059 889 1106 tenentes
909 1066 1073 1106 unam
1105 1049 1266 1106 ﬁdem
1288 1048 1612 1104 catholicam
1656 1061 1777 1117 qua:

178 1141 304 1197 sola
349 1143 676 1208 sanctiﬁcat,
715 1142 827 1197 sola
858 1141 1042 1197 viﬁcat
1074 1141 1336 1197 habentes
1359 1149 1415 1196 ει
1435 1139 1776 1196 celebrantes

177 1248 357 1287 unum
395 1233 688 1303 baptisma,
724 1233 779 1287 in
809 1248 918 1302 quo
944 1233 1060 1288 solo
1088 1232 1306 1302 plenum
1334 1241 1419 1287 est
1443 1231 1569 1286 ﬁdei
1592 1246 1776 1287 sacra—

177 1335 563 1395 mentum,nop
580 1325 934 1382 obaudiemus
946 1324 1454 1391 Gothescalcum,ne
1467 1340 1589 1379 cum
1605 1324 1776 1378 haere-

179 1419 306 1474 ticis
319 1428 532 1488 partem
546 1419 868 1486 habeamus,
884 1429 944 1474 ut
958 1421 1243 1476 credamus
1255 1427 1308 1476 et
1321 1420 1563 1476 dicamus
1575 1419 1773 1475 trinam

178 1509 466 1576 deitatem,
499 1511 698 1565 trinam
722 1511 1094 1578 sanctitatem,
1119 1512 1318 1566 trinam
1359 1511 1555 1576 lucem,
1585 1519 1642 1565 et
1673 1525 1776 1567 cae-

179 1610 296 1655 tera
318 1615 442 1672 qua:
470 1618 634 1672 supra
664 1603 834 1668 dixit;
869 1604 965 1660 sed
991 1605 1283 1660 suademus
1331 1605 1404 1671 ei,
1448 1613 1510 1659 ut
1569 1605 1614 1659 si
1663 1620 1773 1659 nou

177 1693 292 1747 vult
319 1709 448 1749 cum
472 1694 696 1750 Arianis
721 1695 992 1750 haereticis
1033 1696 1089 1750 in
1117 1705 1382 1751 aeternum
1427 1697 1634 1752 habere
1679 1711 1771 1751 so-

175 1787 467 1855 cietatem,
525 1787 750 1854 credat,
808 1788 1172 1856 conﬁteatur,
1231 1789 1408 1855 colat,
1449 1798 1611 1868 canat
1649 1805 1773 1845 cum

1882 594 2062 656 potest
2108 585 2434 657 separabiles
2458 585 2659 642 habere
2694 597 2975 654 personas.
3005 580 3135 637 Haec
3160 593 3291 635 vero
3318 592 3469 634 sum-

1884 695 1987 736 ma:
2016 680 2301 736 Trinitatis
2326 689 2490 750 atque
2515 677 2806 734 individuae
2827 673 3056 731 unitatis
3090 681 3283 728 natura
3303 710 3318 737 ,
3345 684 3466 741 quae

1882 779 1967 826 est
1986 772 2098 828 sola
2126 772 2326 842 ubique
2357 779 2492 838 tota,
2521 771 2664 826 sicut
2695 769 2895 839 ubique
2925 761 3344 838 inseparabilem
3368 761 3467 817 ha-

1881 862 1974 918 bet
1991 863 2254 918 unitatem
2280 870 2491 918 naturae
2514 861 2602 917 vel
2617 861 2818 932 operis,
2836 860 2916 915 sic
2933 857 3333 930 separationem
3355 868 3464 909 non

1880 963 2062 1025 potest
2106 955 2349 1025 recipere
2407 967 2786 1024 personarum.
2831 951 2951 1021 Ipsa
2998 950 3180 1019 itaque
3221 945 3465 1018 operatio

1884 1044 1996 1111 Dei,
2031 1045 2085 1102 id
2115 1055 2198 1102 est
2251 1052 2455 1102 sancta:
2493 1041 2798 1110 Trinitatis,
2827 1041 3078 1097 voluntas
3121 1046 3204 1094 est
3230 1036 3368 1101 Dei,
3407 1041 3464 1089 et

1877 1142 2129 1202 voluntas
2151 1141 2245 1196 Dei
2276 1140 2504 1211 simplex
2531 1147 2636 1204 est,
2661 1144 2718 1193 et
2746 1149 2960 1205 semper
2987 1134 3044 1189 in
3077 1131 3265 1201 requie
3292 1127 3466 1185 beati—

1880 1240 2101 1298 tudinis.
2134 1236 2246 1293 Nec
2274 1235 2417 1291 aliud
2449 1242 2530 1289 est
2556 1235 2667 1288 Deo
2700 1229 2939 1302 operari,
2973 1225 3119 1282 aliud
3157 1223 3325 1290 velle,
3366 1220 3463 1278 sed

1878 1334 2021 1389 idem
2042 1340 2127 1387 est
2151 1330 2225 1386 illi
2245 1327 2382 1385 velle
2409 1336 2464 1383 et
2485 1325 2732 1396 operari,
2773 1323 2900 1394 quia
2925 1319 3174 1375 voluntas
3200 1315 3298 1371 Dei
3336 1310 3466 1369 ειΐε-

1877 1425 2019 1488 ctiva
2040 1422 2277 1496 potentia
2307 1428 2410 1476 est.
2445 1418 2556 1473 Nec
2585 1418 2697 1472 Deo
2723 1414 2867 1470 aliud
2889 1419 2974 1470 est
2997 1425 3117 1468 esse
3140 1407 3283 1463 aliud
3302 1403 3464 1472 velle,

1877 1518 1972 1575 sed
2001 1532 2168 1572 unum
2198 1525 2362 1584 atque
2388 1513 2554 1578 idem,
2589 1518 2644 1565 et
2669 1511 2772 1565 hoc
2798 1516 2973 1564 totum
3012 1502 3263 1574 simplex,
3293 1507 3466 1557 totum

1884 1613 2090 1676 Unitas,
2124 1618 2295 1666 totum
2319 1605 2590 1671 Trinitas,
2643 1611 2815 1658 totum
2847 1597 3128 1674 inodum;
3173 1593 3299 1664 quia
3343 1605 3467 1648 esse

1877 1704 2021 1773 quod
2047 1698 2404 1757 substantiale
2434 1705 2519 1752 est
2545 1709 2711 1750 unum
2743 1701 2825 1748 est
2869 1691 2926 1746 in
2966 1689 3130 1744 Patre
3158 1693 3213 1740 et
3238 1682 3375 1738 Filio
3412 1689 3469 1737 et

1879 1794 2086 1864 Spiritu
2115 1800 2326 1856 sancto,
2359 1799 2417 1844 et
2443 1789 2638 1844 horum
2669 1801 2776 1840 una
2803 1782 2969 1854 508
2995 1779 3136 1836 actio
3164 1785 3273 1839 est,
3323 1773 3468 1864 sicut

175 1876 464 1933 catholicis
539 1877 842 1934 catholicus
919 1877 1138 1934 Patrem
1185 1886 1241 1935 et
1289 1878 1486 1934 Filium
1538 1863 1594 1933 et
1646 1879 1766 1950 Spi-

1875 1863 1980 1942 uua
2009 1885 2259 1940 voluntas
2285 1895 2421 1956 (cap.
2474 1879 2585 1951 M).
2640 1878 2794 1947 Quod
2823 1876 2900 1930 ait
2941 1869 3276 1944 Apostolus:
3307 1863 3464 1956 Chri-

173 1967 342 2023 ritum
373 1967 532 2040 507
564 1978 834 2036 sanctum,
884 1977 1132 2026 sanctam
1161 1972 1369 2028 scilicet
1397 1983 1452 2027 ει
1491 1973 1769 2042 insepara-

173 2055 341 2117 bilem
373 2059 698 2118 Trinitatem
735 2078 903 2118 unum
927 2079 1049 2120 esse
1078 2064 1271 2131 Deum,
1313 2064 1474 2120 unius
1502 2062 1769 2133 ejusdem-

174 2170 278 2225 que
307 2155 552 2221 deitatis,
573 2171 638 2212 ac
681 2170 780 2228 per
809 2157 912 2213 hoc
944 2173 1108 2214 unam
1147 2158 1422 2224 deitatem,
1455 2174 1616 2213 unam
1644 2173 1771 2213 san-

174 2251 445 2311 ctitatem,
499 2266 662 2305 unam
690 2252 878 2318 vitam,
903 2268 1066 2308 unam
1091 2253 1438 2323 sapientiam,
1466 2268 1629 2307 unam
1658 2251 1772 2322 glo-

173 2344 334 2410 riam,
366 2359 536 2399 unum
558 2345 830 2411 timorem,
854 2361 1023 2400 unum
1051 2361 1312 2410 amorem,
1344 2361 1507 2401 unam
1534 2346 1770 2400 charita-

179 2446 277 2492 tem
305 2478 324 2505 ,
357 2453 522 2523 unpm
570 2438 767 2507 lucem,
807 2456 968 2496 unam
1001 2442 1250 2507 salutem,
1285 2457 1450 2497 unam
1483 2441 1767 2508 virtutem,

175 2545 340 2584 uuam
367 2546 584 2601 pacem,
612 2547 778 2587 unam
809 2532 1171 2602 majestatem,
1219 2551 1382 2589 unam
1417 2543 1766 2606 potestatem,

173 2637 342 2678 uuam
369 2624 650 2694 pietatem.
675 2623 832 2681 Sicut
857 2626 1187 2683 Athanasius
1210 2628 1264 2682 in
1290 2628 1468 2698 capite
1484 2627 1607 2682 libri
1625 2635 1768 2682 octa-

176 2715 319 2770 vide
346 2715 498 2771 Fidei
530 2717 737 2774 unitate
789 2717 922 2773 dicit
952 2737 964 2773 :
999 2738 1018 2770 ι
1056 2718 1218 2775 Fides
1259 2720 1421 2774 unius
1451 2719 1768 2774 substantiae

178 2803 463 2862 Trinitatis
491 2807 608 2862 haec
647 2815 749 2874 est,
781 2807 960 2864 Patris
984 2816 1039 2865 et
1083 2808 1209 2864 Filii
1249 2817 1304 2865 et
1329 2808 1564 2879 Spiritus
1594 2809 1768 2865 sancti

178 2897 291 2952 sine
325 2896 481 2952 initio
510 2905 836 2969 temporum,
875 2915 1041 2970 super
1067 2915 1285 2956 omnem
1308 2915 1528 2956 sensum
1562 2909 1617 2956 et
1645 2916 1764 2957 ser-

176 3005 390 3046 monem
429 2999 483 3046 et
507 2991 780 3062 spiritum,
808 3009 913 3048 una
939 2994 1114 3049 virtus
1153 3009 1294 3050 unus
1317 2993 1479 3061 Deus,
1514 2993 1615 3048 tria
1638 3009 1766 3049 vero

177 3080 460 3149 vocabula,
482 3096 590 3136 una
616 3090 873 3153 potestas.
901 3102 921 3136 ›
947 3083 1018 3138 Ει
1037 3084 1155 3139 hzec
1168 3083 1349 3138 omnia
1367 3083 1510 3150 ideo,
1533 3085 1682 3154 quia,
1706 3092 1766 3138 ut

177 3176 512 3247 Augustinus
563 3185 620 3232 et
642 3177 827 3232 caeteri
866 3177 1122 3234 catholici
1171 3177 1423 3234 doctores
1454 3178 1658 3244 dicunt,
1699 3178 1765 3234 de

179 3283 408 3338 quorum
455 3268 636 3325 verbis
657 3277 713 3323 et
756 3269 1006 3325 sensibus
1031 3270 1148 3325 haec
1173 3271 1225 3325 in
1255 3270 1480 3340 prmfato
1505 3270 1644 3326 libro
1683 3272 1764 3326 vir

178 3359 516 3416 venerandus
534 3359 796 3417 Alcuinus
834 3361 1052 3433 collegit
1080 3361 1166 3435 (de
1192 3360 1319 3418 Fid.
1355 3363 1416 3418 S.
1444 3362 1634 3419 Trinit.
1668 3363 1759 3418 lib.

180 3465 222 3517 t,
253 3469 303 3505 c.
334 3451 427 3522 15)
456 3468 470 3506 :
505 3472 524 3504 ι
557 3451 675 3510 Una
700 3463 784 3509 est
809 3465 1020 3519 natura,
1046 3456 1304 3521 essentia,
1327 3456 1653 3522 substantia,
1688 3455 1766 3510 di-

179 3543 397 3610 vinitas,
442 3544 615 3601 deitas
665 3545 846 3603 Patris
893 3556 950 3602 et
983 3546 1108 3602 Filii
1134 3555 1189 3602 et
1217 3545 1452 3618 Spiritus
1481 3549 1676 3616 sancti,
1708 3556 1766 3604 et

178 3636 354 3691 omnia
384 3638 622 3703 nomina,
655 3653 778 3708 quae
806 3639 1165 3695 substantiam
1200 3641 1286 3696 vel
1317 3641 1646 3712 potentiam,
1678 3641 1764 3696 vel

178 3728 466 3783 essentiam
498 3729 594 3784 Dei
625 3729 956 3800 signiﬁcant,
974 3731 1058 3788 vel
1086 3732 1350 3803 quidquid
1371 3733 1589 3803 proprie
1613 3732 1682 3788 ad
1703 3747 1762 3790 se

178 3821 374 3880 dicitur
396 3823 556 3892 Deus,
577 3826 826 3881 omnibus
841 3827 1093 3897 personis
1107 3827 1390 3898 aequaliter
1407 3827 1758 3896 conveniunt,

175 3927 228 3972 ut
269 3917 416 3974 Deus
443 3934 692 3992 magnus,
723 3920 921 3986 bonus,
956 3928 1217 3985 aeternus,
1245 3920 1604 3990 omnipotens,
1631 3936 1758 3976 san-

175 4016 308 4075 ctus,
339 4017 398 4064 et
419 4010 599 4064 omnia
627 4024 747 4080 quae
773 4011 1094 4066 naturaliter
1118 4011 1184 4067 de
1203 4010 1316 4068 Deo
1339 4011 1613 4066 dicuntur.
1641 4009 1761 4067 Non

175 4109 250 4155 est
287 4100 456 4172 igitur
501 4101 714 4172 aliquod
765 4111 973 4159 natum
1026 4117 1245 4170 nomen,
1304 4103 1448 4174 quod
1494 4104 1572 4159 sic
1607 4103 1757 4159 Patri

176 4193 464 4249 convenire
491 4194 685 4264 possit,
717 4203 778 4250 ut
819 4195 957 4252 Filio
991 4204 1051 4251 ut
1084 4195 1310 4267 Spiritui
1337 4205 1526 4269 sancto
1570 4211 1757 4266 aequa-

175 4285 288 4343 liter
329 4289 625 4345 convenire
669 4300 904 4361 nequeat
945 4291 1086 4364 (cap.
1116 4290 1227 4362 l5).
1271 4290 1498 4361 Pr0prie
1538 4291 1757 4360 quidem

175 4376 308 4434 Deus
334 4378 536 4434 dicitur
549 4378 848 4437 substantia
876 4397 982 4437 una
1007 4397 1219 4438 summa
1240 4390 1296 4438 et
1310 4381 1617 4448 ineﬂ'abilis,
1636 4397 1757 4453 qua:

175 4485 384 4542 semper
411 4470 556 4526 idem
583 4480 668 4529 est
694 4473 838 4544 quod
868 4483 974 4541 est,
995 4475 1080 4530 cui
1112 4474 1248 4530 nihil
1279 4475 1534 4531 accidens
1554 4475 1642 4530 vel
1669 4489 1756 4530 re-

171 4562 355 4619 cidens
385 4565 562 4620 inesse
585 4565 807 4635 poterit,
830 4577 950 4636 qua:
977 4580 1193 4637 semper
1218 4574 1303 4621 est
1325 4566 1470 4636 quod
1491 4575 1597 4633 est,
1625 4566 1753 4637 quia
1779 4600 1834 4662 Β

193 4673 382 4730 emper
407 4659 779 4716 immutabilis.
802 4659 937 4716 Item
963 4659 1107 4716 Deus
1136 4675 1365 4732 magnus
1384 4661 1610 4725 dicitur,
1644 4675 1752 4716 non

217 4753 266 4807 ia
280 4751 673 4824 magnitudine,
702 4753 807 4809 nisi
833 4767 940 4823 qua
963 4754 1076 4824 ipse
1090 4768 1320 4825 magnus
1341 4765 1427 4810 est
1451 4760 1508 4809 et
1528 4753 1754 4809 immen-

226 4843 274 4899 ξ.
305 4843 384 4898 Ea
407 4843 572 4914 igitur
598 4844 969 4915 magnitudine
991 4860 1219 4915 magnus
1268 4853 1371 4911 est,
1405 4861 1511 4917 qua
1528 4845 1644 4916 ipse
1670 4854 1754 4901 est

229 4933 547 5006 eemmagni
557 4936 700 5000 tudo,
715 4943 768 4990 et
783 4949 846 4989 ea
861 4935 1104 4992 bonitate
1119 4937 1291 4992 bonus
1303 4944 1406 5001 est,
1423 4951 1530 5007 qua
1542 4936 1658 5007 ipse
1670 4944 1754 4993 est

234 5007 312 5110 Ur
322 5024 452 5098 tas].
477 5025 589 5082 Nec
611 5024 724 5082 Deo
745 5025 889 5081 aliud
911 5035 994 5082 est
1019 5042 1160 5094 esse,
1176 5027 1322 5083 aliud
1342 5042 1594 5099 magnum
1610 5043 1751 5096 esse,

236 5099 531 5193 ﬂiuionum
556 5133 678 5176 esse
695 5136 709 5185 ;
725 5119 820 5175 sed
833 5134 900 5175 eo
911 5135 1017 5191 quo
1031 5131 1136 5188 εει,
1154 5137 1385 5193 magnus
1397 5122 1637 5178 etbonus
1648 5131 1752 5178 est.

237 5190 419 5286 ξάθοεε
444 5218 556 5266 tres
577 5190 940 5277 substantias,
960 5228 1061 5268 nec
1094 5222 1204 5269 tres
1228 5190 1478 5286 magnos,
1509 5229 1613 5271 nec
1641 5224 1755 5272 tres

242 5283 428 5358 bono-2
453 5301 565 5357 Deo
591 5302 774 5359 dicere
798 5301 884 5358 fas
909 5311 995 5361 est
1025 5303 1138 5375 (lib.
1173 5320 1233 5372 ιι,
1252 5322 1300 5360 ο.
1325 5283 1364 5360 '2
1381 5305 1422 5378 ).
1456 5305 1525 5362 Et
1553 5307 1643 5364 ille
1668 5317 1754 5368 est

249 5379 713 5461 Bumm‘xistentia,
742 5410 952 5451 summa
978 5396 1351 5469 intelligentia,
1374 5413 1585 5454 summa
1613 5399 1748 5467 vita,

249 5482 280 5521 ³
307 5478 418 5570 (ᾖα-θ
450 5487 654 5570 ‘omnis
681 5488 809 5554 vita,
840 5488 1020 5545 omnis
1053 5488 1409 5560 intelligentia
1430 5531 1446 5557 ,
1492 5499 1548 5546 et
1571 5491 1750 5548 omnis

251 5563 495 5654 εκξείθίη
529 5579 626 5636 Dei
655 5581 803 5636 enim
831 5581 975 5638 idem
997 5581 1172 5653 ipsum
1200 5591 1284 5638 est
1309 5591 1366 5638 et
1399 5583 1664 5654 potentia,
1692 5591 1750 5639 et

257 5653 578 5750 subswnf‘et
600 5676 875 5742 divinitas,
906 5686 963 5733 et
991 5679 1108 5734 haec
1135 5678 1318 5734 omnia
1344 5653 1529 5742 unum,
1562 5687 1624 5734 ut
1644 5679 1748 5736 hoc
1779 5717 1786 5725 -

259 5753 592 5841 ““E‘Yf‘mx
624 5767 760 5840 (cap.
789 5769 908 5840 15);
938 5771 1063 5840 quia
1090 5786 1258 5828 unum
1301 5785 1436 5841 opus
1460 5779 1543 5827 est
1569 5770 1749 5829 Patris
1789 5783 1794 5786 ‘

262 5845 318 5892 ει
341 5833 466 5890 Filii
492 5841 547 5889 εί
575 5833 718 5920 “itus
740 5833 936 5932 sancti,
954 5833 1023 5922 et
1050 5833 1402 5945 personarum
1443 5866 1748 5938 Pmprie‘a‘

1872 1990 2009 2035 stum
2052 1977 2146 2032 Dei
2192 1954 2432 2030 virtutem
2457 1981 2506 2027 et
2530 1971 2627 2026 Dei
2652 1969 2962 2041 sapientiam
2990 1960 3207 2057 (I‘Cor.
3239 1974 3289 2024 ι,
3319 1954 3461 2057 24).,

1873 2089 1980 2128 non
2009 2073 2083 2126 ita
2108 2067 2515 2140 intelligendum
2543 2075 2648 2131 est,
2676 2061 2818 2134 quod
2848 2060 3012 2116 Pater
3033 2054 3139 2112 dici
3163 2066 3270 2108 non
3289 2053 3464 2140 possit

1871 2165 2046 2220 virtus
2078 2162 2164 2217 vel
2197 2159 2482 2230 sapientia,
2515 2157 2659 2213 sicut
2688 2155 2793 2212 dici
2823 2167 2930 2209 non
2961 2154 3142 2222 potest
3170 2145 3340 2201 Filius
3375 2139 3464 2196 vel

1834 2321 1838 2324 ,
1872 2258 2141 2324 Verbum;
2173 2255 2298 2327 quia
2327 2256 2443 2309 haec
2470 2251 2696 2307 relativa
2726 2257 2852 2306 sunt
2875 2245 3114 2310 nomina,
3139 2241 3278 2298 sicut
3303 2249 3465 2308 supe-

1873 2353 1987 2407 rius
2018 2351 2223 2406 dictum
2248 2355 2332 2404 est
2357 2365 2370 2402 :
2398 2345 2489 2400 illa
2519 2359 2670 2410 vero,
2702 2343 2756 2398 id
2781 2348 2864 2398 est
2893 2339 3068 2394 virtus
3093 2342 3149 2389 et
3171 2327 3462 2403 sapientia,

1866 2441 2250 2500 ‘substantialia
2295 2447 2440 2496 sunt.
2480 2437 2604 2493 ldeo
2644 2434 2806 2490 Pater
2851 2432 3027 2487 virtus
3053 2437 3109 2484 et
3156 2421 3461 2494 sapientia,

1871 2535 2042 2592 Filius
2067 2535 2242 2590 virtus
2267 2543 2323 2589 et
2351 2531 2639 2603 sapientia,
2671 2526 2909 2598 Spiritus
2946 2528 3168 2577 sanctus
3202 2517 3379 2571 virtus
3402 2517 3462 2570 et

1871 2630 2134 2702 sapientia
2160 2648 2173 2683 :
2202 2643 2310 2683 non
2341 2635 2520 2681 tamen
2560 2632 2670 2678 tres
2697 2621 2947 2685 virtutes,
2979 2630 3080 2671 nec
3105 2622 3217 2668 tres
3245 2608 3462 2679 sapien-

1873 2724 1980 2789 tiae,
2014 2723 2108 2779 sed
2135 2736 2241 2776 una
2267 2719 2441 2774 virtus
2470 2726 2525 2774 ct
2553 2731 2662 2772 una
2690 2712 2976 2784 sapientia,
3007 2710 3170 2764 Pater
3201 2714 3257 2761 et
3285 2703 3458 2760 Filius

1871 2825 1925 2873 et
1957 2814 2192 2886 Spiritus
2219 2821 2470 2877 sanctus;
2523 2810 2665 2866 sicut
2712 2823 2821 2862 una
2867 2801 3174 2860 substantia
3199 2841 3216 2868 ,
3261 2805 3318 2855 et
3352 2810 3460 2852 una

1871 2908 2289 2980 omnipotentia,
2341 2915 2396 2962 et
2427 2905 2530 2960 alia
2576 2919 2697 2974 qum
2727 2901 2795 2956 dc
2823 2896 3128 2955 substantia
3159 2889 3461 2950 divinitatis

1871 3002 2143 3058 dicuntur.
2169 3000 2237 3055 Et
2264 3000 2337 3053 ita
2379 2996 2714 3067 intelligatur
2740 2993 2913 3048 Filius
2943 2986 3211 3061 sapientia
3255 2981 3457 3048 Patris,

1869 3095 2139 3165 quomodo
2167 3092 2366 3147 dicitur
2387 3091 2566 3144 lumen
2591 3087 2803 3153 Patris;
2833 3085 2885 3142 id
2907 3091 3089 3151 est,ut
3107 3078 3459 3152 quemadmo-

1870 3187 1997 3242 dum
2029 3187 2210 3241 lumen
2237 3186 2304 3239 dc
2334 3184 2538 3238 lumine
2564 3189 2620 3238 et
2639 3189 2931 3250 utrumque
2958 3190 3122 3232 unum
3145 3173 3351 3239 lumen,
3379 3171 3460 3226 sic

1867 3277 2204 3347 intelligatur
2230 3273 2498 3346 sapientia
2524 3274 2590 3328 de
2618 3271 2900 3342 sapientia,
2936 3277 2992 3324 et
3019 3275 3311 3336 utrumque
3349 3276 3457 3318 una

1866 3371 2131 3441 sapientia
2170 3387 2184 3423 :
2216 3369 2342 3439 quia
2390 3368 2446 3422 in
2484 3365 2577 3421 illa
2621 3361 2968 3434 simplicitate
3011 3368 3221 3414 natura:
3259 3354 3456 3411 divinae

1865 3481 1971 3521 non
2003 3472 2085 3520 est
2104 3462 2249 3518 aliud
2270 3475 2462 3531 sapere
2486 3473 2648 3528 quam
2679 3470 2822 3522 esse,
2846 3468 2946 3510 nec
2979 3451 3126 3507 aliud
3146 3463 3266 3506 esse
3290 3458 3456 3517 quam

1863 3570 2043 3626 posse,
2071 3569 2170 3609 nec
2201 3552 2344 3607 aliud
2375 3564 2532 3622 posse
2567 3563 2730 3620 quam
2771 3547 2974 3602 vivere.
3003 3543 3207 3600 Eadem
3249 3539 3326 3596 ibi
3367 3551 3457 3593 sa-

1863 3648 2070 3718 pientia
2099 3661 2220 3717 quae
2244 3643 2500 3710 essentia,
2543 3643 2734 3697 eadem
2780 3640 2892 3696 vita
2936 3652 3056 3709 quae
3097 3632 3367 3697 essentia,
3399 3636 3458 3685 ει

1865 3744 1984 3798 haec
2028 3743 2212 3796 omnia
2239 3753 2428 3802 unum,
2457 3744 2514 3792 ει
2567 3751 2704 3790 unus
2732 3733 2875 3790 Deus
2899 3734 3036 3805 (cap.
3069 3729 3184 3800 15).
3217 3727 3284 3782 Ει
3315 3724 3457 3780 sicut

1860 3832 2028 3890 Pater
2072 3832 2218 3897 vita,
2260 3831 2336 3886 ita
2384 3840 2440 3885 et
2488 3827 2659 3883 Filius
2701 3825 2837 3892 vita,
2883 3833 2940 3880 et
2962 3823 3201 3894 Spiritus
3231 3827 3455 3875 sanctus

1861 3924 1994 3991 vita,
2025 3924 2153 3994 quia
2190 3936 2358 3977 unum
2388 3935 2528 3992 opus
2567 3927 2651 3975 est
2680 3917 2860 3973 Patris
2889 3926 2943 3972 et
2971 3913 3095 3970 Filii
3125 3921 3180 3966 et
3212 3909 3452 3982 Spiritus

1863 4018 2078 4084 sancti,
2129 4015 2271 4072 sicut
2315 4029 2425 4069 una
2453 4013 2757 4069 substantia
2786 4020 2951 4080 atque
2992 4005 3248 4063 essentia.
3290 4003 3454 4059 Pater

1859 4109 1973 4164 vita
2007 4109 2061 4163 in
2089 4106 2399 4175 semetipso,
2426 4119 2536 4159 non
2562 4102 2632 4158 ab
2660 4101 2799 4167 alio;
2827 4097 2996 4154 Filius
3016 4096 3127 4150 vita
3163 4095 3216 4150 in
3255 4101 3454 4148 semct-

1861 4203 2000 4272 ipso,
2033 4200 2129 4256 sed
2172 4214 2203 4253 a
2240 4196 2439 4263 Patre,
2490 4196 2583 4266 qui
2623 4209 2746 4250 eum
2777 4192 2938 4248 talem
2969 4188 3154 4261 genuit
3194 4195 3254 4242 ut
3282 4186 3451 4240 vitam

1860 4295 2085 4350 haberet
2116 4293 2170 4348 in
2201 4291 2512 4362 semetipso.
2546 4289 2762 4344 Dictum
2789 4285 2991 4356 quippe
3019 4290 3122 4347 est,
3162 4280 3304 4335 sicut
3331 4278 3448 4348 ipse

1858 4380 2029 4436 Filius
2054 4379 2168 4435 ait:
2199 4377 2349 4435 Sicut
2380 4376 2545 4433 Pater
2582 4377 2742 4432 vitam
2771 4372 2924 4428 habet
2960 4373 3017 4426 in
3043 4367 3345 4438 semetipso,
3372 4364 3452 4419 sic

1858 4475 2000 4531 dedit
2021 4482 2071 4529 et
2091 4470 2235 4527 Filio
2261 4474 2419 4526 vitam
2439 4469 2629 4525 habere
2654 4469 2710 4524 in
2737 4466 3009 4536 semetipso
3035 4461 3218 4536 (Joan.
3246 4474 3300 4526 v,
3329 4456 3448 4529 26),

1859 4568 1914 4624 id
1943 4575 2027 4623 est
2050 4565 2237 4638 genuit
2262 4564 2480 4630 Filium,
2523 4563 2689 4617 vitam
2721 4561 2776 4616 in
2815 4558 3108 4629 semetipso
3135 4555 3447 4611 habentem.

1860 4656 1975 4712 Hoc
2000 4656 2178 4711 solum
2211 4656 2456 4720 interest,
2489 4638 2632 4723 quod
2657 4650 2820 4706 Pater
2845 4650 2960 4705 vita
2986 4657 3072 4705 est
3091 4662 3198 4703 non
3224 4658 3448 4700 nascen-

1860 4749 1948 4812 do,
1988 4746 2160 4819 Filius
2189 4746 2300 4800 vita
2334 4754 2419 4801 est
2462 4743 2771 4810 nascendo;
2802 4741 2965 4798 Pater
2992 4740 3060 4796 de
3088 4738 3238 4794 nullo
3271 4744 3446 4807 patre,

1861 4839 2029 4896 Filius
2057 4840 2124 4896 de
2143 4839 2253 4894 Deo
2283 4836 2474 4902 Patre;
2509 4835 2671 4890 Pater
2692 4841 2916 4905 propter
2936 4831 3134 4887 Filium
3147 4828 3311 4884 Pater
3336 4834 3442 4892 est,

1859 4932 2030 4989 Filius
2061 4946 2191 4987 vero
2225 4938 2277 4985 et
2305 4929 2450 5000 quod
2489 4926 2660 4984 Filius
2700 4935 2785 4983 est
2817 4933 3040 4997 propter
3080 4921 3302 4977 Patrem
3337 4926 3444 4985 est,

1859 5036 1914 5085 ει
1935 5026 2081 5099 quod
2101 5033 2186 5081 est
2211 5041 2241 5080 a
2266 5023 2429 5080 Patre
2451 5031 2554 5090 est,
2579 5030 2634 5078 et
2666 5038 2698 5077 a
2723 5021 2834 5076 vita
2863 5019 2976 5073 vita
3006 5025 3110 5072 est.
3141 5013 3324 5079 Pater,
3349 5011 3444 5082 qui

1859 5129 1942 5178 εει
1973 5120 2085 5174 vita
2115 5118 2173 5173 in
2199 5117 2529 5186 semetipso,
2561 5115 2747 5188 genuit
2773 5111 2973 5168 Filium
3017 5109 3112 5180 qui
3146 5115 3293 5162 esset
3329 5104 3442 5158 vita

1858 5213 1915 5268 in
1937 5211 2246 5279 semetipso.
2272 5209 2397 5265 Ideo
2417 5218 2471 5264 et
2486 5209 2599 5278 ipse
2613 5206 2781 5262 Filius
2800 5204 2878 5260 ait
2898 5222 2913 5258 ε
2935 5201 3085 5259 Sicut
3111 5197 3232 5254 vivit
3253 5193 3440 5261 Pater,

1856 5315 1904 5362 et
1942 5320 2035 5377 ego
2078 5304 2191 5360 vivo
2236 5312 2445 5374 propter
2475 5299 2693 5356 Patrem
2721 5297 2906 5370 (Joan.
2932 5310 3006 5359 vr,
3041 5291 3156 5363 58).
3198 5289 3317 5345 Νοη
3364 5288 3441 5342 ita

1857 5398 2062 5456 dictum
2089 5408 2194 5463 est,
2219 5395 2373 5466 quasi
2413 5394 2469 5450 in
2497 5392 2789 5462 semetipso
2810 5388 2981 5446 Filius
3007 5384 3285 5458 propriam
3327 5395 3438 5437 non

1855 5491 2090 5546 haberet
2121 5489 2311 5554 vitam,
2340 5487 2436 5543 sed
2461 5483 2881 5557 participatione
2908 5487 3152 5552 paternae
3185 5476 3313 5533 vitae
3355 5474 3440 5531 vi-

1854 5593 1968 5641 tam
2011 5585 2272 5648 haberet,
2315 5581 2456 5637 sicut
2501 5579 2691 5636 oculus
2738 5575 2973 5634 carnalis
3016 5571 3438 5645 participatione

1850 5679 1991 5736 lucis
2022 5677 2246 5733 alterius
2291 5675 2474 5730 lumen
2520 5674 2757 5744 accipit,
2789 5667 3087 5743 quodnon
3114 5669 3341 5726 haberet
3375 5665 3432 5722 in

1851 5771 2028 5842 seipso
2051 5767 2156 5824 nisi
2182 5767 2397 5823 aliunde
2423 5774 2744 5822 mutuasset.
2787 5764 2894 5821 Sed
2929 5763 3042 5836 jam
3066 5762 3288 5834 jamque
3312 5757 3435 5814 talis

1849 5883 1882 5926 a
1903 5867 2066 5938 Patre
2086 5865 2300 5942 genitus
2325 5875 2410 5926 eat
2426 5863 2620 5934 Filius,
2639 5863 2736 5938 qui
2763 5863 2822 5922 in
2847 5862 3030 5941 seipso
3053 5863 3277 5936 viveret,
3307 5857 3428 5915 Sic-
