3998 6336
591 324 811 406 δτιρ

1548 333 1881 391 HINCMARI
1918 332 2322 392 RHEMENSIS
2360 335 2886 395 ARCHIEPISCOPI
3724 352 3806 410 512

587 468 649 515 ut
679 458 981 527 Pater.non
1022 466 1110 513 est
1142 455 1391 528 indigens
1416 454 1548 522 vita,
1586 454 1670 511 sic
1694 452 1864 510 Filius
1896 468 2003 509 non
2028 452 2171 508 indi-
2196 457 2249 518 Α
2273 469 2397 525 quae
2422 463 2508 511 est
2546 471 2651 511 una
2698 458 2890 523 virtus,
2942 459 3057 516 sive
3107 476 3212 517 una
3257 461 3434 518 forma
3470 468 3806 537 magnitudinis

586 561 678 625 get
705 551 929 607 alterius
944 549 1075 605 vita:
1105 556 1166 605 ut
1189 549 1280 605 sit.
1305 547 1470 604 Pater
1490 547 1629 614 vita,
1658 546 1738 602 sic
1761 554 1817 602 et
1838 544 2011 601 Filius
2036 545 2170 612 vita,

587 654 881 716 utrumque
924 653 1106 699 tamen
1156 656 1267 698 una
1314 641 1424 697 vita
1450 681 1466 707 ,
1514 655 1628 696 non
1673 641 1830 705 duae,
1868 639 1997 710 quia
2033 652 2174 694 unus

572 737 754 803 ,Deus,
789 746 897 792 non
936 735 1044 791 duo
1073 733 1145 789 dii
1170 734 1311 804 (cap.
1343 731 1454 804 18).
1506 730 1774 789 Similiter
1796 739 1853 787 et
1878 731 1945 786 de
1966 728 2175 800 Spiritu

585 840 776 887 sancto
798 836 884 885 est
912 828 1281 890 sentiendum,
1306 826 1452 897 quod
1482 820 1647 881 vitam
1671 825 1871 881 habeat
1892 825 1946 879 in
1971 830 2173 879 semet-

582 924 719 991 ipso,
756 920 1054 990 procedens
1076 935 1106 974 a
1135 918 1300 973 Patre
1326 926 1387 973 et
1412 915 1574 983 Filio,
1617 925 1926 973 coaeternus
1968 923 2023 972 et
2048 930 2177 971 con-

583 1011 956 1069 substantialis
984 1009 1132 1065 Patri
1156 1018 1210 1065 et
1234 1009 1392 1065 Filio.
1417 1009 1483 1064 Et
1497 1009 1803 1080 ubicunque
1819 1009 1874 1064 in
1892 1007 2175 1079 Scriptura

582 1113 773 1160 sancta
825 1101 1025 1174 legitur
1068 1102 1218 1158 solus
1266 1102 1447 1167 Deus,
1484 1117 1593 1157 non
1651 1102 1719 1158 de
1771 1115 1879 1157 una
1939 1099 2178 1171 qualibet

582 1208 820 1266 persona
852 1195 907 1249 iu
939 1200 1131 1250 sancta
1163 1192 1430 1250 Trinitate
1464 1192 1874 1264 intelligendum
1924 1202 2043 1258 est,
2081 1190 2177 1247 sed

582 1289 650 1342 de
695 1295 809 1341 tota
856 1294 1046 1341 sancta
1093 1285 1394 1351 Trinitate,
1427 1301 1549 1357 quae
1585 1285 1871 1355 aequaliter
1916 1292 2177 1354 operatur

584 1381 768 1433 omnia
797 1392 1136 1450 quaecunque
1159 1379 1432 1450 operauda
1463 1393 1584 1434 esse
1621 1376 1852 1447 judicat.
1884 1376 2015 1444 Qua:
2042 1391 2171 1429 san-

583 1481 672 1526 cta
705 1470 947 1527 Trinitas
972 1481 1059 1526 est
1099 1486 1260 1535 unus,
1288 1470 1462 1537 solus,
1494 1470 1704 1534 beatus,
1757 1479 1969 1541 potens,
2037 1469 2175 1524 invi-

582 1569 796 1635 sibilis,
848 1578 904 1624 et
955 1570 1118 1623 vertis
1168 1567 1332 1635 Deus,
1366 1567 1495 1637 quia
1525 1580 1629 1622 una
1674 1566 1915 1637 potentia
1961 1572 2047 1621 est
2089 1572 2173 1618 to-

584 1662 692 1717 tius
734 1670 935 1717 sanctae
984 1660 1290 1717 Ttinitatis.
1333 1659 1521 1731 Neque
1559 1662 1739 1725 enim,
1781 1659 1908 1730 quia
1942 1660 2057 1729 ipse
2085 1657 2174 1713 Fi-

583 1751 687 1808 lius
731 1752 859 1808 alibi
904 1753 1134 1824 loquens
1170 1764 1308 1809 voce
1362 1752 1673 1823 sapientiae,
1721 1752 1836 1823 ipse
1895 1762 1979 1808 est.
2029 1753 2173 1808 enim

2274 546 2597 617 aaqualitatis
2622 549 2762 620 ejus,
2789 550 2903 606 sive
2920 567 3027 607 una
3050 552 3326 622 maiestas,
3351 556 3465 611 sive
3485 572 3588 612 una
3606 560 3804 631 claritas,

2274 655 2395 709 qua:
2415 639 2469 694 in
2493 639 2635 696 hanc
2662 641 2871 696 unitam
2901 642 3159 699 deitatem
3187 644 3538 715 plenitudinis
3560 655 3806 711 secundum

2277 731 2572 802 Scripturae
2602 733 2847 804 regulam
2879 734 2935 789 in
2964 735 3069 791 hoc
3096 736 3215 792 loco
3239 736 3471 793 collecta
3499 743 3810 813 reperiuntur,

2274 823 2519 893 nunquid
2551 823 2629 879 sic
2664 824 2718 879 in
2762 826 2953 881 eadem
2999 826 3201 882 deitate
3246 827 3535 884 Trinitatis
3554 840 3710 901 potest
3738 838 3810 889 ad-

2274 931 2467 972 versus
2498 917 2810 988 Scripturas
2834 918 3045 984 referri,
3070 929 3130 974 ut
3159 930 3268 977 tres
3290 923 3604 991 sapientias,
3630 935 3711 978 aut
3730 935 3811 983 tres

2278 1009 2543 1071 virtutes.
2574 1019 2670 1065 aut
2691 1020 2802 1066 tres
2830 1012 3115 1083 imagines,
3139 1021 3233 1068 aut
3259 1022 3375 1068 tres
3401 1014 3720 1081 substantias,
3746 1029 3815 1074 aut

2279 1109 2390 1156 tres
2424 1100 2721 1165 claritates,
2760 1111 2855 1157 aut
2885 1110 2997 1158 tres
3040 1103 3409 1172 plenitudines
3440 1105 3731 1172 divinitatis,
3751 1109 3815 1164 vel

2274 1201 2472 1247 caetera
2511 1191 2821 1261 hujusmodi
2876 1193 3161 1265 pluraliter
3205 1195 3656 1251 Ariomanitnrum
3702 1214 3814 1256 more

2278 1287 2557 1343 dicamus?
2588 1288 2762 1344 Absit.
2797 1288 2949 1345 Sicut
2976 1299 3053 1355 tu,
3076 1289 3196 1353 Osi,
3220 1289 3339 1360 jam
3371 1293 3426 1345 in
3461 1301 3614 1356 :etate
3632 1295 3811 1363 prolixa,

2272 1379 2407 1448 quin
2434 1395 2532 1449 per
2563 1373 2868 1437 rudimenta
2919 1382 2972 1435 in
3019 1385 3226 1454 synodo
3265 1383 3552 1440 Sirmicusi
3583 1388 3811 1453 catholica,

2272 1481 2468 1526 auctor
2523 1470 2671 1526 fuisti
2702 1490 2715 1525 :
2748 1473 2840 1528 ubi
2873 1473 3031 1528 [idem
3072 1484 3247 1543 tuam,
3269 1491 3436 1546 quam
3461 1476 3513 1529 in
3545 1476 3701 1531 Niwa
3721 1496 3814 1532 core

2274 1567 2597 1635 scripseras,
2627 1564 2837 1619 irritam
2865 1564 3041 1621 fecisti
3072 1567 3200 1622 dum
3231 1568 3396 1638 regim
3425 1569 3663 1638 potestati
3688 1569 3814 1624 iamu-

2278 1657 2432 1713 laris.
2464 1659 2732 1715 Praeterea
2751 1660 2843 1731 qui
2872 1662 3032 1715 morti
3052 1676 3204 1717 esses
3233 1678 3497 1732 perquam
3528 1664 3731 1728 vicinus,
3757 1666 3813 1720 sic

2278 1752 2333 1806 in
2362 1752 2613 1822 laqueum
2646 1753 2924 1823 voraginis
2960 1753 3163 1808 baratri
3197 1755 3463 1818 incidisti,
3507 1764 3564 1807 ut
3589 1756 3812 1811 excideres

583 1844 847 1914 sapientia
903 1843 999 1899 Dei
1038 1858 1161 1915 quae
1186 1844 1264 1899 ait
1300 1861 1314 1897 :
1364 1840 1563 1914 Cyrum
1614 1843 1730 1898 casti
1783 1843 1997 1897 circuivi
2062 1841 2175 1897 sola
2204 1830 2251 1890 Β
2281 1853 2538 1914 tanquam
2574 1856 2822 1900 mortuus
2848 1861 2877 1900 a
2912 1848 3095 1907 corde,
3137 1857 3197 1902 ut
3223 1848 3476 1903 diceres:
3508 1849 3632 1917 Quis
3657 1851 3814 1920 ignoret

585 1934 792 2008 (Eccli.
833 1951 986 2004 xxiv,
1013 1937 1121 2010 8),
1171 1937 1447 2007 separavit
1475 1949 1508 1989 a
1548 1951 1608 1990 se
1658 1935 1874 1990 Patrem
1904 1976 1919 2000 ,
1971 1942 2175 2005 quanto

588 2026 752 2099 509
772 2027 946 2099 magis
969 2043 1103 2100 ergo
1133 2043 1240 2083 non
1265 2036 1350 2083 est
1380 2041 1601 2084 necesse
1623 2036 1683 2082 ut
1711 2026 2085 2082 tantummodo
2113 2026 2178 2081 de

583 2116 744 2177 Patre
774 2131 971 2192 praeter
997 2121 1196 2176 Filium
1221 2122 1307 2177 vel
1335 2120 1598 2193 Spiritum
1624 2131 1874 2177 sanctum
1910 2120 2177 2190 intelliga-

585 2224 673 2270 tttr
696 2215 841 2287 quod
873 2217 1075 2271 dictum
1096 2224 1178 2272 est
1211 2233 1225 2271 :
1257 2214 1413 2271 Solus
1434 2216 1588 2271 habet
1626 2215 2099 2279 immortalitatem,
2130 2224 2176 2268 et

584 2306 753 2363 lucem
782 2310 982 2365 habitat
1004 2309 1412 2364 iuucccssibilem
1430 2308 1479 2381 (1
1502 2308 1638 2362 Tim.
1672 2324 1747 2373 vt,
1786 2310 1872 2369 i6.
1901 2325 2018 2379 cap.
2046 2307 2177 2380 20)?

585 2398 652 2453 Et
676 2396 912 2470 Spiritus
940 2411 1180 2464 sanctus,
1205 2400 1295 2470 qui
1321 2402 1374 2454 in
1410 2400 1708 2470 Scripturis
1740 2400 1936 2471 legitur
1973 2400 2175 2455 donum

585 2491 702 2558 Dei,
737 2493 819 2547 vel
845 2492 1172 2564 paracletus,
1203 2492 1288 2548 vel
1318 2493 1558 2548 Charitas
1587 2492 1707 2559 Dei,
1738 2493 1791 2548 in
1830 2494 2019 2549 cadent
2052 2493 2172 2547 uni-

586 2593 698 2641 tate
744 2583 1062 2640 substantiae
1108 2596 1163 2639 et
1193 2584 1502 2654 aequalitate
1555 2600 1679 2640 cum
1729 2583 1891 2640 Patre
1932 2592 1987 2639 et
2039 2582 2177 2638 Filio

584 2677 853 2735 consistit.
888 2676 1017 2734 Sive
1046 2678 1192 2733 enim
1235 2678 1308 2734 sit
1356 2679 1535 2734 unitas
1570 2678 1873 2741 amborum,
1905 2678 2022 2734 sive
2046 2693 2174 2733 san-

584 2771 766 2834 ctitas,
798 2771 915 2826 sive
933 2771 1195 2835 charitas,
1236 2771 1351 2827 sive
1400 2771 1522 2826 ideo
1550 2772 1729 2827 unitas
1754 2772 1883 2841 quia
1912 2771 2175 2838 charitas,

582 2864 641 2918 et
686 2862 808 2916 ideo
837 2861 1076 2917 charitas
1120 2863 1247 2933 quia
1284 2863 1568 2928 sanctitas,
1613 2878 1950 2934 nequaquam
2001 2863 2179 2918 minor

582 2961 669 3010 est
719 2952 825 3008 illis
855 2954 908 3008 iu
953 2953 1135 3023 aliquo
1188 2969 1257 3010 ex
1290 2957 1488 3026 quibus
1529 2956 1793 3025 procedit.
1844 2956 1911 3010 Et
1941 2956 2059 3012 inec
2092 2963 2179 3012 est

585 3056 797 3100 summa
849 3043 1114 3109 charitas,
1164 3060 1270 3114 qua
1316 3047 1530 3116 genitus
1558 3061 1589 3100 a
1618 3046 1872 3116 gignente
1901 3046 2174 3117 diligatur,

586 3137 996 3211 genitoremque
1048 3154 1205 3194 suum
1262 3138 1468 3207 diligat,
1523 3148 1579 3195 et
1630 3140 1751 3194 ideo
1796 3156 1901 3195 non
1944 3140 2176 3210 amplius

585 3205 747 3306 quam
773 3234 874 3290 tria
901 3205 1027 3291 sunt
1061 3250 1075 3289 :
1102 3249 1242 3290 unus
1282 3205 1511 3304 diligens
1535 3250 1683 3301 eum,
1709 3236 1802 3306 qui
1839 3236 1906 3291 de
1937 3205 2173 3304 illo-est;
2203 3205 2248 3268 Ο

590 3321 645 3384 ét
683 3343 824 3385 unus
845 3328 1075 3400 diligens
1104 3343 1251 3394 eum,
1298 3344 1331 3383 ιι
1360 3343 1467 3398 quo
1516 3338 1639 3394 eet;
1672 3338 1727 3383 et
1776 3329 1891 3400 ipse
1934 3328 2173 3396 dilectio,

586 3420 653 3478 de
685 3436 793 3491 qua
816 3421 1016 3477 dicitur
1038 3420 1165 3492 quia
1187 3420 1329 3475 Deus
1342 3421 1578 3476 charitas
1606 3430 1702 3477 est.
1731 3421 1798 3477 Et
1824 3422 1940 3478 haec
1963 3438 2177 3479 summa

584 3521 643 3570 et
663 3513 953 3570 ineﬁabilis
979 3513 1240 3577 Trinitas,
1274 3529 1385 3569 non
1412 3514 1571 3571 unius
1599 3514 1693 3571 Dei
1722 3515 1830 3571 dici
1858 3516 2039 3583 debet,
2081 3516 2177 3572 sed

586 3620 730 3661 unus
766 3605 906 3661 Deus
943 3607 1079 3678 (cap.
1115 3606 1232 3678 2i).
1262 3605 1330 3661 Et
1373 3608 1476 3662 ista
1524 3608 1761 3663 charitas
1808 3624 1913 3663 non
1963 3617 2180 3664 tenetur

587 3699 691 3755 nisi
723 3699 778 3754 in
813 3698 1022 3754 unitate
1064 3699 1325 3757 Ecclesize
1377 3700 1597 3766 Christi,
1648 3716 1751 3780 nec
1780 3703 1927 3758 illam
1977 3703 2181 3760 habent

588 3792 681 3863 qui
709 3805 768 3847 se
791 3792 1041 3847 dividunt
1068 3793 1137 3849 ab
1164 3793 1371 3849 unitate
1396 3795 1679 3851 catholicae
1707 3797 1876 3867 pacis.
1909 3814 1927 3848 ι
1960 3795 2086 3853 llaec
2112 3798 2179 3852 de

589 3883 980 3940 catholicorum
1005 3883 1230 3941 Patrum
1256 3887 1419 3943 dictis
1442 3886 1510 3942 ab
1529 3887 1758 3945 Alcuino
1788 3890 1841 3944 in
1873 3905 2036 3945 unum
2063 3890 2177 3946 col~

587 3976 727 4033 lecta
759 3977 1054 4048 posuimus.
1092 3977 1237 4035 Sane
1262 3980 1339 4036 uti
1363 3995 1581 4037 omnem
1606 3983 1918 4052 scrupulum
1962 3992 2178 4038 utentes

586 4074 769 4131 verbis
797 4075 939 4130 beati
968 4070 1248 4132 Athanasii
1276 4077 1574 4148 legentibus
1594 4086 1935 4147 amputemus
1967 4096 1978 4132 :
2018 4096 2037 4130 ι
2069 4077 2179 4131 Ad-

586 4167 712 4231 huc,
745 4168 938 4238 inquit,
990 4169 1233 4225 breviter
1272 4170 1604 4236 diiucidabo,
1651 4170 1949 4226 multifarie
1976 4185 2174 4241 appro—

587 4261 724 4318 bans
754 4261 859 4319 hoc
890 4261 1117 4318 unitatis
1146 4276 1339 4319 nomen
1361 4277 1483 4318 esse
1504 4263 1843 4318 verissimum
1870 4262 2175 4331 Trinitatis,

588 4367 709 4424 qnee
746 4361 924 4409 tamen
956 4353 1227 4409 referatur
1250 4356 1316 4410 ad
1340 4354 1689 4410 multifariam
1711 4355 2031 4427 sapientiam
2056 4357 2177 4424 Dei,

589 4461 710 4517 quae
738 4446 920 4500 uniter
950 4447 1002 4500 in
1031 4445 1192 4501 Patre
1216 4455 1272 4502 et
1295 4448 1345 4502 in
1375 4442 1513 4503 Filio
1532 4456 1587 4503 et
1605 4449 1807 4519 Spiritu
1835 4459 2026 4505 sancto
2051 4464 2181 4506 con-

591 4538 757 4603 sistit,
812 4536 879 4593 de
925 4552 1030 4608 qua
1077 4538 1123 4593 si
1172 4540 1447 4612 significes
1496 4542 1772 4614 sapientiae
1803 4542 2079 4610 deitatem,
2124 4554 2179 4600 et

591 4631 846 4687 deitatem
870 4632 1166 4702 sapientiae,
1202 4632 1400 4690 ‘nonne
1445 4634 1561 4691 lucc
1589 4636 1701 4707 ipsa
1752 4644 1834 4692 est
1864 4637 2045 4694 unitas
2092 4652 2180 4694 sa-

589 4724 827 4794 pientim,
863 4738 983 4796 qua:
1033 4734 1089 4780 et
1136 4722 1388 4782 divinitas
1419 4726 1741 4784 Trinitatis?
1768 4729 1913 4802 Ergo
1943 4741 2003 4786 ut
2028 4746 2178 4788 com-

590 4814 789 4886 pendio
820 4815 934 4871 haec
966 4816 1324 4887 nasignemus,
1356 4818 1472 4874 sive
1517 4818 1793 4889 sapientia
1838 4818 2029 4888 gloria,
2083 4837 2178 4877 seu

591 4905 769 4962 deltas
818 4906 1019 4978 gloriae,
1073 4917 1166 4962 aut
1210 4910 1517 4976 summitas,
1575 4918 1669 4966 aut
1717 4911 2035 4978 dominatio,
2088 4921 2181 4969 aut

591 5000 848 5070 dignitas,
897 5011 992 5057 aut
1017 5001 1259 5068 claritas,
1292 5011 1384 5057 aut
1415 5003 1695 5074 maiestas,
1727 5014 1822 5061 aut
1871 5005 2179 5077 imperium,

593 5103 688 5150 aut
736 5103 997 5167 potestas,
1048 5103 1143 5151 aut
1182 5097 1589 5168 sempiternitas
1629 5099 1961 5164 nominetur,
2004 5116 2185 5157 nonne

593 5185 729 5251 haec,
761 5186 1055 5241 multifarie
1087 5188 1335 5258 quamvis
1365 5189 1476 5243 sint
1526 5189 1695 5257 dicta,
1726 5199 1906 5247 tamen
1952 5192 2020 5248 ad
2058 5194 2183 5248 uni-

595 5282 705 5329 tam
728 5275 987 5357 deitatem
1011 5277 1493 5349 incomparabilem
1524 5279 1703 5336 Patris
1733 5289 1789 5336 et
1828 5280 1949 5337 Filii
1977 5290 2033 5337 et
2058 5282 2186 5353 Spi-

595 5367 732 5424 ritus
759 5371 933 5425 sancti
979 5371 1161 5427 uniter
1188 5382 1318 5427 sunt
1357 5374 1671 5430 declarata?
1712 5380 1804 5430 aut
1852 5383 2010 5446 putas
2056 5382 2191 5446 quot

597 5462 1019 5535 signiﬁcationes
1048 5465 1304 5522 dicuntur
1329 5467 1394 5522 ad
1417 5467 1644 5537 gloriam
1665 5469 1902 5535 deitatis,
1939 5471 2189 5526 totidem-

595 5569 701 5627 que
726 5557 838 5613 sint
885 5567 957 5614 et
994 5559 1201 5628 species
1250 5560 1618 5617 diversitatis?
1661 5561 1840 5624 Absit.
1881 5562 2007 5617 dum
2067 5561 2184 5619 haec

597 5648 848 5703 universa
892 5650 959 5704 ad
1003 5651 1208 5706 unitam
1261 5653 1623 5707 substantiam
1661 5654 1805 5708 dicta
1852 5652 2180 5710 referantur.

597 5737 733 5797 Nam
777 5743 821 5797 si
857 5743 971 5799 haec
1015 5760 1123 5801 una
1157 5755 1319 5815 atque
1364 5747 1555 5800 eadem
1603 5747 1723 5816 ipsa
1775 5759 1859 5803 est
1908 5748 2185 5819 multiplex

598 5847 841 5906 praesaga
881 5836 1147 5908 sapientia
1183 5834 1364 5897 Patris
1386 5845 1447 5897 et
1475 5835 1601 5893 Filii
1634 5846 1693 5895 et
1715 5838 1955 5915 Spiritus
1987 5841 2184 5909 sancti,

2281 1938 2497 1993 Patrem
2547 1937 2809 2007 majorem
2848 1953 2968 1993 esse
3020 1940 3249 2006 honore,
3284 1940 3567 2009 dignitate,
3596 1940 3806 2003 claritate,

2281 2029 2444 2100 510
2472 2036 2526 2084 ct
2572 2028 2886 2098 majestate?
2912 2030 3065 2098 quasi
3098 2032 3216 2086 duae
3255 2032 3347 2086 vel
3386 2041 3529 2087 certe
3559 2040 3655 2086 tres
3680 2043 3813 2086 essent

2278 2122 2571 2185 claritates,
2606 2131 2700 2178 aut
2742 2122 3074 2191 majestates,
3128 2126 3183 2180 in
3241 2125 3476 2195 singulis
3519 2125 3597 2179 bis
3621 2124 3812 2195 personis

2278 2216 2455 2272 Patris
2494 2227 2550 2273 et
2578 2218 2697 2272 Filii
2725 2226 2780 2273 et
2829 2217 3066 2288 Spiritus
3105 2219 3302 2283 sancti,
3346 2219 3490 2288 quod
3535 2220 3676 2273 absit.
3714 2216 3809 2270 Nam

2279 2310 2323 2364 si
2343 2310 2457 2364 haec
2480 2325 2668 2364 eorum
2693 2311 2772 2366 sic
2799 2325 2857 2366 se
2878 2310 3209 2382 blasphemia
3233 2312 3335 2377 ita,
3366 2320 3425 2366 ut
3447 2310 3808 2375 aiunt,haberet,

2280 2417 2449 2471 quare
2474 2403 2641 2458 etiam
2678 2418 2786 2468 non
2844 2412 2956 2477 tres
2997 2403 3129 2458 deos
3167 2403 3371 2473 plurali
3412 2417 3626 2475 numerp
3655 2415 3809 2456 nuncu-

2277 2504 2432 2564 pant,
2467 2509 2533 2549 ac
2581 2494 2792 2564 publica
2834 2511 2967 2550 voce
3014 2496 3162 2550 circa
3206 2496 3462 2567 proprias
3507 2494 3587 2549 vel
3626 2493 3810 2547 diversas

2280 2586 2611 2642 substantias
2639 2603 2765 2642 suas
2792 2587 3155 2659 pollicentur?
3190 2588 3338 2658 quod
3388 2587 3546 2651 absit,
3576 2586 3683 2639 dum
3716 2597 3805 2652 per-

2279 2678 2420 2735 fecte
2450 2680 2661 2735 unitum
2690 2696 2886 2736 nomen
2925 2679 3248 2746 divinitatis,
3307 2678 3591 2735 multifario
3617 2672 3806 2745 quamvis

2281 2774 2508 2840 dictum,
2564 2774 2745 2829 uniter
2772 2773 2830 2828 in
2873 2772 3141 2829 Triuitate
3192 2773 3478 2829 consistat.
3505 2790 3523 2823 ι
3555 2770 3615 2824 Ει
3641 2773 3806 2822 sanctis

2279 2866 2602 2923 Ambrosius
2656 2867 2711 2922 in
2743 2868 2986 2923 secundo
3036 2881 3101 2922 ac
3162 2866 3333 2922 tertio
3385 2866 3520 2920 libro
3561 2862 3620 2917 de
3653 2857 3805 2930 Spiritu

2280 2965 2492 3023 sancto,
2534 2973 2601 3012 ex
2630 2956 3034 3028 Scripturarum
3080 2957 3410 3012 auctoritate
3445 2951 3699 3010 manifeste
3738 2947 3803 3001 dc-

2281 3058 2569 3113 monstrat,
2598 3048 2741 3104 sicut
2780 3049 3007 3103 devotus
3056 3046 3230 3103 lector
3278 3046 3436 3102 facile
3464 3041 3680 3100 invenire
3700 3036 3804 3091 valc-

2281 3142 2381 3205 bit,
2406 3143 2534 3211 quia
2564 3140 2727 3196 Pater
2752 3150 2807 3196 et
2835 3140 3005 3195 Filius
3044 3148 3099 3195 et
3146 3140 3387 3210 Spiritus
3418 3154 3516 3192 una
3561 3141 3635 3189 est
3657 3131 3800 3190 virtus,

2279 3245 2334 3291 et
2379 3251 2543 3290 unum
2581 3245 2667 3290 est
2719 3234 3007 3290 consilium
3060 3234 3242 3289 Patris
3278 3242 3335 3290 et
3380 3230 3495 3289 Filii
3540 3237 3590 3284 et
3630 3222 3803 3296 Spiritus

2280 3328 2478 3393 sancti,
2519 3337 2576 3384 et
2607 3344 2711 3383 una
2743 3329 2851 3383 vita
2884 3329 3047 3382 Pater
3077 3330 3134 3383 et
3169 3328 3346 3383 Filius
3388 3334 3437 3381 et
3484 3321 3691 3393 Spiritus
3711 3329 3802 3369 san-

2280 3430 2419 3488 ctus,
2445 3430 2502 3477 et
2538 3431 2757 3477 creator
2795 3421 3041 3476 omnium
3071 3420 3238 3475 Pater
3269 3430 3329 3476 et
3362 3417 3527 3474 Filias
3554 3423 3603 3468 et
3624 3406 3801 3479 Spiritus

2279 3521 2520 3578 sanctus,
2552 3520 2602 3566 et
2628 3528 2796 3567 unum
2836 3527 3064 3584 regnum
3094 3511 3277 3569 Patris
3303 3522 3358 3568 et
3396 3509 3512 3565 Filii
3537 3514 3586 3561 et
3623 3498 3798 3571 Spiritus

2282 3607 2481 3672 sancti,
2511 3615 2567 3663 et
2593 3621 2699 3662 una
2753 3606 3002 3663 voluntas
3044 3607 3225 3663 Patris
3267 3619 3329 3663 et
3368 3607 3485 3663 Filii
3525 3609 3577 3658 et
3617 3594 3796 3667 Spiritus

2280 3701 2478 3766 sancti,
2509 3709 2565 3755 et
2601 3715 2709 3754 una
2736 3700 2897 3765 visio,
2938 3715 3044 3755 una
3074 3702 3391 3773 praeceptio,
3418 3706 3569 3768 atque
3598 3703 3686 3745 una
3714 3696 3798 3738 ma-

2273 3792 2465 3863 jestas,
2514 3799 2570 3846 et
2596 3792 3009 3862 omnipotentis,
3059 3808 3124 3848 ac
3161 3807 3270 3847 una
3312 3789 3562 3848 sanctitas
3596 3776 3738 3837 Patris
3763 3777 3801 3824 et

2278 3880 2401 3937 Filii
2425 3889 2479 3936 et
2515 3880 2750 3950 Spiritus
2780 3882 2977 3936 sancti.
3016 3881 3228 3937 Etenim
3280 3882 3422 3937 sicut
3446 3876 3674 3945 scriptum
3700 3870 3795 3918 est:
3892 3868 3899 3873 '

2284 3962 2471 4028 Totum
2496 3973 2740 4044 spiritum
2763 3989 2918 4027 suum
2960 3972 3157 4044 profert
3197 3973 3391 4028 stultus
3414 3984 3433 4023 :
3471 3967 3653 4037 sapiens
3668 3962 3797 4010 ait“!I

2278 4065 2454 4133 (ἥπατι
2503 4072 2553 4119 et
2584 4071 2809 4118 reservat
2856 4063 2913 4117 in
2957 4074 3224 4134 posterum
3253 4064 3438 4136 (Prov.
3470 4071 3606 4119 xxix,
3644 4047 3797 4143 ὤιξε

2278 4128 2490 4227 plenius
2516 4171 2668 4213 suam
2686 4128 2970 4212 stultitiam
2990 4128 3379 4213 Gothcscalcus
3396 4149 3684 4209 ostenderet.
3706 4128 3797 4190 nihil

2281 4247 2451 4303 voluit
2501 4261 2801 4314 reservare,
2838 4247 2967 4318 quin
2994 4256 3165 4305 totum
3201 4250 3451 4320 spiritum
3478 4235 3687 4330 stultitiae

2280 4338 2573 4412 proferret.
2596 4337 2749 4396 Unde
2767 4349 2821 4396 et
2840 4341 2997 4411 quasi
3019 4341 3317 4398 clausulam
3340 4334 3594 4413 praedictis
3620 4323 3793 4394 adice":

3008 4431 3144 4487 XIII.

2359 4539 2422 4581 -ι-
2450 4542 2472 4577 ι
2498 4522 2724 4589 Cuncta,
2752 4524 3025 4595 inquiens,
3059 4525 3140 4580 sic
3160 4539 3283 4580 esse
3309 4537 3407 4580 ceu
3429 4514 3555 4579 dixi,
3576 4511 3623 4565 in
3641 4497 3781 4558 duobtr

2291 4635 2309 4668 ι
2345 4615 2562 4687 probari
2584 4605 2778 4687 poteét,
2812 4624 3062 4686 patenter
3096 4615 3406 4671 nominibus
3426 4596 3681 4677 singularis
3710 4597 3761 4642 lit

2293 4728 2312 4763 ι
2346 4710 2621 4764 tummodo
2650 4710 2883 4776 numeri,
2922 4710 3026 4766 hoc
3061 4717 3145 4765 est
3166 4710 3220 4765 in
3245 4708 3363 4763 luce
3388 4701 3577 4775 pariter
3604 4698 3648 4745 et
3681 4696 3754 4776 Pe”

2294 4821 2314 4856 ι
2346 4803 2463 4858 Lux
2501 4802 2649 4859 enim
2679 4811 2737 4858 et
2760 4771 2879 4874 pax?
2915 4803 3177 4874 ingenita,
3209 4812 3264 4858 et
3312 4771 3404 4857 lux
3430 4804 3480 4852 el
3508 4803 3606 4881 Pax
3643 4771 3749 4881 58f:

2294 4914 2315 4951 ι
2351 4896 2482 4967 quin
2506 4904 2562 4952 et
2609 4896 2699 4952 lux
2733 4865 2897 4968 atque
2921 4865 3026 4968 pax
3057 4898 3380 4967 procedens,
3407 4869 3526 4947 non.
3543 4892 3636 4937 tres

2292 5010 2313 5045 ι
2347 4960 2470 5047 liter
2495 4991 2641 5047 luces
2662 5000 2755 5046 aut
2780 4960 2941 5061 paces
2963 4960 3074 5047 dici
3098 4994 3350 5048 sinuntur
3374 4989 3449 5087 ab
3464 4960 3742 5087 arte-sgf;

2292 5101 2313 5138 (
2350 5084 2453 5138 tica
2482 5124 2497 5149 ,
2550 5097 2725 5153 neque
2777 5091 2887 5139 tres
2933 5085 3276 5152 naturaliter,
3325 5092 3385 5139 ut
3436 5052 3733 5181 latmtlmf

2291 5196 2310 5230 s
2342 5175 2567 5240 Ariana,
2590 5191 2765 5246 neque
2793 5177 3154 5247 personaliter
3181 5194 3307 5246 una,
3338 5176 3470 5233 sicut
3490 5142 3731 5270 sonti":

2292 5290 2310 5324 ι
2350 5272 2486 5327 resis
2534 5235 2843 5326 Sabelliaria
2874 5289 2887 5325 :
2919 5272 3011 5328 sed
3040 5273 3230 5343 procul
3263 5235 3527 5364 «inhio-lux
3556 5235 3725 5364 in:

2292 5380 2312 5416 ι
2348 5362 2668 5418 naturaliter
2710 5378 2841 5430 una,
2886 5373 2944 5420 et
2997 5366 3352 5435 personaliter
3383 5327 3613 5459 niuali";t

2294 5475 2314 5509 ι
2347 5456 2587 5526 plcctens
2617 5457 2814 5512 trinam
2852 5467 2905 5512 et
2952 5474 3113 5513 uuam
3148 5460 3328 5525 iidem,
3376 5468 3434 5509 ac
3475 5424 3716 5552 Ρςξοῗηῖζξιζ

2298 5567 2319 5601 ι
2347 5548 2497 5611 deus,
2537 5549 2825 5614 conﬁtens,
2875 5549 3077 5614 colens,
3127 5566 3325 5606 canens
3366 5516 3715 5641 tritu-1":l

2299 5656 2319 5691 ι
2362 5638 2556 5705 lucem,
2586 5647 2641 5695 et
2679 5656 2889 5711 pacem,
2926 5640 3282 5709 majestatcm,
3321 5609 3710 5731 ροιθξῇᾛξῑῖᾙιέ

2300 5752 2318 5785 ι
2355 5741 2487 5798 tem,
2517 5736 2715 5788 trinam
2750 5744 2805 5790 et
2853 5750 3014 5790 unam
3067 5738 3338 5803 deitatem,
3374 5753 3393 5783 ι
3425 5695 3647 5784 (θίηωη

2295 5823 2368 5881 ibi
2391 5833 2477 5881 est
2499 5834 2845 5901 persecutus.
