3998 6336
169 384 264 439 575

1182 377 1276 435 DE
1313 374 1455 434 UNA
1494 371 1583 430 ET
1626 367 1765 428 NON
1806 368 2018 425 TRINA
2059 368 2376 429 DEITATE.

3330 373 3438 432 574

232 512 320 556 xp.
358 497 440 555 Ad
496 509 656 567 quem
703 508 997 565 parumper
1039 493 1286 549 conversi
1338 492 1484 564 loqui
1525 489 1739 546 ceusui~
1765 483 1899 551 A’ct
1925 495 2103 543 tamen
2160 505 2266 546 non
2317 498 2427 547 tres
2474 489 2549 546 dii
2595 491 2691 548 sed
2734 507 2876 549 unus
2904 502 2991 550 est
3015 493 3179 562 Deus,
3217 496 3291 552 ita
3341 497 3436 555 lux

172 610 298 648 unus.
327 590 522 657 Stulte,
556 589 738 661 impie,
767 587 1021 653 crudelis,
1067 595 1121 642 et
1174 588 1269 643 Dei
1315 595 1561 659 tyranne,
1603 587 1747 657 quod

171 703 267 742 non
302 684 475 740 solum
523 695 737 745 sensus,
768 680 865 736 sed
914 688 971 735 et
1020 680 1157 735 artis
1186 679 1496 735 litteratura
1529 679 1749 749 penitus

169 784 402 852 denegat,
428 785 484 833 et
514 784 568 833 tu
598 778 712 848 ipse
736 776 888 848 prius
916 791 1040 831 cum
1087 785 1203 831 arte
1229 790 1414 845 negas,
1456 790 1580 830 cum
1614 773 1749 828 artis

170 874 335 927 littera
362 882 604 923 errorem
636 882 745 923 non
776 866 995 931 habeat,
1024 873 1078 920 et
1123 866 1308 937 apices
1331 866 1442 921 sint
1469 865 1586 918 sine
1635 863 1746 917 cri-

169 967 326 1029 mine,
376 977 472 1017 cur
534 972 702 1030 prave
756 956 1168 1028 interpretando
1227 972 1446 1012 sensum
1508 954 1751 1009 maculas

170 1074 336 1130 pravae
364 1052 730 1125 intelligentiae
751 1052 1002 1117 crimine,
1041 1051 1215 1106 lucem
1260 1061 1315 1107 et
1357 1067 1544 1122 pacem
1592 1057 1751 1105 natu-

171 1150 344 1204 raliter
390 1160 552 1202 unam
588 1142 947 1214 personaliter
1001 1143 1055 1196 in
1110 1142 1218 1197 Deo
1270 1142 1456 1197 dicens
1507 1140 1749 1195 trinam?

173 1240 294 1294 Nam
330 1236 392 1291 de
434 1235 553 1291 luce
601 1241 706 1287 tute
754 1230 1018 1302 impietati
1081 1231 1406 1286 contradicit
1453 1228 1749 1284 Psalmista

172 1333 379 1387 dicens:
403 1325 558 1397 Apud
589 1334 638 1381 te
660 1334 756 1390 est,
789 1323 1035 1389 Domine,
1069 1321 1187 1393 fons
1218 1325 1358 1387 vitm,
1380 1332 1427 1377 et
1467 1324 1522 1375 in
1549 1321 1749 1375 lumine

172 1432 252 1476 tuo
273 1419 551 1475 videbimus
601 1415 775 1470 lumen
803 1404 996 1485 (Ριςίιι.Δ
1026 1429 1189 1478 xxxv,
1232 1413 1342 1485 10).
1389 1432 1405 1465 t
1440 1412 1498 1467 ln
1541 1410 1747 1466 lumine

175 1524 273 1580 tuo,
319 1511 493 1582 inquit
544 1508 944 1578 Hieronymus,
1003 1507 1313 1562 videbimus
1369 1506 1570 1559 lumen.
1638 1504 1748 1558 Lu-

138 1604 147 1609 ’
175 1622 284 1660 men
333 1603 509 1660 Patris
538 1601 789 1657 Christus
817 1608 923 1655 est.
953 1598 1011 1653 In
1048 1597 1264 1654 Christo
1310 1598 1489 1653 Patris
1545 1597 1747 1653 lumine

178 1700 336 1754 lumen
363 1697 623 1767 Spiritum
648 1705 896 1751 sanctum
923 1694 1246 1749 videbimus.
1274 1693 1340 1748 Et
1365 1692 1545 1747 lumen
1572 1702 1744 1756 tuum,

178 1792 389 1857 Christe,
440 1791 604 1847 Pater
652 1799 758 1855 est,
809 1788 962 1857 cujus
1011 1788 1345 1842 voluntatem
1394 1786 1746 1853 faciensve-

1852 580 2031 647 Pater,
2059 581 2152 638 lux
2185 582 2374 651 Filius,
2408 583 2495 640 lux
2528 583 2765 655 Spiritus
2803 586 3139 653 sanctus,'et
3172 602 3281 644 ma
3323 599 3440 665 tres

1850 672 1999 728 luces
2021 673 2107 728 vel
2135 674 2275 728 trina
2304 674 2416 740 lux,
2451 676 2544 731 sed
2568 692 2676 732 una
2705 676 2793 731 lux
2817 687 2902 734 est
2922 677 3085 733 Pater
3102 686 3158 733 et
3189 679 3358 736 Filius
3380 690 3439 739 et

1852 762 2089 837 Spiritus
2133 772 2374 823 sanctus.
2423 766 2491 822 Et
2517 768 2658 822 sicut
2679 768 2879 825 dicitur
2903 770 3064 826 Pater
3097 779 3154 826 et
3180 772 3348 829 Filius
3382 781 3439 830 et
3513 840 3521 847 ‘

1853 855 2089 926 Spiritus
2118 867 2339 914 sanctus
2368 861 2542 915 trinus
2570 862 2623 916 in
2648 865 2916 931 personis,
2956 874 3011 920 et
3041 882 3180 922 unus
3215 868 3355 923 Deus
3380 868 3437 923 in

1850 950 2091 1019 potentia
2123 960 2178 1006 et
2207 952 2425 1017 deitate,
2452 961 2512 1007 ut
2534 954 2724 1010 beatus
2750 955 2879 1011 dicit
2900 956 3251 1014 Ambrosius:

2149 1091 2153 1094 ’
2218 1077 2430 1126 Summ
2454 1078 2590 1128 Dens
2612 1079 2904 1140 clementius,

2228 1140 2495 1207 lllnudique
2521 1142 2670 1207 factor
2690 1144 2944 1207 mat-lintre,

2226 1202 2363 1266 linus
2387 1205 2738 1266 potentialiter,

2221 1262 2499 1328 Tribusque
2523 1262 2867 1330 personaliter,

1853 1388 1959 1430 non
1988 1383 2167 1446 potest
2190 1378 2457 1434 catholica
2483 1379 2609 1446 dici,
2634 1382 2775 1435 sicut
2803 1364 3022 1449 deliras,
3051 1380 3139 1438 lux
3163 1390 3218 1439 et
3238 1398 3344 1455 pax
3378 1398 3443 1445 ac

1852 1466 2023 1523 deitas
2054 1471 2376 1525 naturaliter
2414 1488 2523 1528 nna
2570 1483 2624 1527 ct
2668 1476 3031 1546 personaliter
3066 1476 3230 1532 trina.
3288 1476 3445 1537 Unde

1851 1562 1996 1617 idem
2029 1564 2081 1617 in
2114 1564 2220 1619 alio
2248 1565 2448 1635 hymno
2479 1567 2609 1621 dicit
2634 1566 2955 1624 Ambrosius
2985 1587 2998 1623 :

2218 1677 2291 1728 Tu
2311 1679 2565 1731 Trinitatis
2588 1685 2767 1743 unitas,

2220 1743 2403 1791 Orbem
2422 1752 2650 1802 potenter
2673 1749 2754 1807 qui
2779 1748 2942 1809 regis;

179 1884 287 1940 nisti
312 1884 616 1940 illuminare
646 1881 859 1938 occulta
892 1882 1272 1944 tenebrarum,
1297 1887 1357 1934 ut
1383 1880 1437 1935 in
1462 1888 1533 1943 te,
1564 1879 1654 1949 qui
1688 1893 1748 1934 es

1854 1854 1918 1911 de
1949 1869 2054 1926 qua
2087 1873 2192 1913 non
2223 1859 2379 1926 dixit,
2407 1876 2510 1915 una
2548 1864 2936 1932 potentialiter,
2969 1864 3214 1936 trinaque
3254 1880 3448 1936 perso-

180 1977 254 2034 lux
304 1977 523 2044 mundi,
581 1990 920 2031 mereremur
984 1974 1113 2029 illud
1174 1970 1354 2027 lumen
1407 1986 1633 2028 cernere
1692 1970 1749 2025 in

177 2070 327 2141 gratia
359 2068 559 2125 mentis
605 2082 775 2138 pune.
832 2066 924 2122 Sic
974 2066 1118 2120 enim
1150 2066 1227 2120 ait
1280 2066 1349 2120 ad
1388 2064 1696 2135 Philippum
1731 2081 1746 2118 :

173 2162 312 2234 511
345 2161 449 2230 Qui
475 2161 611 2219 videt
638 2177 721 2215 me
749 2160 882 2214 videt
908 2168 956 2213 et
986 2158 1197 2213 Patrem
1222 2175 1393 2213 meum
1423 2157 1604 2229 (Joan.
1633 2173 1750 2225 xiv,

172 2253 236 2325 9).
262 2256 315 2311 lu
345 2254 549 2310 lumine
578 2252 726 2324 ejus,
760 2251 816 2308 id
849 2260 935 2308 est
974 2251 1029 2305 in
1057 2249 1304 2317 Christo,
1333 2250 1636 2307 videbimus
1668 2250 1751 2304 lu-

177 2361 308 2412 men,
340 2347 393 2402 id
421 2355 506 2402 est
538 2344 802 2416 Spiritum
833 2352 1081 2399 sanctum
1102 2384 1116 2408 ,
1141 2345 1231 2413 qui
1263 2359 1426 2414 super
1452 2343 1746 2414 apostolos,

176 2439 215 2496 id
231 2450 313 2498 est
341 2443 395 2497 in
424 2441 607 2513 specie
636 2440 776 2512 ignis
806 2439 1164 2494 illuminantis
1188 2437 1459 2509 apparuit.
1487 2436 1554 2490 Et
1584 2439 1640 2492 in
1669 2437 1750 2492 lu-

175 2537 287 2591 mine
313 2545 405 2589 tuo
437 2534 724 2590 videbimus
754 2533 952 2601 lumen,
982 2533 1035 2589 id
1062 2541 1145 2589 est
1169 2550 1200 2588 a
1227 2532 1444 2589 Christo
1480 2532 1750 2588 illumina-

170 2625 348 2694 bimur,
374 2638 436 2684 ut
460 2629 538 2685 ait
567 2629 619 2683 in
647 2620 939 2700 Evangelio
964 2646 981 2682 :
1007 2626 1142 2683 Erat
1167 2628 1346 2683 lumen
1368 2643 1581 2692 verum,
1605 2626 1753 2697 quod

170 2718 415 2775 illuminat
447 2737 652 2774 omnem
689 2720 955 2776 hominem
992 2720 1276 2776 venientem
1321 2720 1377 2774 in
1419 2721 1558 2775 hunc
1598 2735 1754 2774 mun-

170 2813 276 2868 dum
316 2813 502 2884 (Joan.
545 2829 595 2879 ι,
626 2813 704 2884 9).
729 2834 749 2867 ι
790 2814 1102 2883 Apostolica
1129 2828 1345 2884 quoque
1375 2812 1534 2868 sedes
1563 2825 1753 2882 super-

167 2905 389 2963 exaltata
418 2904 565 2960 Petri
595 2904 937 2961 confessione
957 2946 971 2970 ,
1005 2914 1061 2960 et
1091 2904 1241 2960 Pauli
1273 2911 1466 2959 ornata
1490 2903 1753 2974 praedica-

167 3000 320 3063 ione,
350 3012 538 3052 verum
565 3006 620 3052 et
654 2997 825 3068 ipsius
858 2996 1151 3052 traditione
1187 2996 1428 3052 Ecclesia
1459 2994 1727 3051 catholica

167 3088 209 3145 in
234 3088 422 3163 vigilia
454 3105 608 3145 sacra
646 3090 1030 3154 Pentecostes,
1072 3090 1228 3159 quasi
1269 3087 1427 3157 hujus
1460 3088 1752 3158 expositio-

167 3196 279 3237 nem
326 3181 581 3237 versiculi
632 3181 852 3252 syllabis
898 3182 1128 3252 paucis,
1182 3196 1340 3237 sensu
1388 3181 1749 3252 permaxima,

1855 1947 2072 2014 naliter,
2127 1951 2251 2019 quia
2302 1951 2356 2005 in
2408 1949 2517 2007 Deo
2542 1953 2607 2007 ad
2648 1970 2725 2018 se,
2761 1955 2813 2010 id
2855 1964 2939 2011 est
2984 1950 3351 2014 essentialiter
3392 1968 3449 2018 et

1855 2043 2193 2109 naturaliter,
2224 2045 2367 2101 sicut
2394 2046 2577 2102 Deitas
2602 2058 2655 2104 et
2683 2051 3009 2119 substantia,
3042 2051 3135 2107 lux
3161 2060 3215 2108 et
3246 2069 3351 2124 pax
3394 2062 3452 2113 et

1857 2128 1986 2198 vita,
2025 2152 2089 2191 ac
2119 2137 2312 2204 virtus,
2349 2148 2401 2193 et
2441 2139 2547 2195 alia
2584 2142 2670 2199 his
2715 2144 2909 2199 similia
2959 2145 3215 2203 dicuntur
3252 2156 3308 2202 et
3341 2164 3451 2206 non

1853 2226 2099 2294 relative,
2131 2245 2194 2285 ac
2221 2248 2319 2303 per
2346 2233 2448 2289 hoc
2473 2234 2823 2307 singulariter
2850 2237 3223 2310 proferuntur,
3252 2251 3308 2297 et
3340 2257 3450 2299 non

1853 2318 2122 2390 recipiunt
2162 2338 2339 2396 neque
2370 2325 2572 2382 habere
2616 2327 2987 2399 pluralitatem
3028 2332 3115 2387 vel
3160 2349 3449 2391 numerum

1852 2410 2098 2485 possunt.
2138 2415 2392 2473 Persona:
2435 2429 2636 2486 autem,
2682 2422 2878 2491 quibus
2918 2432 3132 2480 constat
3160 2433 3349 2482 sancta
3394 2438 3452 2482 et

1854 2506 2234 2578 inseparabilis
2263 2512 2426 2567 unius
2457 2512 2677 2569 deitatis
2705 2515 2942 2582 trinitas,
2985 2516 3211 2573 relative
3251 2517 3450 2573 dicun-

1854 2610 1943 2657 tur
1977 2604 2045 2658 ad
2070 2604 2325 2673 invicem,
2360 2615 2416 2662 et
2447 2608 2650 2664 idcirco
2672 2610 3063 2680 pluralitatem;
3110 2613 3163 2669 id
3208 2622 3293 2671 est
3342 2631 3441 2670 nu-

1854 2711 2066 2777 merum
2096 2698 2315 2765 habent,
2347 2715 2467 2771 qute
2496 2701 2697 2757 habere
2719 2718 2826 2758 non
2862 2713 3091 2775 possunt
3132 2707 3449 2763 essentialia

1855 2792 2076 2847 nomina
2131 2791 2292 2866 512
2349 2793 2545 2863 deitas,
2589 2812 2719 2868 pax,
2769 2806 2824 2854 et
2876 2799 2963 2855 lux
3014 2815 3137 2871 quas
3181 2800 3453 2859 illuminat

1854 2900 2069 2941 omnem
2108 2886 2381 2943 hominem
2407 2890 2715 2947 venientem
2742 2892 2796 2951 in
2826 2892 2973 2950 hunc
3001 2894 3261 2950 mundum
3288 2894 3451 2953 Pater

1854 2986 1909 3034 et
1929 2976 2102 3035 Filius
2128 2989 2181 3035 et
2205 2979 2438 3052 Spiritus
2466 2992 2687 3039 sanctus
2712 3002 2726 3039 :
2755 2984 2881 3056 quia
2910 2986 3053 3042 sicut
3072 2986 3453 3057 inseparabilis
3488 3020 3492 3024 θ

1855 3085 1941 3133 est
1967 3077 2293 3143 substantia,
2316 3077 2369 3132 id
2392 3086 2475 3133 est
2496 3077 2670 3133 deitas
2698 3078 2879 3135 Patris
2904 3089 2959 3135 et
2984 3078 3108 3136 Filii
3132 3088 3189 3136 et
3212 3080 3452 3152 Spiritus

1857 3173 2051 3239 sancti,
2081 3172 2155 3227 ita
2183 3181 2237 3227 ct
2267 3173 2648 3243 inseparabilia
2684 3184 2811 3231 sunt
2836 3190 3004 3248 opera
3039 3178 3281 3249 ejusdem
3320 3194 3450 3238 san-

166 3277 360 3332 orando
391 3276 585 3332 melius
622 3291 783 3346 quam
817 3277 1083 3332 tradendo
1119 3276 1222 3333 sibi
1264 3275 1510 3331 obtinere
1545 3283 1602 3331 et
1632 3274 1753 3331 aliis
1780 3269 1827 3336 C
1856 3276 1958 3323 ciae
1987 3274 2043 3321 et
2086 3265 2375 3321 individuae
2409 3264 2713 3333 Trinitatis.
2746 3268 3286 3341 inseparabiliterque
3323 3286 3454 3343 ore-

165 3369 540 3425 commendare
577 3383 740 3438 posse
782 3384 1149 3439 cognoscens,
1192 3368 1334 3425 inter
1364 3385 1521 3426 sacra
1561 3371 1756 3427 missa-

163 3475 275 3517 rum
312 3460 577 3517 s'olemnia
615 3460 893 3529 deprecari
937 3461 1182 3516 canendo
1212 3461 1467 3527 instituit,
1520 3463 1706 3520 dicens
1736 3481 1752 3518 :

166 3571 182 3604 ‹
200 3551 428 3617 Priesta,
451 3567 784 3622 quzesumus,
805 3554 1152 3624 omnipotens
1176 3561 1232 3607 et
1253 3555 1568 3612 misericors
1589 3557 1754 3626 Deus,

158 3654 214 3699 ut
243 3645 507 3701 claritatis
538 3654 648 3701 tute
677 3661 840 3717 super
869 3662 969 3701 nos
998 3646 1255 3717 splendor
1280 3644 1557 3719 cllulgeat,
1584 3659 1637 3706 et
1663 3650 1755 3707 lux

157 3744 260 3792 tuae
286 3735 427 3791 lucis
453 3736 617 3792 corda
668 3750 857 3791 eorum
904 3737 998 3807 qui
1045 3752 1142 3808 per
1183 3739 1412 3810 gratiam
1445 3748 1592 3796 tuam
1629 3751 1755 3799 sunt

154 3829 366 3895 renati,
401 3829 573 3885 sancti
615 3827 855 3901 Spiritus
894 3829 1255 3888 illustratione
1299 3834 1606 3889 conﬁrmet.
1642 3854 1662 3888 ι
1696 3835 1756 3891 Si

150 3922 369 3987 recolis,
402 3923 687 3989 hzeretice,
713 3923 975 3996 scriptum
1005 3942 1018 3978 :
1053 3923 1213 3979 Vobis
1238 3926 1329 3997 qui
1363 3927 1556 3982 timetis
1582 3927 1754 3983 Deum

150 4016 350 4070 orietur
379 4012 472 4071 Sol
494 4015 719 4086 justitite
743 4014 967 4087 (Malae.
992 4031 1066 4080 iv,
1091 4016 1180 4087 2);
1210 4025 1264 4070 et
1296 4017 1424 4072 item
1451 4033 1465 4071 :
1502 4018 1606 4084 Qui
1634 4036 1753 4073 cum

142 4110 213 4162 sit
241 4107 493 4179 spbndor
512 4107 718 4180 gloriae,
744 4117 790 4162 et
819 4107 993 4178 ﬁgura
1023 4108 1333 4163 substantia:
1352 4110 1467 4179 ejus
1499 4108 1687 4181 (llebr.
1710 4126 1753 4176 ι,

146 4200 237 4271 '5);
286 4208 343 4256 et
396 4201 524 4255 item
572 4218 586 4254 :

638 4199 759 4270 Ipse
804 4209 879 4255 est
925 4201 1063 4255 enim
1111 4201 1310 4255 candor
1358 4200 1491 4256 lucis
1544 4211 1755 4258 (eterna:

153 4290 302 4364 (δίῳ.
338 4289 610 4363 “1.16);
660 4291 804 4346 unde
847 4299 902 4345 et
950 4291 1066 4362 ipse
1114 4291 1246 4346 dicit
1284 4309 1296 4346 :
1333 4291 1446 4363 Ego
1490 4309 1609 4347 sum
1658 4292 1755 4347 lua;

1859 3369 2037 3417 ratum
2081 3376 2203 3416 esse
2243 3360 2653 3432 intelligendum
2701 3370 2804 3430 est,
2845 3364 3105 3434 quidquid
3150 3381 3180 3421 a
3226 3366 3454 3438 singulis

1856 3440 2106 3523 personis
2135 3450 2365 3524 legimus
2393 3453 2624 3522 operari.
2662 3451 2922 3520 Quamvis
2958 3455 3326 3513 certissimum
3357 3459 3453 3526 sit,

1856 3566 1978 3607 esse
2002 3551 2221 3605 Patrem
2248 3566 2420 3607 solum
2453 3550 2507 3606 in
2525 3552 2872 3623 paternitatis
2899 3568 3130 3624 persona
3155 3555 3247 3625 qui
3270 3555 3407 3611 dixit
3431 3570 3449 3611 :

1860 3643 1963 3700 llic
2006 3656 2079 3699 est
2112 3642 2284 3700 Filius
2317 3662 2483 3711 meus,
2507 3647 2563 3701 in
2603 3663 2706 3716 quo
2738 3647 2866 3721 mihi
2895 3647 3191 3719 complacui
3231 3647 3448 3719 (Matth.

1858 3754 1941 3802 ιιι,
1974 3736 2062 3809 l7)
2094 3754 2107 3792 :
2137 3745 2193 3792 et
2225 3736 2422 3792 Filium
2453 3753 2573 3794 esse
2619 3737 2793 3794 solum
2824 3737 3044 3805 Filium,
3091 3752 3256 3809 snper
3288 3752 3455 3811 quo.

1858 3828 1948 3882 illa
1980 3844 2084 3883 vox
2127 3828 2240 3883 sola
2271 3827 2451 3885 Patris
2480 3829 2682 3896 sonuit,
2728 3830 2945 3899 quando
2992 3831 3045 3886 in
3091 3829 3329 3888 Iordane
3367 3846 3457 3889 se-

1857 3921 2095 3974 cundum
2152 3920 2426 3975 hominem
2475 3920 2783 3991 baptizatus
2830 3931 2914 3977 est
2956 3924 3097 3978 idem
3142 3926 3455 3997 unigenitus

1859 4012 2002 4067 Deus
2021 4012 2113 4081 qui
2145 4027 2368 4066 carnem
2397 4010 2543 4068 solus
2568 4015 2815 4084 accepit:
2841 4014 3172 4085 etSpiritum
3200 4028 3453 4078 sanctum

1856 4104 2033 4160 Patris
2062 4116 2117 4158 et.
2146 4104 2264 4159 Filii
2302 4105 2668 4177 personaliter
2695 4106 2867 4162 solum
2885 4123 3030 4174 esse,
3060 4111 3152 4180 qui
3182 4111 3235 4166 in
3271 4113 3457 4181 specie

1858 4198 2120 4257 columbae
2173 4214 2336 4267 super
2386 4197 2636 4255 eumdem
2683 4199 3014 4269 baptizatum
3065 4204 3451 4260 ascendentem

1857 4292 1923 4348 de
1950 4306 2088 4362 aqua
2122 4289 2434 4358 descendit,
2464 4300 2521 4347 et
2563 4291 3015 4363 quinquagesimo
3058 4294 3147 4350 die
3187 4305 3312 4366 post
3359 4312 3451 4353 re-

154 4382 333 4436 mundi
386 4379 570 4453 (Joan.
600 4397 735 4447 vni,
764 4381 887 4453 12);
920 4391 1021 4437 et:
1056 4381 1160 4448 Qui
1206 4384 1337 4438 videt
1388 4399 1492 4449 me,
1526 4383 1658 4439 videt
1704 4393 1755 4440 et
1796 4396 1801 4401 ·
1857 4387 2248 4444 surrectionem
2292 4385 2495 4442 Christi
2528 4384 2715 4442 ﬁdeles
2743 4386 2798 4442 in
2839 4404 2948 4443 uno
2982 4388 3102 4445 loco
3143 4391 3351 4461 positos
3393 4391 3460 4448 in.

163 4471 368 4528 Patrem
389 4514 404 4540 ,
438 4474 565 4544 quia
594 4489 685 4544 ego
726 4473 780 4527 in
812 4471 974 4528 Patre
1003 4484 1049 4528 et
1080 4472 1244 4528 Pater
1266 4476 1319 4528 in
1356 4490 1438 4528 me
1462 4484 1537 4529 est
1567 4474 1750 4541 (Joan.

167 4579 258 4632 xui,
288 4567 384 4638 9);
416 4575 473 4621 et
504 4566 633 4624 item
662 4568 926 4640 scriptum
954 4587 967 4623 τ
1003 4568 1142 4623 Deus
1182 4578 1357 4624 noster
1395 4571 1535 4642 ignis
1563 4586 1754 4626 consu-

1856 4480 2162 4551 liuguarnm
2194 4478 2475 4551 ignearum
2504 4479 2715 4535 visione
2758 4481 3053 4540 adveniens
3097 4484 3348 4555 replevit,
3394 4485 3452 4543 in

1857 4590 1964 4647 quo
1997 4575 2201 4631 habent
2232 4587 2422 4629 omnes
2449 4572 2635 4629 ﬁdeles
2676 4574 3050 4631 remissionem
3099 4586 3455 4649 peccatorum

176 4674 290 4716 mens
327 4636 411 4717 est
462 4660 650 4731 (Hebr.
684 4636 795 4725 xu,
827 4661 954 4734 95),
986 4671 1042 4718 et
1084 4636 1616 4736 purgaverisvgratia
1656 4664 1751 4720 Dei
1779 4636 1830 4701 θ
1856 4636 2121 4733 omnium,
2155 4667 2269 4723 sive
2297 4666 2351 4722 in
2376 4665 2666 4737 baptismo,
2697 4667 2814 4723 sive
2839 4669 2893 4724 in
2921 4636 3264 4739 pmnitentia.
3296 4672 3448 4730 Illam

173 4755 363 4810 oculum
412 4757 613 4812 mentis
639 4772 671 4812 a
710 4756 934 4825 pulvere
974 4757 1057 4813 vel
1101 4757 1353 4828 albugine
1398 4758 1749 4830 arrogantiae,

172 4847 357 4913 poteris
385 4847 527 4902 hanc
553 4848 857 4903 orationem
880 4848 1202 4904 catholicam
1234 4849 1509 4905 intellectu
1540 4850 1746 4906 videre.

172 4938 224 4993 Et
248 4942 505 5012 quoniam
537 4942 803 5014 scriptum
831 4951 917 4999 est
948 4960 962 4997 :
996 4942 1293 4998 Invisibilia
1320 4943 1415 4997 Dei
1447 4961 1479 4997 a
1507 4953 1751 4999 creatura

170 5036 335 5089 mundi
361 5052 455 5104 per
474 5053 538 5091 ea
562 5053 680 5107 quae
706 5036 850 5107 [acta
878 5045 999 5090 sunt
1036 5034 1301 5090 intellecta
1329 5035 1746 5107 conspiciuntur,

167 5130 467 5199 sempiterna
494 5147 700 5203 quoque
723 5129 838 5202 ejus
859 5132 1020 5186 virtus
1041 5140 1088 5186 et
1104 5130 1350 5186 divinitas
1368 5130 1545 5203 (Rom.
1571 5131 1745 5204 1,20),

168 5216 372 5276 intende
402 5222 594 5290 solem,
623 5230 677 5278 et
702 5238 894 5295 separa
920 5224 989 5279 ab
1009 5239 1074 5279 eo
1101 5225 1284 5295 aliquo
1307 5226 1469 5281 modo
1498 5224 1749 5296 splendo-

166 5326 273 5365 rem
310 5316 389 5370 vel
427 5317 661 5373 calorem
695 5318 740 5374 si
769 5326 943 5389 potes,
968 5325 1025 5373 et
1054 5334 1175 5374 cum
1222 5320 1326 5374 tria
1359 5318 1744 5390 inseparabilia

165 5403 217 5459 in
247 5422 343 5461 una
376 5419 641 5467 creatura;
685 5410 991 5468 substantia
1034 5412 1264 5477 videbis,
1298 5412 1536 5486 intellige
1566 5414 1744 5473 lucem
1780 5404 1783 5409 ’

163 5507 213 5552 et
244 5514 446 5569 pacem,
475 5505 619 5561 sicut
637 5514 693 5562 et
720 5507 776 5561 in
807 5515 926 5563 arte
949 5508 1301 5579 grammatica
1324 5508 1616 5580 singularis
1642 5527 1748 5572 uu-

161 5591 291 5644 meri
319 5607 453 5661 esse,
486 5595 562 5651 ita
591 5604 645 5652 et
674 5612 835 5654 sensu
868 5598 1107 5672 intelligo
1132 5615 1295 5654 unam
1325 5611 1381 5656 et
1418 5617 1523 5657 non
1550 5603 1745 5661 trinam

162 5694 279 5738 esse
307 5684 478 5743 lucem
509 5703 573 5743 ac
600 5704 813 5760 pacem,
841 5691 1085 5746 omnium
1112 5707 1233 5763 quae
1260 5701 1386 5748 sunt
1416 5704 1742 5766 creatorem,

164 5771 372 5833 Patrem
402 5790 458 5837 et
494 5780 695 5838 Filium
738 5792 791 5839 et
827 5782 1089 5855 Spiritum
1118 5795 1387 5842 sanctum.
1422 5787 1558 5855 Quia
1605 5790 1744 5848 sicut

160 5860 300 5924 Deus
343 5868 523 5942 Pater,
553 5871 699 5932 Deus
732 5872 922 5944 Filius,
949 5875 1095 5934 Deus
1119 5888 1176 5935 et
1220 5877 1457 5952 Spiritus
1496 5890 1742 5952 sanctus,

1856 4768 2034 4815 tamen
2070 4760 2353 4817 verissime
2380 4774 2570 4816 vocem
2601 4776 2707 4830 qua
2750 4761 2900 4818 solus
2947 4761 3160 4820 locutus
3189 4772 3273 4821 est
3306 4766 3452 4823 Deus

1853 4854 2038 4921 Pater,
2067 4862 2124 4910 et
2159 4854 2307 4910 illam
2352 4868 2574 4911 carnem
2608 4870 2713 4926 qua
2744 4855 2891 4912 solus
2931 4857 3095 4914 homo
3140 4858 3317 4914 lactus
3364 4869 3449 4916 est

1854 4944 2165 5017 unigenitns
2197 4945 2360 5011 Deus,
2389 4954 2447 5000 et
2466 4945 2615 5000 illam
2650 4945 2957 5002 columbam
2990 4947 3041 5003 in
3072 4946 3230 5017 cujus
3267 4948 3451 5016 Specie

1858 5038 2096 5110 Spiritus
2130 5047 2354 5094 sanctus
2391 5053 2555 5109 super
2577 5037 2857 5095 Christum
2887 5038 3185 5104 descendit,
3222 5038 3450 5108 illasque

1850 5132 2064 5205 linguas
2093 5132 2279 5203 igneas
2303 5132 2356 5188 in
2378 5148 2613 5204 quarum
2640 5132 2851 5188 visione
2878 5131 3065 5191 ﬁdeles
3104 5131 3158 5186 in
3186 5147 3295 5187 uno
3327 5130 3447 5186 loco

1850 5227 2057 5297 positos
2097 5225 2346 5296 replevit,
2387 5235 2442 5280 et
2474 5224 2528 5280 in
2558 5240 2666 5296 quo
2690 5225 2854 5281 datur
2880 5223 3225 5280 credentibus
3254 5222 3447 5279 remis.

1853 5320 1935 5376 sio
1961 5328 2335 5392 peccatorum,
2365 5334 2530 5390 opera
2562 5333 2684 5375 esse
2716 5320 2881 5375 totius
2910 5325 3113 5377 sanctae
3132 5316 3443 5384 Trinitatis,

1851 5411 1907 5468 id
1936 5422 2021 5468 est
2048 5412 2207 5469 unius
2238 5412 2331 5467 Dei
2363 5412 2453 5483 qui
2486 5411 2616 5467 fecit
2644 5412 2697 5467 in
2728 5411 2883 5468 caelis
2909 5419 2965 5467 et
2992 5410 3046 5466 in
3081 5420 3225 5466 terra
3255 5410 3446 5466 visibi-

1852 5506 1926 5562 lia
1952 5515 2003 5563 et
2037 5506 2350 5573 invisibilia,
2395 5507 2675 5562 verissime
2703 5508 3033 5563 credendum
3066 5514 3170 5564 est.
3208 5507 3285 5563 De
3309 5521 3444 5579 pace

1851 5600 2144 5670 siquidem,
2172 5601 2315 5657 unde
2342 5601 2593 5657 haeretica
2626 5600 2783 5672 quasi
2826 5602 3103 5673 sapienter
3139 5611 3193 5658 et
3222 5601 3444 5659 conclu-

1848 5696 1968 5752 sive
2015 5711 2123 5750 una
2169 5710 2291 5751 cum
2338 5698 2457 5751 lucc
2486 5695 2784 5765 priedicare
2829 5703 2879 5751 te
2912 5696 3108 5766 jactas,
3154 5705 3207 5753 et
3253 5712 3443 5753 revera

1847 5786 2308 5859 perniciosissima
2333 5787 2699 5857 blasphemas,
2723 5788 2942 5845 dicens:
2970 5788 3081 5844 Pax
3112 5789 3370 5862 ingenita,
3387 5795 3445 5851 et

1848 5893 1955 5951 pax
1986 5879 2190 5954 genita,
2219 5886 2277 5938 et
2309 5894 2416 5953 pax
2443 5881 2765 5953 procedens,
2794 5883 3121 5943 naturaliter
3156 5899 3286 5950 una,
3315 5870 3445 5958 per-3
