4026 6340
577 379 682 434 575

1542 378 1882 437 HINCMARI
1920 380 2316 440 RHEMENSIS
2354 382 2878 444 ARCHIEPISCGPI

3704 395 3784 452 576

581 499 841 557 senaliter
869 500 1036 569 trina,
1062 501 1204 558 sicut
1229 516 1392 572 supra
1433 502 1617 568 dixisti
1665 506 1731 564 de
1756 507 1976 564 deitate.
2009 505 2168 562 Suﬂi-
2193 514 2247 570 Α
2271 522 2329 562 εε
2359 508 2427 563 de
2464 507 2559 563 Dei
2594 507 2735 566 Filio
2778 506 3110 580 evangelista
3152 509 3370 574 dixisse,
3411 511 3484 567 ait
3522 513 3580 569 de
3621 513 3790 577 Joanne

583 607 709 649 cere
735 601 989 664 poterant
1022 593 1218 663 quibus
1253 593 1449 651 sufﬁcit
1473 611 1595 668 qua:
1634 597 1796 655 latius
1822 600 1889 657 de
1918 602 2171 658 onmibus

585 702 709 758 quae
726 686 1158 742 substantialiter
1179 689 1248 744 de
1272 687 1383 746 Deo
1405 691 1660 748 dicuntur
1688 709 1756 749 ex
1776 695 2170 753 catholicorum

585 781 767 838 verbis
791 795 954 851 supra
979 782 1332 839 ostendimus.
1383 782 1490 841 Sed
1532 801 1602 843 ne
1641 788 1810 857 dicas,
1835 792 1960 861 quia
1987 792 2042 847 in
2086 793 2172 851 bis

587 874 795 929 duobus
816 873 1128 932 nominibus
1151 891 1251 932 nos
1273 877 1626 947 concluseris,
1655 891 1710 938 et
1739 882 1796 938 in
1821 885 2173 955 responsione

586 962 967 1033 defecerimus,
999 967 1154 1038 juxta
1181 971 1529 1039 proverbium
1563 974 1866 1044 antiquum,
1901 977 1994 1032 tibi
2021 978 2175 1034 malae

587 1057 799 1112 arboris
841 1057 981 1113 nodo
1024 1059 1384 1117 fortissimum
1425 1079 1658 1120 cuneum
1697 1067 2042 1136 opponimus,
2078 1085 2175 1125 au-

585 1152 838 1208 ctoritate
860 1153 1035 1209 sancti
1070 1153 1366 1223 Ambrosii,
1398 1166 1453 1213 et
1492 1159 1665 1231 ipsam
1711 1162 1958 1219 veritatis
2003 1164 2173 1220 ratio-

585 1260 732 1301 nem.
767 1245 982 1302 Veritas
1007 1247 1207 1320 quippe
1233 1249 1471 1321 loquitur
1497 1267 1595 1322 per
1620 1253 1995 1318 Ambrosium,
2043 1255 2174 1312 dicit

586 1343 643 1390 et
667 1350 767 1406 per
783 1335 1098 1406 Apostolum
1117 1358 1129 1393 :
1148 1340 1270 1410 Ipse
1291 1351 1366 1396 est
1385 1360 1492 1414 pax
1516 1353 1698 1399 nostra
1725 1345 1941 1417 (Ep/tes.
1968 1363 2029 1414 ιι,
2049 1348 2170 1418 14);

585 1435 642 1483 et
669 1443 684 1481 :
715 1427 857 1482 Deus
888 1428 982 1483 lux
1009 1439 1085 1485 est
1127 1430 1180 1502 (Ι
1205 1431 1367 1488 Joan.
1398 1450 1441 1500 ι,
1473 1434 1549 1507 5).
1583 1435 1721 1503 Quid
1756 1451 1886 1508 ergo
1917 1436 2061 1494 aliud
2081 1438 2174 1494 da-

583 1527 678 1576 tur
710 1521 958 1594 intelligi,
1009 1524 1114 1580 nisi
1153 1526 1280 1596 quia
1320 1527 1498 1598 ipsum
1546 1529 1618 1584 sit
1665 1545 1772 1600 pax
1797 1539 1852 1585 et
1896 1530 1986 1586 lux
2031 1532 2174 1602 quod

585 1613 732 1670 Deus
753 1615 876 1670 est?
901 1615 1086 1686 Neque
1107 1617 1256 1673 enim
1284 1617 1374 1674 illa
1402 1628 1597 1674 natura
1634 1620 1863 1691 simplex
1885 1637 2006 1693 quae
2031 1622 2174 1679 Deus

585 1716 692 1773 est,
722 1707 866 1765 aliud
894 1709 950 1764 in
979 1725 1036 1766 se
1065 1711 1264 1768 habere
1293 1721 1472 1783 potest
1503 1714 1605 1769 nisi
1631 1717 1776 1785 quod
1805 1716 1918 1786 ipsa
1948 1726 2050 1784 est,
2085 1719 2173 1774 cui

586 1799 688 1854 hoc
717 1808 801 1855 est
826 1800 990 1868 scire,
1015 1803 1158 1873 quod
1186 1819 1368 1874 posse,
1405 1805 1508 1861 hoc
1538 1812 1623 1861 est
1647 1822 1826 1877 posse,
1864 1810 2007 1880 quod
2053 1825 2174 1865 esse

2271 597 2510 668 Baptista
2540 614 2554 652 :
2590 597 2716 654 Non
2741 609 2852 653 erat
2891 598 2980 654 ille
3013 599 3127 666 lux,
3157 601 3247 654 sed
3267 609 3325 654 ut
3353 602 3673 660 testimonium
3703 625 3792 676 per.

2271 687 2468 742 biberet
2483 689 2547 743 de
2567 687 2784 744 lumine.
2812 689 2942 744 Erat
2965 689 3060 744 lux
3074 707 3215 757 vera,
3231 707 3348 762 qua
3368 691 3613 750 illuminat
3630 713 3795 755 omnem

2272 781 2534 837 hominem
2555 781 2838 839 venientem
2875 785 2931 839 in
2969 785 3108 840 hunc
3133 787 3387 841 mundum
3415 788 3582 859 (Joan.
3605 807 3637 856 ι,
3665 793 3708 857 8,
3733 794 3795 862 9).

2272 873 2415 946 Ergo
2443 875 2568 946 quia
2599 876 2740 931 Deus
2773 876 2864 930 lux
2890 886 2994 942 est,
3025 877 3117 932 lux
3144 887 3324 934 autem
3350 895 3474 935 vera
3499 891 3576 937 est
3613 883 3695 940 Dei
3729 885 3800 941 Fi-

2273 964 2400 1032 lius,
2432 967 2548 1022 sine
2579 968 2741 1024 dubio
2781 966 2925 1024 Deus
2952 985 3111 1025 verus
3139 981 3224 1026 est
3248 970 3340 1027 Dei
3379 971 3557 1030 Filius.
3583 974 3735 1032 Habes
3761 988 3802 1032 et

2275 1060 2401 1116 alibi
2426 1061 2551 1131 quia
2581 1061 2723 1117 Deus
2747 1061 2839 1116 lux
2883 1071 2966 1118 est
2993 1082 3007 1118 :
3039 1063 3276 1134 Populus
3300 1065 3388 1136 qui
3409 1066 3599 1121 sedebat
3620 1069 3668 1122 in
3689 1079 3804 1124 tene-

2275 1153 2382 1208 bris
2409 1163 2456 1208 et
2481 1155 2667 1210 umbra
2695 1157 2902 1222 mortis,
2936 1156 3105 1211 lucem
3152 1158 3287 1212 vidit
3327 1174 3562 1229 magnam
3603 1159 3719 1230 (Ita.
3746 1178 3804 1229 Ix,

2275 1241 2381 1316 2).’
2398 1245 2536 1313 Quid
2561 1254 2744 1302 autem
2791 1248 2895 1304 hoc
2926 1249 3230 1305 evidentius
3265 1251 3408 1320 quod
3445 1251 3556 1306 ait:
3593 1251 3807 1318 Quoniam

2274 1339 2416 1409 apud
2442 1349 2489 1393 te
2515 1348 2589 1394 est
2620 1341 2740 1410 fons
2762 1342 2900 1409 vitw,
2945 1352 2995 1396 et
3027 1343 3084 1396 in
3119 1343 3318 1397 lumine
3357 1353 3445 1397 tuo
3469 1343 3721 1399 videbimus
3744 1345 3808 1398 lu-

2274 1433 2436 1486 men?
2467 1431 2640 1503 (Psal.
2671 1450 2838 1499 xxxv,
2886 1433 2998 1506 10.)
3047 1434 3161 1492 Hoc
3189 1445 3294 1502 est,
3325 1437 3464 1507 quod
3493 1437 3620 1508 apud
3655 1449 3699 1493 te
3731 1447 3809 1505 est,

2274 1522 2420 1579 Deus
2443 1526 2784 1596 omnipotens
2815 1525 2998 1593 Pater,
3031 1528 3124 1598 qui
3165 1527 3289 1583 fons
3322 1529 3445 1584 vitxc
3471 1544 3547 1595 es,
3577 1531 3624 1583 in
3655 1530 3812 1587 lumine

2277 1621 2369 1668 tuo
2409 1614 2548 1670 Filio
2573 1614 2879 1671 videbimus
2916 1617 3118 1672 lumen.
3154 1618 3467 1675 Videbimus
3493 1620 3656 1675 lumen
3677 1619 3813 1690 Spiri-

2278 1714 2363 1761 tus
2408 1707 2624 1773 sancti,
2689 1709 2830 1764 sicut
2875 1709 2992 1780 ipse
3039 1711 3307 1767 Dominus
3332 1714 3584 1779 ostendit,
3627 1714 3813 1773 dicens:

2277 1797 2508 1869 Accipite
2540 1797 2796 1870 Spiritum
2833 1811 3075 1856 sanctum
3116 1801 3302 1874 (Joan.
3335 1819 3428 1869 xx,
3453 1803 3564 1874 22),
3607 1812 3655 1858 et
3680 1803 3814 1861 alibi:

585 1903 642 1951 et
665 1912 847 1954 nosse.
882 1896 1038 1953 Unde
1081 1908 1136 1954 et
1175 1901 1278 1956 hoc
1304 1901 1455 1971 pacis
1480 1909 1536 1957 et
1562 1902 1699 1958 lucis
1733 1904 2051 1972 praecelsum
2078 1921 2174 1961 vo-

2284 1889 2351 1942 Et
2393 1891 2557 1945 virtus
2602 1892 2809 1946 exiebat
2837 1893 2901 1947 de
2924 1910 3003 1948 eo.
3052 1893 3238 1964 Ipsum
3283 1904 3463 1951 autem
3509 1894 3702 1950 Patrem
3725 1896 3820 1964 quis

585 1991 838 2047 cabulum
877 2002 1080 2049 sancta:
1107 1993 1360 2050 Trinitati
1400 1997 1912 2053 convenientissime
1953 2007 2173 2071 coapta-

585 2091 712 2140 tur:
743 2085 998 2142 nimirum
1029 2089 1174 2158 quod
1197 2103 1265 2144 ex
1290 2089 1468 2145 tribus
1502 2089 1700 2146 litteris
1724 2099 1959 2158 constat,
1985 2101 2039 2148 et
2059 2093 2177 2164 pluo

584 2178 818 2235 talitatis
867 2196 1156 2237 numerum
1197 2183 1338 2238 sicut
1374 2183 1519 2239 Deus
1563 2183 1797 2255 ignorat.
1849 2184 1984 2240 Cum
2031 2187 2176 2241 enim

586 2273 816 2330 dicimus
841 2290 970 2345 pax,
1005 2275 1118 2342 lux,
1143 2292 1242 2348 per
1268 2285 1382 2333 tres
1407 2276 1618 2332 litteras
1649 2285 1759 2333 tres
1781 2278 1835 2333 in
1861 2279 1974 2334 Deo
1991 2293 2179 2348 perso—

584 2379 670 2420 nae
694 2364 1152 2438 intelliguntur,et
1177 2368 1304 2439 quia
1324 2384 1455 2439 pax,
1473 2370 1613 2424 sicut
1635 2384 1736 2426 nec
1756 2370 1870 2435 lux,
1889 2384 2177 2428 numerum

583 2457 848 2529 pluralem
872 2475 979 2515 non
1002 2462 1215 2531 recipit,
1243 2476 1340 2532 per
1361 2463 1692 2534 singularem
1725 2478 2009 2520 numerum
2047 2464 2178 2520 sub-

585 2551 806 2618 stantia,
835 2551 889 2607 id
919 2560 1002 2608 est
1029 2552 1202 2609 deitas
1226 2553 1396 2623 ipsius
1424 2554 1587 2611 unius
1613 2555 1709 2611 Dei
1733 2555 2018 2626 accipitur,
2040 2555 2181 2612 sicut

587 2655 806 2702 sanctus
826 2646 1144 2704 Ambrosius
1167 2648 1219 2703 in
1253 2649 1433 2719 primo
1464 2648 1603 2704 libro
1633 2651 1700 2705 de
1726 2648 1937 2722 Spiritu
1965 2659 2176 2716 sancto,

587 2733 745 2807 513
771 2738 949 2806 capite
967 2739 1286 2795 duodecimo
1312 2739 1448 2796 dicit
1475 2759 1487 2794 :
1518 2757 1539 2792 ε
1573 2739 1693 2796 Una
1714 2757 1838 2813 pax,
1871 2758 1977 2797 una
2006 2743 2182 2814 gratia

585 2824 762 2883 Patris
791 2836 847 2883 et
872 2828 990 2884 Filii
1023 2841 1082 2885 et
1125 2829 1363 2900 Spiritus
1411 2832 1606 2888 sancti.
1641 2831 1888 2903 Denique
1918 2834 2180 2906 scriptum

586 2931 708 2990 ests:
736 2921 921 2978 Gratia
958 2924 1099 2979 vobis
1128 2935 1178 2980 et
1206 2944 1313 2997 pas;
1358 2945 1391 2982 a
1416 2926 1528 2981 Deo
1562 2925 1726 2983 Patre
1757 2938 1934 2983 nostro
1971 2938 2022 2983 et
2065 2928 2178 2983 Do-

585 3012 727 3068 mino
783 3011 913 3068 Iesu
971 3014 1177 3070 Christo
1219 3014 1360 3088 (Gal.
1415 3034 1474 3084 ι,
1518 3017 1596 3088 5).
1656 3018 1794 3073 Ecce
1839 3019 2010 3073 habes
2055 3018 2183 3088 quia

587 3103 765 3162 Patris
809 3115 864 3161 et
894 3106 1016 3162 Filii
1045 3123 1152 3162 una
1186 3110 1357 3180 gratia
1389 3119 1493 3176 est,
1525 3119 1581 3166 et
1616 3109 1795 3166 Patris
1824 3120 1880 3166 et
1924 3111 2044 3165 Filii
2075 3127 2184 3166 una

587 3211 696 3266 pax
725 3204 828 3251 est.
870 3195 978 3253 Sed
1017 3206 1073 3253 et
1116 3199 1291 3268 gratia
1334 3208 1390 3254 et
1430 3216 1534 3271 pax
1577 3200 1784 3256 fructus
1812 3211 1898 3257 est
1928 3199 2182 3272 Spiritus,

588 3288 729 3344 sicut
754 3289 872 3360 ipse
899 3289 1192 3362 Apostolus
1219 3292 1427 3360 docuit,
1461 3293 1649 3350 dicens
1689 3309 1704 3348 :
1735 3293 1968 3349 Fructus
2011 3304 2188 3350 autem

589 3381 824 3453 Spiritus
874 3384 1104 3440 charitas
1150 3386 1424 3457 gaudium,
1472 3403 1599 3455 pax,
1651 3386 1906 3458 patientia
1957 3384 2101 3459 (Gal.
2131 3402 2189 3455 v,

585 3472 700 3544 22).
733 3474 801 3529 Ει
827 3476 970 3532 bona
995 3491 1104 3546 pax
1129 3484 1186 3532 et
1217 3477 1547 3543 necessaria,
1594 3485 1655 3532 ut
1702 3491 1863 3534 nemo
1898 3477 1967 3533 ad
2005 3477 2192 3548 dispu-

591 3567 852 3623 tationum
896 3569 1144 3625 turbetur
1190 3569 1459 3626 incertum
1506 3569 1625 3643 [al.,
1678 3570 1954 3643 incertis],
2013 3585 2192 3641 neque

587 3658 900 3727 passionum
949 3660 1317 3730 corporalium
1375 3669 1694 3733 tempestate
1722 3663 2042 3733 quatiatur:
2095 3663 2189 3717 sed

588 3749 646 3804 in
681 3750 1028 3821 simplicitate
1059 3751 1184 3809 ﬁdei
1222 3762 1279 3809 et
1319 3753 1714 3824 tranquillitate
1748 3756 1947 3812 mentis
1975 3755 2191 3826 quietus

589 3846 735 3903 circa
783 3847 883 3904 Dei
937 3849 1141 3905 cultum
1197 3857 1515 3920 perseveret
1585 3849 1830 3906 allectus.
1881 3871 1901 3904 ι
1952 3851 2019 3906 Et
2067 3859 2193 3922 post

588 3959 761 4015 pauca
793 3958 809 3998 :
846 3963 866 3998 ε
902 3941 961 4000 Si
1004 3945 1168 4018 igitur
1196 3962 1303 4002 una
1328 3962 1456 4018 pax,
1489 3963 1596 4002 una
1626 3949 1818 4020 gratia,
1855 3962 1961 4002 una
2007 3949 2190 4004 chari-

589 4043 692 4101 tas,
727 4051 830 4091 una
860 4039 1294 4095 communicatio
1322 4050 1405 4095 est
1430 4039 1610 4096 Patris
1636 4050 1692 4097 et
1719 4040 1842 4096 Filii
1868 4049 1924 4096 et
1954 4040 2192 4112 Spiritus

590 4127 782 4192 sancti,
815 4143 922 4183 una
951 4138 1099 4186 certe
1145 4132 1391 4200 operatio
1429 4139 1534 4198 est,
1567 4140 1621 4186 et
1670 4131 1761 4185 ubi
1792 4147 1897 4187 una
1949 4131 2191 4202 operatio

589 4227 694 4285 est,
735 4220 920 4291 utique
950 4238 1056 4277 non
1091 4231 1272 4294 potest
1316 4224 1492 4279 virtus
1540 4239 1661 4279 esse
1708 4222 1879 4279 divisa
1907 4264 1921 4290 ,
1955 4224 2191 4279 discreta

590 4311 913 4367 substantia.
940 4312 1075 4368 Nam
1098 4316 1371 4385 quomodo
1389 4313 1721 4384 operationis
1748 4312 1990 4382 ejusdem
2014 4312 2191 4382 gratia

590 4404 945 4458 conveniret?
979 4425 997 4457 ι
1033 4405 1100 4459 Ει
1129 4405 1307 4475 capite
1334 4405 1545 4461 decimo
1579 4404 1782 4460 tertio:
1818 4423 1838 4457 ί
1869 4403 2002 4471 Quis
2028 4403 2194 4475 igitur

592 4493 856 4547 unitatem
901 4509 1156 4564 separare
1185 4497 1382 4551 audeat
1426 4495 1681 4560 nominis,
1713 4510 1838 4550 cum
1861 4497 2192 4566 operationis

593 4582 773 4637 videat
801 4584 1100 4638 unitatem?
1125 4584 1232 4640 Sed
1262 4586 1390 4656 quid
1423 4601 1524 4657 ego
1555 4587 1817 4651 unitatem
1841 4586 2075 4642 nominis
2105 4603 2193 4641 ar-

595 4676 867 4744 gumentis
893 4685 1100 4745 astruo,
1126 4693 1253 4734 cum
1284 4677 1482 4733 divina:
1522 4680 1670 4734 vocis
1696 4678 1919 4735 evidens
1947 4681 2190 4735 testimo-

594 4767 742 4821 nium
767 4769 856 4822 sit.
904 4768 1082 4826 Unum
1124 4787 1320 4827 nomen
1354 4773 1635 4829 estPatris
1655 4781 1711 4828 et
1731 4771 1924 4828 Filiiet
1950 4771 2190 4844 Spiritus

597 4860 793 4914 sancti.
821 4859 1095 4931 Scriptum
1117 4872 1201 4919 est
1224 4864 1368 4919 enim
1393 4863 1528 4931 :Ite,
1557 4863 1818 4936 baptizate
1843 4875 2019 4937 gentes
2034 4865 2089 4919 in
2103 4881 2193 4920 no-

596 4955 736 5008 mine
761 4954 942 5011 Patris
965 4967 1010 5012 et
1042 4955 1173 5012 Filii
1193 4967 1240 5012 et
1260 4957 1493 5029 Spiritus
1522 4959 1691 5013 sancti
1731 4957 1947 5031 (Matth.
1982 4973 2189 5024 xxvm,

597 5045 715 5119 l9).
747 5046 814 5103 In
845 5052 1054 5104 nomine
1082 5051 1237 5119 dixit,
1268 5066 1374 5108 non
1413 5052 1468 5107 in
1519 5053 1825 5108 nominibus
1860 5071 1873 5107 :
1903 5067 2011 5107 non
2060 5067 2190 5123 ergo

595 5139 740 5196 aliud
769 5158 964 5200 nomen
990 5144 1190 5213 Patris,
1245 5145 1392 5201 aliud
1421 5161 1615 5201 nomen
1631 5145 1774 5211 Filii,
1804 5145 1948 5202 aliud
1989 5160 2186 5202 nomen

597 5233 834 5306 Spiritus
863 5237 1060 5302 sancti,
1088 5239 1217 5308 quia
1249 5253 1392 5294 unus
1434 5238 1578 5294 Deus
1619 5253 1726 5293 non
1767 5238 1922 5310 plura
1947 5239 2189 5307 nomina,

595 5327 722 5398 quia
766 5343 873 5383 non
904 5329 1010 5385 duo
1037 5330 1133 5398 dii,
1180 5347 1280 5386 nec
1330 5341 1440 5388 tres
1485 5332 1580 5388 dii.
1609 5332 1677 5387 Et
1706 5341 1766 5387 ut
1794 5332 2035 5402 aperiret
2063 5334 2192 5402 quia

595 5436 704 5476 una
729 5421 1004 5490 divinitas,
1044 5439 1152 5478 una
1191 5425 1448 5496 majestas
1470 5434 1575 5491 est,
1605 5425 1731 5495 quia
1777 5439 1945 5478 unum
1993 5439 2192 5480 nomen

595 5513 775 5569 Patris
803 5522 858 5568 et
886 5513 1008 5569 Filii
1045 5523 1101 5570 et
1131 5515 1368 5586 Spiritus
1415 5517 1631 5583 sancti,
1664 5536 1683 5570 ι
1729 5524 1786 5572 et
1839 5514 2068 5585 reliqua.
2119 5514 2188 5571 Et

597 5605 776 5676 capite
803 5606 1015 5663 decimo
1043 5617 1240 5678 quarto
1289 5627 1302 5664 :
1339 5627 1358 5661 ‹
1406 5607 1551 5664 Deus
1577 5609 1724 5664 enim
1755 5607 1850 5662 lux
1899 5615 2004 5676 est,
2051 5607 2191 5662 sicut

597 5699 735 5756 dixit
762 5699 1019 5768 Joannes,
1058 5702 1185 5773 quia
1215 5701 1356 5757 Deus
1384 5701 1478 5756 luas
1518 5711 1634 5770 est,
1684 5711 1733 5757 et
1781 5701 2004 5758 tenebra:
2047 5701 2101 5756 in
2135 5718 2195 5756 eo

599 5807 704 5846 non
742 5803 862 5847 sunt
901 5793 1023 5851 ullis
1061 5794 1241 5868 (Joan.
1269 5813 1310 5863 ι,
1337 5796 1414 5866 5).
1446 5793 1562 5851 Lux
1587 5805 1769 5853 autem
1793 5804 1850 5853 et
1873 5795 2035 5862 illius,
2068 5795 2194 5866 quia

598 5885 708 5943 vita
729 5896 843 5953 erat
886 5887 980 5946 tux
1008 5889 1278 5952 hominum
1307 5887 1493 5963 (Joan.
1519 5905 1561 5959 ι,
1589 5889 1670 5962 ιι).
1695 5889 1779 5966 ,Ει
1799 5898 1860 5948 ut
1885 5888 2200 5948 ostenderet

2281 1981 2486 2036 dubitet
2517 1982 2691 2038 lucem
2735 2001 2875 2052 esse,
2929 2001 3052 2041 cum
3100 1987 3301 2042 lectum
3351 1989 3421 2043 sit
3455 1987 3520 2043 de
3566 1987 3688 2044 Filio
3711 1989 3818 2058 ejus,

2279 2073 2403 2143 quia
2434 2073 2689 2144 splendor
2717 2076 2788 2131 sit
2831 2076 2970 2132 lucis
3019 2086 3238 2133 aeternae
3289 2078 3476 2150 (Hebr.
3511 2095 3549 2145 ι,
3591 2077 3661 2149 3).
3693 2075 3821 2148 Cujus

2279 2167 2422 2221 enim
2480 2168 2585 2223 nisi
2634 2168 2814 2225 Patris
2870 2170 3125 2241 splendor
3169 2180 3256 2227 est
3299 2171 3487 2238 Filius,
3539 2171 3624 2243 qui
3657 2181 3822 2233 etcum

2280 2259 2440 2313 Patre
2470 2274 2687 2330 semper
2716 2269 2820 2327 est,
2852 2277 2954 2317 nec
2999 2262 3253 2318 dissimili
3299 2263 3394 2320 sed
3419 2263 3599 2319 eadem
3625 2263 3824 2319 claritate

2278 2351 2598 2424 praefulget?
2631 2352 2699 2407 Et
2723 2353 2894 2410 Isaias
2925 2355 3198 2426 signiﬁcat
3223 2373 3339 2414 non
3369 2358 3538 2415 solum
3562 2357 3732 2421 lucem,
3753 2355 3822 2422 sed

2281 2445 2446 2500 etiam
2476 2446 2654 2517 ignem
2685 2461 2808 2503 esse
2836 2446 3101 2518 Spiritum
3125 2458 3400 2517 sanctum,
3440 2451 3650 2508 dicens:
3676 2449 3822 2504 Emit

2281 2535 2374 2591 lux
2414 2535 2586 2593 Israel
2646 2539 2704 2592 in
2745 2539 2917 2610 ignem
2959 2539 3094 2612 (Isa.
3122 2557 3180 2608 x,
3216 2543 3330 2614 17).
3381 2543 3561 2615 Itaque
3602 2543 3827 2615 propheta

2281 2645 2405 2684 eum
2474 2630 2654 2699 ignem
2699 2632 2982 2689 ardentem
3047 2635 3361 2704 dixerunt;
3417 2639 3541 2709 quia
3596 2637 3643 2692 in
3697 2635 3827 2695 tribus

2283 2723 2401 2779 istis
2470 2725 2759 2793 generibus
2811 2727 3134 2796 propensius
3195 2729 3540 2800 majestatem
3587 2726 3827 2784 divinitatis

2285 2817 2617 2874 advertimus
2662 2837 2676 2873 :
2727 2819 2986 2890 quoniam
3039 2831 3096 2877 et
3149 2821 3497 2878 sanctiﬁcare
3543 2819 3825 2883 divinitatis,

2285 2916 2340 2963 et
2407 2908 2715 2967 illuminare
2781 2912 2918 2968 lucis
2985 2923 3042 2968 et
3088 2914 3230 2986 ignis
3285 2923 3372 2970 est
3430 2914 3688 2986 proprium
3737 2931 3747 2965 :
3789 2922 3828 2965 et

2287 3003 2342 3059 in
2395 3006 2579 3076 specie
2636 3007 2778 3078 ignis
2833 3009 3066 3080 exprimi
3123 3009 3211 3065 vel
3265 3010 3445 3066 videri
3496 3009 3673 3066 divina:
3706 3000 3830 3078 514

2288 3105 2372 3152 εει
2432 3099 2842 3155 consuetudinis
2904 3118 2916 3155 :
2981 3099 3128 3156 Deus
3182 3103 3327 3156 enim
3384 3113 3460 3157 est
3517 3103 3641 3173 ignis
3681 3113 3826 3153 consu-

2292 3209 2436 3247 mens
2470 3234 2486 3259 ,
2540 3194 2682 3249 sicut
2728 3193 2942 3266 Moyses
2999 3195 3130 3251 dicit
3168 3195 3354 3268 (Deut.
3394 3214 3447 3252 ιν
3479 3194 3625 3267 ,24).
3670 3213 3685 3245 ι
3725 3190 3829 3245 Ecce

2215 3259 2262 3323 (ἶ
2294 3285 2462 3340 babes
2494 3287 2621 3356 quia
2654 3259 2831 3342 Pater'
2853 3297 2909 3343 et
2949 3287 3122 3344 Filius
3147 3259 3202 3343 et
3225 3259 3489 3359 Spiritus
3511 3262 3709 3344 sanctus
3749 3296 3828 3337 non

2291 3377 2656 3448 personaliter
2701 3380 2865 3445 trina,
2916 3380 3010 3436 sed
3062 3380 3393 3437 naturaliter
3431 3389 3484 3437 et
3529 3373 3830 3434 essentialiter

2291 3485 2397 3525 una
2419 3484 2548 3540 pax,
2579 3487 2689 3527 una
2718 3471 2812 3528 lux
2839 3482 2942 3529 est.
2974 3471 3132 3528 Unde
3169 3473 3316 3530 sicut
3341 3483 3398 3530 et
3439 3474 3506 3530 de
3557 3473 3749 3534 deitate,
3784 3480 3831 3522 ac

2292 3564 2360 3620 de
2394 3564 2649 3622 omnibus
2696 3581 2818 3637 qua:
2860 3567 2927 3623 de
2973 3566 3086 3624 Deo
3136 3567 3568 3624 substantialiter
3608 3565 3828 3624 dicuntur,

2291 3659 2532 3715 revictus
2561 3661 2632 3716 es'
2667 3659 2923 3726 mendax,
2968 3659 3349 3728 Gothescalce,
3379 3661 3504 3732 quia
3531 3675 3631 3715 non
3654 3652 3830 3728 plurali-

2293 3758 2377 3806 ter
2413 3752 2507 3807 sed
2553 3751 2903 3823 singulariter
2931 3752 3000 3808 de
3037 3753 3269 3825 singulis
3316 3754 3456 3808 sicut
3502 3760 3556 3808 et
3598 3750 3656 3804 de
3699 3744 3832 3800 tribus

2292 3843 2542 3914 personis
2571 3843 2769 3900 debent
2794 3842 2975 3900 etl‘erri
3001 3845 3142 3917 (cap.
3175 3845 3252 3915 8).
3284 3845 3439 3900 Sicut
3460 3853 3516 3899 et
3543 3849 3738 3897 sanctus
3756 3833 3834 3889 Au-

2293 3936 2541 4008 gustinus
2586 3935 2642 3990 in
2683 3935 2822 3992 libro
2861 3937 3053 4007 quinto
3093 3935 3161 3991 de
3200 3935 3474 3992 Trinitate
3502 3933 3644 3998 dicit,
3676 3938 3723 3985 et
3763 3933 3831 3978 tuo

2293 4025 2576 4082 mendacio
2597 4027 2962 4083 contradicit:
3003 4046 3024 4079 ‹
3073 4027 3241 4094 Illud,
3285 4029 3564 4100 inquiens,
3615 4019 3834 4096 pmipue

2293 4121 2588 4177 tenendum
2614 4129 2719 4188 est,
2739 4121 3009 4192 quidquid
3040 4121 3109 4176 ad
3136 4136 3197 4177 se
3220 4122 3422 4177 dicitur
3448 4103 3834 4194 praestantissima

2295 4213 2384 4268 illa
2430 4222 2487 4269 et
2529 4213 2710 4269 divina
2761 4213 3086 4280 sublimitas,
3146 4213 3583 4269 substantialiter
3610 4209 3720 4272 dici,
3746 4212 3836 4257 tan-

2293 4310 2514 4373 tamque
2554 4303 2666 4358 vim
2706 4318 2830 4359 esse
2885 4301 3126 4373 ejusdem
3160 4303 3495 4359 substantiae
3547 4303 3599 4356 in
3624 4298 3760 4353 patre
3796 4295 3836 4343 et

2293 4395 2432 4452 Filio
2459 4405 2515 4453 et
2545 4395 2752 4468 Spiritu
2781 4405 2996 4463 sancto,
3039 4405 3100 4452 ut
3129 4397 3399 4468 quidquid
3441 4397 3508 4454 de
3555 4388 3753 4464 singulis
3786 4381 3836 4437 ad

2297 4488 2505 4560 seipsos
2529 4488 2750 4555 dicitur,
2777 4503 2888 4544 non
2916 4488 3200 4560 pluraliter
3229 4489 3284 4544 in
3321 4503 3556 4555 summa,
3589 4483 3674 4542 sed
3695 4480 3835 4546 singu‘

2215 4581 2487 4683 Illariter
2533 4580 2853 4652 accipiatur.
2907 4601 2926 4635 ι
2973 4581 3126 4649 Quod
3174 4590 3357 4638 autem
3407 4582 3476 4638 ad
3522 4575 3727 4650 aliquid,
3748 4581 3833 4683 ‘non

2297 4674 2748 4741 substantialiter,
2795 4675 2891 4730 sed
2949 4675 3178 4731 relative
3221 4690 3288 4731 ac
3325 4689 3426 4746 per
3471 4675 3570 4729 hoc
3612 4661 3833 4740 pluraliter

2296 4767 2516 4824 dicitur.
2545 4765 2708 4820 Plura
2747 4766 2981 4837 denique
3004 4767 3224 4834 horum,
3253 4768 3348 4823 sed
3371 4775 3430 4823 et
3457 4765 3675 4820 aliorum
3695 4753 3832 4854 ortho-

2298 4863 2566 4918 doxorum
2611 4860 2982 4933 potuissemus
3017 4875 3222 4932 ponere
3266 4857 3608 4921 testimonia,
3658 4863 3760 4921 qum
3791 4856 3828 4896 ιη

2297 4956 2410 5012 suis
2437 4956 2572 5012 locis
2596 4954 2765 5012 lector
2808 4954 3011 5026 poterit
3039 4954 3288 5010 invenire
3323 4971 3336 5007 :
3378 4951 3474 5008 sed
3504 4948 3829 5039 scimusth:

2297 5051 2443 5106 niam
2459 5060 2878 5120 quantacunque
2891 5047 3260 5119 posuerimus,
3283 5043 3602 5101 aamulorum
3626 5029 3828 5093 invidiam

2297 5151 2352 5200 et
2401 5141 2742 5200 Gothescalci
2792 5141 3078 5214 perﬁdiam
3103 5183 3118 5209 ,
3187 5149 3244 5197 et
3288 5139 3335 5196 si
3387 5152 3488 5211 per
3531 5134 3761 5191 rationem
3791 5123 3832 5172 el

2297 5239 2678 5295 auctoritatem
2725 5253 3008 5308 superare,
3054 5251 3163 5292 non
3206 5243 3388 5290 tamen
3436 5216 3830 5320 penitus

2297 5330 2620 5387 valebimus.
2685 5327 3030 5399 Quapropter
3075 5325 3399 5381 adhibemus
3463 5320 3622 5376 etiam
3668 5309 3729 5367 illi
3765 5312 3828 5400 58"

2297 5437 2450 5480 crum
2477 5420 2757 5477 Nicaznum
2787 5417 3099 5484 concilium,
3152 5416 3208 5472 in
3235 5429 3343 5486 quo
3392 5427 3518 5469 cum
3545 5407 3664 5464 Ario

2298 5528 2410 5586 pes.
2443 5511 2589 5568 illius
2639 5511 2928 5567 damnatus
2992 5521 3121 5578 est,
3173 5508 3302 5566 licet
3346 5506 3661 5562 verbotenus
3692 5487 3828 5590 illum

2300 5607 2601 5663 detestetur
2643 5606 2737 5676 qui
2767 5621 2929 5661 sensu
2968 5603 3235 5676 sequitur.
3278 5599 3447 5672 Cujus
3476 5590 3672 5654 concilii
3690 5587 3826 5678 invitf'

2297 5696 2475 5754 labilis
2512 5696 2806 5762 confessio,
2843 5708 2898 5752 et
2945 5695 3337 5768 irrefragabilis
3361 5685 3661 5749 constitutio
3685 5679 3828 5768 Dom"

2299 5807 2428 5846 num
2481 5799 2729 5847 nostrum
2775 5787 2964 5845 Jesum
3011 5767 3290 5845 Christum
3359 5795 3544 5842 natum
3598 5791 3658 5832 ex
3697 5767 3826 5822 Ρειτο

2303 5885 2660 5958 unigenitum,
2682 5885 2789 5941 hoc
2814 5893 2901 5943 est
2926 5882 3331 5960 ex_substantia
3359 5877 3552 5944 Patris,
3598 5870 3741 5927 Deum
3773 5851 3825 5906 ἀο
