4026 6340
576 410 683 470 579

1536 414 1870 472 illNCMARl
1902 414 2306 480 RHEMENSIS
2340 422 2859 483 ARCHIEPISCOPI
3707 436 3791 496 σω

530 566 533 569 »
572 528 698 598 quia
721 542 829 583 non
856 525 1246 584 Gothescalcus
1266 527 1551 585 haereticus
1571 569 1585 595 ,
1611 530 1705 586 sed
1728 530 1873 587 sicut
1898 537 2164 609 seriptnm
2191 538 2246 599 Α
2267 538 2569 603 constituti,
2600 549 2657 595 et
2683 540 2749 593 ad
2782 510 3056 594 transacta
3087 555 3193 595 non
3222 542 3551 611 respicimus,
3576 552 3627 600 et
3659 548 3715 602 ad
3743 566 3792 606 ea

570 634 684 679 est:
720 620 991 692 Spiritolis
1013 622 1169 676 homo
1179 621 1392 692 judicat
1414 622 1627 689 omnia,
1650 624 1759 695 ipse
1782 639 1964 689 autem
2002 647 2037 685 α
2076 646 2166 685 ne,

570 716 709 770 mine
739 715 1018 785 judicatur
1048 713 1101 782 (ι
1147 711 1269 771 Cor.
1314 730 1383 779 Il,
1437 715 1550 785 i5).
1596 714 1652 772 ld
1702 730 1825 788 est,
1866 730 1928 778 ut
1972 722 2163 778 beatus

570 808 906 878 Augustinus
957 808 1121 875 dicit,
1150 822 1183 863 a
1211 806 1358 863 nullo
1402 808 1659 881 homine,
1691 814 1785 870 sed
1822 830 1855 871 a
1889 815 2002 871 sola
2048 815 2164 885 ipsa

568 900 720 969 lege,
769 900 1066 957 secundum
1112 915 1275 971 quam
1315 898 1531 968 iudicat
1576 908 1782 962 omnia.
1811 907 2081 975 Quoniam
2109 916 2164 965 et

569 993 700 1051 illud
729 993 1013 1049 verissime
1045 992 1249 1049 dictum
1279 1006 1398 1055 est:
1429 997 1645 1069 Oportet
1686 1017 1779 1054 nos
1814 1018 1993 1055 omnes
2018 1003 2162 1057 exhi-

569 1085 677 1141 beri
700 1093 822 1141 ante
844 1084 1074 1139 tribunal
1097 1083 1298 1146 Christi
1320 1090 1407 1158 (II
1432 1090 1554 1147 Cor.
1584 1107 1637 1157 v,
1666 1092 1776 1163 ω).
1804 1092 1999 1148 Omnia
2030 1110 2160 1165 ergo

561 1173 804 1245 judicat,
844 1175 973 1245 quia
1029 1184 1195 1251 super
1238 1183 1420 1236 omnia
1461 1190 1575 1246 est,
1615 1184 1831 1252 quando
1878 1201 2004 1239 cum
2052 1185 2163 1241 Deo

566 1278 670 1325 est.
700 1268 839 1331 Cum
862 1271 957 1331 illo
975 1285 1158 1331 autem
1180 1286 1300 1342 est,
1331 1276 1549 1346 quando
1575 1276 1865 1346 purissime
1893 1279 2158 1351 intelligit,

567 1368 626 1421 et
674 1369 789 1423 tota
842 1367 1111 1422 charitate
1156 1368 1299 1437 quod
1352 1367 1604 1440 intelligit
1631 1369 1821 1440 diligit.
1870 1370 1947 1424 Ita
1995 1372 2160 1429 etiam

571 1470 837 1532 quantum
882 1467 1065 1530 potest
1097 1459 1183 1515 lex
1232 1460 1345 1529 ipsa
1390 1462 1561 1515 etiam
1586 1462 1700 1532 ipse
1731 1463 1825 1528 tit,
1863 1464 2161 1518 secundum

572 1571 735 1627 quam
757 1552 966 1624 judicat
991 1556 1190 1610 omnia.
1223 1554 1299 1611 De
1335 1570 1442 1625 qua
1463 1553 1711 1623 judicare
1741 1555 1921 1612 nullus
1951 1565 2159 1625 potest,

568 1647 869 1727 praesertim
897 1662 1056 1703 nemo
1081 1646 1296 1703 illorum
1314 1685 1330 1711 ,
1357 1648 1422 1702 de
1447 1646 1647 1719 quibus
1667 1647 1795 1702 item
1828 1648 2019 1703 beatus
2045 1647 2159 1703 Au—

568 1743 816 1814 gustinus
840 1741 973 1797 dicit
1002 1759 1016 1795 :
1052 1760 1070 1793 t
1100 1740 1237 1808 Quia
1266 1741 1421 1797 multi
1446 1756 1554 1797 non
1579 1742 1752 1801 solum
1781 1741 1834 1796 in
1867 1742 2160 1808 catholica,

566 1836 663 1892 sed
696 1837 751 1890 in
781 1834 1012 1889 diversis
1041 1832 1373 1901 haeresibus,
1420 1834 1464 1888 si
1506 1832 1688 1903 aliqua
1724 1833 2010 1901 ingruente
2039 1849 2162 1904 per-

2268 643 2390 697 quaa
2436 637 2643 685 restant
2678 631 2912 685 transire
2956 631 3294 688 festinamus.
3342 631 3472 689 Nam
3503 635 3587 704 qui
3632 636 3793 707 imper-

2268 717 2534 775 fectorum
2566 719 2835 776 desideria
2878 723 3163 792 dignanter
3207 722 3519 789 inflammat,
3547 726 3650 781 bzec
3692 745 3798 798 quo-

2268 814 2558 868 dammodo
2589 815 2656 870 ad
2680 816 3069 885 perfectionem
3106 818 3328 889 roborat
3354 834 3449 889 per
3474 818 3645 876 Jesum
3671 822 3799 879 Chri-

2264 912 2410 959 stum
2437 904 2727 962 Dominum
2755 918 3023 975 nostrum,
3049 910 3144 981 qui
3170 883 3295 967 cum
3324 927 3390 969 eo
3416 912 3547 968 vivit
3571 923 3621 969 et
3648 928 3800 987 regnat

2266 995 2407 1053 Deus
2436 998 2490 1053 in
2520 999 2728 1055 unitate
2777 1000 3011 1071 Spiritus
3054 1004 3247 1068 sancti,
3299 1020 3398 1077 per
3433 1006 3605 1061 omnia
3640 1009 3800 1064 sarcula

2266 1089 2608 1155 szeculorum,
2655 1091 2845 1147 Amen.
2895 1095 2961 1149 Et
2988 1096 3245 1163 quoniam
3280 1095 3424 1152 idem
3457 1096 3800 1156 Gothescalcus

2266 1181 2447 1251 plures
2472 1183 2762 1239 schedulas
2791 1184 3248 1254 blasphemiarum
3280 1203 3497 1245 suarum
3520 1192 3801 1261 compilavit,

2265 1274 2333 1330 ad
2361 1292 2497 1345 quas
2536 1293 2727 1334 omnes
2754 1290 2977 1349 propter
3018 1281 3221 1337 multas
3269 1284 3641 1353 occupationes
3679 1285 3804 1342 nobis

2265 1367 2483 1440 longum
2527 1372 2856 1442 respondere
2882 1373 3004 1441 fuit,
3034 1375 3099 1431 de
3129 1376 3214 1431 his
3242 1376 3581 1432 scribendum
3609 1385 3806 1432 tantum-

2265 1462 2427 1517 modo
2456 1464 2709 1531 vidimus,
2738 1466 2804 1522 de
2842 1467 3038 1538 quibus
3071 1469 3337 1538 quosdam
3382 1467 3712 1525 scandalisari
3743 1470 3804 1525 di-

2263 1555 2514 1613 dicimus.
2547 1557 2778 1629 Scripsit
2810 1561 2955 1616 enim
2981 1561 3123 1618 inter
3151 1561 3280 1630 alia,
3312 1561 3367 1618 in
3398 1562 3618 1633 quadam
3641 1561 3806 1619 naenia-

2264 1665 2385 1705 rum
2413 1666 2635 1708 suarum
2661 1652 2917 1709 schedula
2944 1671 2959 1710 :

3006 1793 3123 1851 XV.

566 1931 867 1997 secutione,
884 1932 1102 1987 tradant
1122 1930 1191 1984 ad
1210 1928 1456 1984 ﬂammas
1469 1928 1755 1985 nobiscum
1777 1944 1976 2001 corpus
2001 1943 2158 1984 suum
2188 1919 2237 1982 B
2340 1943 2401 1984 -ι-
2431 1946 2450 1980 t
2484 1928 2765 2003 Siquidem
2779 1932 3184 1991 indediciturin
3199 1934 3798 2009 Deopersonamtodpor

563 2040 664 2097 pro
695 2024 800 2080 ﬁde
826 2037 990 2095 quam
1012 2022 1217 2095 pariter
1244 2021 1589 2086 conﬁtentur,
1624 2030 1801 2076 tamen
1840 2021 1965 2092 quia
1998 2037 2155 2093 sepa-

566 2118 672 2174 rati
717 2119 835 2175 hmc
881 2126 1082 2189 agunt,
1125 2132 1234 2172 non
1270 2115 1593 2173 suﬁ‘erentes
1642 2115 1873 2173 invicem
1920 2117 1973 2171 in
2023 2115 2157 2170 dile-

564 2213 765 2279 ctione,
790 2226 967 2282 neque
989 2211 1270 2268 studentes
1300 2226 1522 2267 servare
1552 2212 1819 2265 unitatem
1850 2209 2073 2279 spiritus
2098 2208 2153 2263 in

564 2305 782 2362 vimqu
822 2304 1011 2375 pacis,
1059 2303 1385 2358 charitatem
1440 2302 1627 2375 utique
1689 2317 1797 2357 non
1859 2299 2151 2365 habendo,

562 2399 729 2455 ctiam
774 2413 897 2455 cum
943 2397 1050 2454 illis
1094 2397 1347 2454 omnibus
1400 2411 1521 2467 quae
1573 2395 1706 2451 nihil
1757 2395 1838 2450 eis
1885 2400 2151 2463 prosunt,

564 2492 632 2549 ad
696 2499 953 2548 :eternam
1029 2490 1257 2547 salutem
1334 2489 1622 2561 pervenire
1702 2503 1809 2544 non
1889 2496 2149 2559 possunt,

562 2586 687 2657 quia
727 2596 928 2657 prater
973 2584 1235 2640 unitatem
1281 2592 1338 2639 et
1387 2584 1479 2654 qui
1535 2582 1669 2637 facit
1716 2582 1977 2636 miracula
2018 2580 2152 2637 nihil

560 2687 663 2734 est.
715 2677 916 2733 Praeter
978 2676 1241 2732 unitatem
1306 2684 1462 2732 erant
1512 2675 1663 2744 magi
1712 2673 2050 2740 Pharaonis,
2098 2682 2154 2729 et

562 2769 835 2825 faciebant
895 2768 1093 2825 similia
1157 2767 1348 2841 Moysi.
1409 2768 1477 2824 Et
1537 2767 1787 2838 discipuli
1855 2767 2152 2838 gloriantes

561 2862 818 2919 dixerunt
888 2863 1173 2920 Domino:
1216 2861 1353 2918 Ecce
1429 2864 1487 2917 in
1556 2862 1764 2917 nomine
1838 2870 1928 2917 tuo
1992 2864 2150 2916 etiam

560 2958 710 3013 nobis
757 2958 1021 3013 dmonin
1066 2958 1303 3030 subjecta
1343 2967 1466 3013 sunt
1510 2956 1665 3029 (Luc.
1719 2974 1786 3024 Χ,
1842 2957 1952 3029 i7).
2006 2957 2151 3012 Bene

561 3049 780 3121 quidem
805 3049 1040 3108 confessi
1074 3060 1224 3117 sunt,
1256 3031 1586 3107 'detulerunt
1637 3050 1900 3105 honorem
1945 3050 2149 3105 nomini

558 3143 794 3214 Christi;
842 3154 897 3201 et
941 3155 1119 3203 tamen
1183 3147 1327 3217 quod
1377 3147 1453 3202 ait
1514 3147 1593 3202 eis
1638 3164 1652 3200 :
1700 3145 1879 3202 Nolite
1931 3148 1990 3201 in
2051 3147 2149 3201 hoc

560 3234 723 3309 517
748 3235 963 3309 gloriari
988 3238 1114 3309 quia
1142 3237 1403 3292 dwmonia
1432 3238 1576 3292 vobis
1604 3236 1834 3308 subjecta
1864 3247 1986 3292 sunt
2009 3254 2026 3292 :
2057 3238 2147 3292 sed

2261 2042 2283 2075 ι
2329 2038 2386 2079 se
2412 2025 2484 2080 sit
2511 2041 2639 2080 una.
2668 2025 3008 2097 Quapropter
3035 2044 3161 2084 cum
3187 2028 3291 2086 Dei
3320 2039 3515 2089 natura
3543 2032 3665 2088 nihil
3689 2032 3803 2090 aliud

2262 2133 2283 2168 ι
2330 2116 2401 2172 sit
2443 2132 2604 2188 quam
2634 2119 2922 2188 generalis,
2949 2121 3283 2189 communis,
3327 2132 3491 2195 atque
3535 2124 3807 2180 universalis

2261 2226 2281 2261 ι
2322 2213 2566 2266 omnium
2600 2212 2761 2267 trium
2805 2213 3142 2281 substantia;
3170 2226 3227 2271 et
3256 2233 3593 2288 unaquaque
3634 2217 3683 2271 in
3708 2217 3801 2270 Tri-

2260 2320 2281 2357 ι
2325 2302 2497 2359 nitate
2527 2319 2756 2375 persona
2793 2305 2929 2361 nihil
2959 2306 3030 2361 sit
3072 2306 3221 2363 aliud
3247 2324 3415 2377 quam
3448 2309 3672 2379 propria,
3707 2323 3802 2377 spec

2259 2413 2279 2447 ι
2322 2394 2497 2461 cialis,
2535 2404 2587 2452 et
2624 2397 2900 2453 individua
2944 2398 3292 2471 singulorum
3337 2401 3631 2456 substantia
3655 2408 3704 2455 et
3730 2413 3800 2455 es-

2259 2504 2279 2539 t
2325 2489 2521 2555 sentia,
2544 2490 2815 2559 patefacta
2837 2500 2941 2557 est,
2965 2492 3075 2549 Deo
3096 2493 3329 2564 gratias,
3352 2493 3473 2551 luce
3490 2493 3675 2551 clarius
3690 2493 3800 2548 inter

2259 2597 2279 2631 ‹
2322 2595 2485 2636 unam
2536 2580 2632 2635 Dei
2666 2591 2920 2637 naturam
2952 2593 3007 2639 et
3048 2593 3160 2640 tres
3195 2601 3461 2655 personas
3501 2585 3797 2642 diﬁcreutia:

2259 2689 2279 2724 ι
2324 2687 2391 2727 εο
2433 2672 2712 2739 videlicet,
2753 2676 2898 2745 quod
2941 2677 2996 2731 in
3048 2687 3242 2733 natura
3288 2679 3675 2736 demonstratur
3707 2691 3803 2732 om-

2258 2782 2278 2815 ‹
2324 2763 2473 2819 nium
2502 2766 2666 2820 trium
2695 2766 3067 2824 substantialis
3096 2771 3451 2841 generalitas,
3471 2770 3801 2832 communitas,

2258 2874 2277 2906 ι
2323 2855 2736 2923 universalitas,
2790 2860 3008 2927 unitas;
3052 2847 3109 2915 at
3155 2863 3207 2916 in
3252 2864 3499 2934 personis
3543 2862 3803 2921 declarauit

2259 2966 2279 2999 t
2326 2950 2603 3006 individua
2630 2952 2964 3023 singulorum
2990 2956 3307 3025 specialitas
3335 2967 3493 3028 atque
3520 2955 3797 3028 proprietas,

2257 3060 2276 3093 ς
2321 3050 2377 3098 ει
2407 3044 2480 3098 ita
2514 3045 2598 3100 his
2630 3061 2845 3116 quoque
2880 3058 3281 3119 consequenter
3329 3050 3687 3125 manifestum
3706 3048 3801 3105 Tri-

2257 3152 2277 3186 ‹
2319 3135 2478 3199 nitas,
2511 3144 2566 3191 et
2600 3137 2742 3193 sicut
2770 3140 3018 3210 superius
3046 3158 3157 3197 una
3189 3142 3410 3202 scilicet
3452 3153 3653 3211 natura,
3678 3142 3805 3198 sicet

2258 3245 2277 3278 ι
2326 3228 2379 3281 in
2409 3226 2493 3281 his
2528 3229 2670 3283 trina
2703 3230 2897 3288 deitas.
2929 3252 2949 3286 ι

559 3299 783 3401 ᾖαῐᾶυῶ
803 3330 928 3402 quia
957 3299 1169 3384 nomina
1200 3339 1368 3384 vestra
1393 3330 1585 3401 scripta
1612 3299 1730 3384 sunt
1760 3331 1815 3383 in
1846 3329 1971 3384 caelo
1998 3329 2147 3402 (Luc.
2179 3299 2226 3365 Ο
2328 3327 2424 3373 ΧΡ·
2459 3317 2577 3385 QUO
2603 3330 2792 3376 COIIll'a
2826 3322 3017 3379 beatus
3043 3323 3410 3398 Augustinus,
3437 3329 3576 3401 quod
3602 3335 3649 3384 et
3674 3339 3803 3396 still"a

560 3438 614 3487 Χ,
655 3420 771 3493 20).
820 3421 1013 3477 Petrus
1041 3421 1302 3476 daemonia
1342 3421 1610 3487 excludit,
1643 3423 1829 3478 nescio
1872 3439 1994 3493 quae
2035 3424 2153 3479 ani-

560 3515 679 3571 cnla
710 3514 895 3582 vidua,
942 3515 1128 3571 nescio
1163 3516 1286 3585 quis
1329 3515 1494 3571 homo
1523 3517 1915 3589 qualiscunque
1959 3518 2149 3585 laicus,

562 3608 770 3663 habens
797 3608 1157 3672 charitatem,
1205 3616 1395 3665 tenens
1440 3598 1806 3680 integritatem
1842 3611 2000 3678 ﬁdei,
2043 3628 2151 3667 non

560 3701 693 3757 facit
721 3701 845 3757 hoc.
886 3700 1083 3757 Petrus
1114 3702 1166 3757 in
1194 3718 1423 3774 corpore
1450 3705 1641 3759 oculus
1668 3714 1771 3770 est,
1805 3703 1894 3759 ille
1933 3705 1989 3760 in
2031 3720 2155 3761 cor-

559 3807 692 3866 pore
736 3794 936 3866 digitus
965 3804 1083 3863 εει,
1126 3795 1181 3852 in
1226 3812 1291 3852 eo
1320 3806 1502 3853 tamen
1553 3813 1779 3868 corpore
1823 3808 1907 3855 est
1948 3799 2002 3854 in
2045 3813 2153 3871 quo

559 3884 778 3955 Petrus,
804 3898 858 3945 et
886 3888 931 3943 si
970 3888 1150 3944 minus
1182 3889 1327 3945 valet
1361 3890 1560 3961 digitus
1596 3906 1759 3962 quam
1790 3892 1998 3959 oculus,
2044 3909 2151 3950 non

561 3988 641 4037 est
670 3988 851 4037 tamen
880 3981 1139 4053 praecisus
1182 3998 1210 4037 a
1242 3998 1491 4054 corpore.
1526 3982 1717 4041 Melius
1744 3994 1828 4040 est
1856 4001 1979 4041 esse
2008 3986 2151 4057 digi-

562 4080 676 4128 tum
704 4081 757 4127 et
796 4087 913 4128 esse
942 4074 994 4127 in
1034 4087 1283 4145 corpore,
1322 4089 1484 4145 quam
1518 4090 1638 4131 esse
1668 4075 1884 4131 oculum
1912 4084 1966 4132 et
1992 4077 2151 4133 evelli

563 4165 631 4221 de
659 4182 905 4237 corpore.
930 4187 948 4220 ι
1000 4167 1109 4223 Deo
1135 4168 1357 4239 gratias,
1393 4168 1799 4240 qualescunque
1842 4170 2151 4225 sacerdotes

560 4266 615 4314 et
642 4259 695 4312 in
724 4259 1106 4317 Ecclesiastico
1132 4262 1393 4331 regimine
1420 4263 1605 4332 positi,
1639 4262 1961 4317 catholicam
1988 4263 2148 4319 ﬁdem

561 4359 843 4409 servantes
886 4353 942 4407 in
990 4351 1192 4409 Christi
1240 4368 1498 4423 corpore,
1544 4355 1609 4410 de
1659 4371 1767 4426 quo
1814 4355 2032 4412 evulsus
2069 4364 2155 4413 est

559 4444 972 4509 Gothescalcus,
1022 4459 1129 4499 non
1182 4460 1571 4516 usquequaque
1625 4448 1935 4513 virtutibus,
1994 4448 2150 4504 vacui

560 4551 876 4601 manemus;
908 4534 1057 4605 quia,
1104 4543 1165 4590 ut
1195 4536 1335 4592 idem
1386 4538 1578 4594 beatus
1620 4538 1955 4611 Augustinus
1982 4541 2147 4608 dicit,

559 4629 735 4687 virtus
767 4638 853 4686 est
896 4630 980 4685 vel
1010 4639 1158 4686 recta
1201 4631 1291 4687 vel
1324 4631 1564 4701 perfecta
1615 4633 1772 4689 ratio.
1804 4634 1868 4689 Et
1913 4634 2030 4689 haec
2066 4644 2152 4691 est

560 4736 693 4777 vere
737 4719 982 4793 perfecta
1033 4722 1237 4790 virtus,
1285 4725 1425 4780 ratio
1489 4727 1809 4797 perveniens
1861 4726 1929 4781 ad
1985 4726 2148 4781 ﬁnem
2178 4694 2230 4757 Β

563 4828 754 4881 suum,
796 4818 961 4885 quam
1004 4816 1163 4873 beata
1214 4819 1323 4873 vita
1369 4821 1740 4891 consequitur.
1797 4820 1919 4891 ipsa
1968 4831 2150 4878 autem

561 4905 702 4964 visio
738 4908 1045 4967 intellectus
1074 4919 1159 4967 est
1192 4910 1281 4966 ille
1315 4913 1405 4982 qui
1446 4913 1498 4967 in
1536 4914 1718 4968 anima
1752 4922 1860 4981 est,
1900 4922 2151 4983 aspectus

562 5000 758 5056 animae
807 5000 947 5057 ratio
983 5011 1086 5058 est.
1133 5002 1240 5059 Sed
1278 5004 1404 5074 quia
1450 5019 1557 5059 non
1598 5005 1845 5075 sequitur
1876 5016 1938 5061 ut
1971 5007 2150 5063 omnis

561 5090 655 5161 qui
694 5091 889 5161 aspicit
918 5093 1132 5160 videat,
1173 5102 1424 5166 aspectus
1467 5104 1648 5152 rectus
1685 5106 1847 5169 atque
1876 5097 2149 5169 perfectus

562 5181 611 5239 is
636 5191 723 5241 est
750 5199 910 5256 quem
937 5186 1075 5241 visio
1102 5195 1380 5257 sequatur,
1408 5197 1463 5243 et
1500 5190 1672 5246 virtus
1699 5201 1945 5247 vocatur.
1973 5193 2144 5260 Quam

562 5283 619 5331 et
650 5276 694 5331 si
737 5276 975 5347 perfecte
1020 5277 1250 5333 necdum
1298 5280 1478 5352 adepti
1512 5298 1718 5350 sumus,
1761 5285 1885 5353 quia
1915 5284 2145 5338 necdum

564 5368 779 5424 culmen
826 5369 1175 5441 perfectionis
1214 5373 1563 5444 attingimus,
1602 5376 1655 5429 in
1703 5376 1787 5429 via
1832 5384 2009 5429 tamen
2053 5374 2147 5429 Dei

562 5462 802 5534 quotidie
831 5465 1005 5520 sancti
1035 5464 1289 5520 desiderii
1319 5481 1537 5537 gressus
1567 5483 1767 5538 ponere
1797 5467 2146 5523 desudamus.

563 5555 926 5631 Quapropter,
967 5567 1026 5615 ut
1072 5561 1262 5617 beatus
1302 5561 1433 5617 dicit
1476 5560 1790 5635 Gregorius,
1834 5562 2150 5618 consolatur

544 5666 663 5709 nos
703 5652 944 5720 Veritas,
984 5669 1104 5725 qua:
1150 5669 1247 5725 per
1291 5653 1638 5712 Psalmistam
1686 5655 1816 5711 dicit
1851 5674 1863 5709 :
1896 5653 2151 5731 Imperfe-

562 5755 704 5802 ctum
749 5763 923 5802 meum
951 5747 1188 5805 viderunt
1222 5749 1361 5802 oculi
1404 5747 1480 5802 tui
1520 5759 1568 5803 et
1599 5748 1655 5803 in
1694 5747 1826 5803 libro
1854 5758 1943 5802 tuo
1974 5764 2150 5803 omnes

564 5835 859 5891 scribentur
906 5836 1091 5906 (Psal.
1137 5853 1413 5903 cxxxvm,
1456 5837 1567 5911 16).
1621 5838 1737 5896 Non
1782 5839 2002 5895 omnino
2046 5839 2152 5895 erit

569 5927 726 5985 nobis
770 5930 930 5985 noxia
974 5939 1159 5985 nostra
1208 5930 1576 6003 imperfectio,
1626 5933 1668 5989 si
1717 5933 1773 5988 itt
1821 5932 1912 5990 Dei
1959 5936 2150 5991 itinere

2256 3412 2557 3481 posuimus,
2588 3414 2638 3468 in
2672 3415 2811 3471 libro
2841 3432 2913 3471 vn
2946 3418 3011 3473 de
3048 3417 3323 3477 Trinitate
3357 3423 3525 3478 dicit:
3562 3440 3579 3473 ι
3606 3419 3701 3477 Nec
3724 3418 3801 3480 sic.

2258 3506 2525 3575 inquiens,
2572 3508 2895 3565 Trinitatem
2941 3512 3173 3571 dicimus
3219 3514 3393 3589 518
3442 3525 3548 3573 tres
3589 3523 3805 3587 personat

2256 3597 2341 3654 vel
2372 3601 2771 3665 subsistentias,
2799 3620 2962 3659 unam
3010 3608 3309 3663 essentiam
3352 3619 3410 3665 et
3450 3625 3606 3665 unum
3634 3608 3803 3667 Deum.

2258 3701 2517 3764 tanquam
2545 3712 2613 3751 ex
2661 3713 2768 3752 una
2815 3700 3044 3755 materia
3081 3702 3182 3756 tria
3230 3704 3484 3773 quaedam
3528 3702 3802 3761 subsistant,

2256 3780 2469 3842 etiamsi
2515 3789 2776 3859 quidquid
2829 3791 2959 3847 illud
2992 3802 3077 3849 est
3106 3794 3158 3847 in
3191 3793 3278 3849 his
3312 3795 3485 3851 tribus
3522 3792 3803 3865 explicatum

2256 3879 2346 3947 sit,
2378 3896 2485 3936 non
2531 3884 2675 3937 enim
2728 3885 2931 3955 aliquid
2971 3886 3114 3942 aliud
3160 3887 3278 3958 ejus
3325 3890 3573 3945 essentia;
3596 3897 3671 3942 est
3695 3897 3805 3956 pra-

2257 3980 2340 4027 ter
2367 3974 2525 4028 istam
2564 3974 2907 4031 Trinitatem.
2933 3978 3136 4033 Tamen
3182 3989 3292 4035 tres
3324 3996 3579 4051 personas
3603 3975 3805 4049 ejusdem

2257 4068 2525 4133 essentne,
2574 4069 2656 4123 vel
2707 4078 2816 4125 tres
2862 4086 3124 4141 personas
3162 4089 3328 4129 unam
3376 4075 3655 4131 essentiam
3694 4066 3804 4123 dici—

2258 4176 2394 4224 mus,
2446 4170 2556 4216 tres
2600 4172 2780 4218 autem
2830 4180 3087 4233 personas
3117 4183 3186 4222 ex
3233 4171 3423 4225 eadem
3473 4166 3690 4224 essentia
3721 4176 3801 4215 non

2255 4250 2508 4315 dicimus,
2548 4257 2702 4323 quasi
2732 4255 2877 4309 aliud
2913 4254 2985 4312 ibi
3024 4258 3093 4312 sit
3129 4260 3270 4328 quod
3300 4263 3539 4318 essentia
3567 4268 3661 4323 est,
3687 4249 3802 4311 aliud

2255 4347 2398 4415 quod
2445 4362 2722 4416 personat,
2766 4350 2906 4405 sicut
2953 4358 3063 4405 tres
3108 4360 3316 4411 statuas
3364 4372 3433 4411 ex
3477 4356 3654 4410 eodem
3696 4361 3803 4403 auro

2254 4454 2543 4509 possumus
2570 4442 2790 4498 dicere:
2823 4444 2968 4498 aliud
3013 4447 3158 4500 enim
3206 4447 3315 4503 illic
3354 4458 3441 4505 est
3468 4463 3584 4503 esse
3626 4457 3803 4503 aurum.

2255 4531 2399 4587 aliud
2432 4548 2552 4588 esse
2587 4544 2813 4591 statuas.
2865 4537 2931 4591 Et
2974 4554 3099 4593 cum
3150 4540 3404 4595 dicuntur
3438 4551 3552 4595 tres
3600 4534 3805 4593 homines

2255 4639 2360 4679 una
2392 4634 2611 4689 natura,
2643 4628 2722 4681 vel
2759 4637 2869 4683 tres
2904 4629 3153 4685 homines
3189 4630 3429 4701 ejusdem
3461 4640 3676 4692 naturas,
3710 4636 3805 4694 p05-

2256 4725 2384 4771 sunt
2411 4716 2576 4771 etiam
2606 4718 2711 4773 dici
2743 4728 2849 4774 tres
2889 4720 3135 4776 homines
3162 4740 3229 4776 ex
3255 4724 3445 4778 eadem
3476 4732 3675 4783 natura,
3703 4718 3800 4785 quia

2255 4825 2324 4865 ex
2353 4812 2540 4866 eadem
2578 4821 2770 4866 natura
2805 4822 2860 4869 et
2887 4814 2975 4867 alii
3009 4814 3139 4869 tales
3180 4815 3428 4870 homines
3469 4821 3684 4886 possunt
3715 4807 3800 4863 cti-

2255 4913 2419 4959 stere.
2464 4903 2518 4958 lu
2566 4905 2656 4958 illa
2688 4920 2817 4960 vero
2861 4909 3098 4961 essentia
3138 4906 3447 4973 Trinitatis,
3496 4907 3634 4961 nullo
3677 4898 3798 4955 modo

2255 4997 2359 5052 alia
2392 4998 2641 5067 quaelibet
2670 5014 2901 5067 persona
2930 5016 2992 5055 ex
3027 5002 3217 5065 eadem
3250 5003 3482 5057 essentia
3530 5010 3693 5072 potest
3714 4992 3798 5047 eti-

2255 5099 2421 5146 stere.
2479 5090 2593 5145 Non
2653 5091 2795 5145 enim
2848 5092 3023 5162 major
3066 5095 3304 5149 essentia
3354 5094 3518 5147 Pater
3576 5102 3628 5147 et
3665 5088 3795 5143 Filius

2256 5183 2436 5248 simul,
2466 5200 2624 5253 quam
2660 5184 2806 5239 solus
2853 5185 3013 5239 Pater
3054 5193 3149 5240 aut
3176 5186 3345 5241 Filius
3371 5200 3385 5237 :
3416 5186 3510 5240 sed
3544 5195 3646 5238 tres
3669 5171 3793 5233 simul

2256 5276 2358 5331 illae
2384 5278 2767 5345 subsistentia,
2812 5280 2925 5334 sive
2954 5295 3216 5351 personae,
3249 5281 3293 5335 si
3325 5280 3397 5334 ita
3427 5278 3657 5335 dicenda:
3681 5277 3795 5327 sunt.
3886 5322 3891 5331 .

2256 5370 2492 5439 aequales
2519 5380 2644 5425 sunt
2677 5372 2922 5441 singulis,
2949 5374 3091 5442 quod
3118 5373 3368 5429 animalis
3397 5373 3557 5427 homo
3587 5384 3678 5425 non
3705 5374 3795 5432 μετ’

2257 5464 2407 5532 cipit.
2440 5483 2457 5514 ι
2506 5465 2571 5517 Et
2622 5464 2672 5517 in
2722 5480 2977 5520 sermone
3035 5465 3315 5536 trigesimo
3362 5475 3517 5519 sexto
3564 5448 3792 5526 Evangelii

2259 5551 2481 5609 Joannis
2506 5572 2517 5608 :
2550 5576 2568 5606 ι
2590 5554 2829 5610 Trinitas
2855 5572 2995 5611 unus
3017 5555 3180 5622 Deus,
3205 5557 3446 5612 Trinitas
3466 5570 3565 5609 una
3584 5557 3659 5607 est
3675 5553 3795 5600 aeter-

2263 5647 2427 5712 nitas,
2458 5664 2564 5702 una
2594 5658 2853 5718 potestas,
2904 5664 3009 5703 una
3040 5650 3321 5721 majestas.
3359 5648 3499 5717 Quid
3538 5658 3654 5713 ergo
3680 5628 3796 5692 tres?

2263 5738 2321 5797 Si
2361 5742 2507 5796 enim
2541 5749 2650 5797 tres
2689 5742 2784 5806 ait,
2827 5749 3045 5811 oportet
3084 5743 3233 5799 dicas
3261 5743 3391 5814 quid
3431 5739 3570 5796 tres?
3595 5736 3794 5799 ReSPOﬂ‘

2263 5833 2385 5900 deo,
2432 5832 2592 5888 Pater
2633 5842 2687 5889 et
2729 5834 2896 5889 Filius
2932 5843 2988 5890 et
3034 5833 3270 5905 Spiritus
3319 5842 3552 5891 sanctus.
3587 5826 3637 5884 ld
3676 5818 3793 5876 enim

2265 5934 2406 6005 quod
2435 5931 2600 5988 Pater
2626 5933 2677 5987 in
2722 5950 2779 5988 se
2808 5943 2887 5989 est
2934 5936 3075 5989 Deus
3104 5942 3213 5998 est,
3261 5932 3402 6005 quod
3432 5931 3495 5986 ad
3521 5922 3694 5982 Filium
3726 5917 3793 5969 αι
