4026 6340
197 412 304 473 581

1230 406 1319 466 DE
1354 404 1497 467 UNA
1519 405 1624 465 (ΕΤ
1660 405 1801 466 NON
1844 402 2058 465 TRINA
2101 403 2431 467 DEITATE.

194 531 371 588 Pater
394 536 511 585 est:
545 527 685 597 quod
721 525 891 584 Filius
920 525 987 582 ad
1017 540 1075 582 se
1105 524 1279 596 ipsum
1307 523 1453 580 Deus
1500 531 1602 592 est,
1644 494 1871 593 quod‘A
1894 526 1980 577 ter
2029 520 2125 577 sed
2171 519 2396 577 relative
2446 519 2667 579 dicitur.
2716 518 2875 578 Unde
2918 526 2975 577 et
3023 520 3265 586 Boetius,
3319 538 3386 581 ac
3439 526 3491 583 si

197 622 275 678 ad
300 622 516 676 Patrem
540 626 645 685 est,
669 619 837 675 Filius
862 626 967 675 est.
990 639 1009 675 ι
1038 618 1104 674 Ει
1128 626 1250 692 post
1276 617 1584 690 paululum:
1615 634 1634 669 ι
1655 615 1793 684 Quia

195 702 295 771 ina
341 713 597 768 divinitas
641 722 757 777 est,
810 722 892 768 est
940 712 1013 768 ibi
1060 712 1263 787 aliquid
1311 710 1605 778 ineﬂabile,
1652 709 1798 782 quod

192 806 387 861 verbis
428 805 687 877 explicari
735 822 837 859 non
877 805 1074 876 possit,
1122 813 1182 861 ut
1213 813 1271 862 et
1315 818 1575 861 numerus
1620 803 1711 871 sit,
1743 811 1798 860 et

193 917 469 959 numerus
495 917 603 957 non
635 902 725 956 sit.
752 900 943 957 Videte
970 900 1138 967 enim,
1174 899 1220 957 si
1250 915 1357 955 non
1388 898 1548 972 quasi
1574 906 1800 973 apparet

193 1010 467 1051 numerus
504 993 669 1049 Pater
708 1002 761 1049 et
797 993 967 1049 Filius
995 1001 1049 1049 et
1082 992 1319 1064 Spiritus
1363 1000 1588 1049 sanctus
1617 990 1799 1046 Trini-

192 1094 304 1143 tas.
347 1087 403 1141 Si
457 1096 587 1152 tres,
628 1085 756 1155 quid
805 1085 949 1141 tres?
993 1085 1175 1141 deﬁcit
1216 1098 1494 1141 numerus.
1536 1083 1615 1139 lta
1657 1082 1801 1138 Deus

191 1194 466 1235 numerus
507 1178 710 1233 recedit
756 1192 787 1231 a
835 1192 1081 1244 nmnero,
1124 1192 1223 1233 nec
1262 1178 1473 1248 capitur
1523 1191 1794 1231 numero:

192 1272 333 1343 quia
373 1279 485 1326 tres
531 1279 654 1326 sunt
701 1279 957 1341 tanquam
1006 1285 1285 1335 numeros,
1330 1269 1376 1324 si
1426 1268 1627 1340 qureris
1669 1266 1799 1338 quid

192 1363 354 1418 tres?
394 1378 502 1417 non
546 1370 632 1417 est
664 1377 944 1416 numerus.
987 1360 1140 1417 Unde
1176 1361 1383 1417 dictum
1414 1369 1536 1415 est:
1571 1358 1800 1430 Magnus

193 1456 467 1513 Dominus
512 1455 652 1510 Deus
695 1466 890 1521 noster,
937 1464 985 1509 et
1025 1471 1216 1526 magna
1252 1456 1418 1509 virtus
1457 1453 1594 1525 ejus,
1637 1463 1684 1508 et
1715 1470 1802 1508 sa-

194 1548 415 1620 pientia:
452 1546 568 1618 ejus
618 1564 723 1601 non
768 1557 842 1601 est
894 1562 1142 1601 numerus
1174 1543 1349 1618 (Psal.
1373 1560 1552 1610 exuit,
1581 1543 1657 1616 5).
1681 1564 1701 1597 ι
1737 1543 1803 1599 Et

196 1641 338 1698 item
382 1648 507 1712 post
548 1639 865 1711 paululum:
902 1657 921 1691 ι
950 1637 1065 1695 lloc
1114 1637 1291 1694 solum
1341 1654 1630 1694 numerum
1664 1637 1802 1693 insi-

196 1743 342 1793 nuat
368 1735 516 1806 quod
540 1732 609 1790 ad
649 1732 879 1790 invicem
911 1742 1061 1801 sunt,
1091 1750 1197 1790 non
1234 1733 1379 1805 quod
1414 1733 1481 1789 ad
1510 1749 1569 1790 se
1599 1741 1746 1789 sunt.
1777 1752 1795 1785 ι

195 1828 278 1886 Ex
323 1830 410 1884 bis
446 1828 627 1884 verbis
676 1828 820 1884 beati
853 1827 1141 1900 Augustini
1175 1828 1581 1882 demonstratur
1610 1835 1800 1882 contra

1898 616 2115 672 beatum
2145 615 2505 688 Augustinum
2529 629 2837 687 exponens,
2869 616 2925 671 in
2954 615 3095 674 libro
3122 619 3191 672 ad
3216 616 3489 676 Joannem

1899 709 2201 766 Romanum
2237 710 2545 776 diaconum,
2590 719 2778 781 postea
2802 718 2987 769 autem
3021 711 3365 783 episcopum,
3410 713 3494 772 di-

1900 805 2019 861 cit:
2057 821 2077 857 ι
2111 802 2475 876 lntelligamus
2517 802 2735 860 Patrem
2780 812 2836 860 et
2876 803 3073 860 Filium
3114 821 3181 862 ac
3228 788 3490 877 Spiritum

1902 907 2148 955 sanctum
2180 912 2289 954 non
2323 898 2391 954 de
2418 898 2532 968 ipsa
2571 896 2857 954 divinitate
2891 898 3324 961 substantialites
3359 900 3489 967 diei,

1902 991 1996 1047 sed
2019 990 2127 1046 alio
2152 991 2385 1063 quodam
2412 991 2590 1047 modo.
2631 991 2689 1047 Si
2716 990 2865 1047 enim
2887 991 3321 1049 substantiam"
3344 1010 3485 1064 pta:-

1903 1083 2215 1149 dicaretur,
2244 1091 2299 1138 et
2328 1083 2394 1138 de
2421 1082 2653 1155 singulis
2686 1091 2744 1137 et
2775 1083 2845 1139 de
2866 1084 3122 1140 omnibus
3145 1084 3496 1155 singulariter

1904 1175 2200 1242 diceretur,
2233 1177 2346 1233 haec
2368 1190 2499 1232 vero
2528 1176 2596 1232 ad
2617 1175 2819 1246 aliquid
2843 1176 2950 1233 dici
2979 1176 3327 1234 manifestum
3348 1189 3491 1236 est.»

1903 1269 1970 1325 Et
2004 1267 2167 1341 paulo
2206 1278 2329 1341 post
2367 1288 2381 1324 :
2434 1287 2453 1321 ι
2496 1269 2740 1326 Trinitas
2767 1269 2992 1342 quidm
3038 1270 3101 1325 in
3134 1286 3496 1342 personarum

1903 1360 2215 1431 pluralitate
2236 1361 2517 1430 consistit,
2554 1361 2741 1418 unitas
2763 1377 2896 1419 vero
2933 1363 2989 1417 in
3021 1364 3347 1421 substantia
3364 1366 3497 1423 Simo

1904 1454 2164 1526 plicitate.
2215 1473 2234 1506 ι
2268 1455 2338 1510 Et
2370 1456 2498 1511 item
2528 1472 2543 1510 :
2577 1475 2596 1508 ι
2634 1454 2877 1513 Trinitas
2914 1456 3083 1529 igitur
3115 1473 3224 1514 nou
3259 1458 3501 1528 pertinet

1907 1546 1974 1601 ad
2015 1544 2378 1601 substantiam
2404 1561 2419 1612 ;
2451 1546 2594 1616 quod
2622 1544 2682 1601 ﬁt
2708 1555 2769 1603 ut
2791 1562 2975 1619 neque
2991 1546 3174 1613 Pater,
3200 1563 3378 1619 neque
3409 1547 3500 1609 Fi-

1906 1637 2034 1702 lius,
2060 1652 2236 1708 neque
2259 1636 2496 1709 Spiritus
2526 1648 2771 1705 sanctus,
2794 1654 2975 1711 neque
2998 1639 3260 1708 Trinitas,
3293 1640 3363 1698 de
3393 1640 3509 1699 Deo

1907 1730 2339 1788 substantialiter
2366 1731 2693 1803 praedicetur
2711 1773 2725 1797 ,
2760 1735 2855 1791 sed
2887 1743 2946 1789 ut
2968 1735 3175 1805 dictum
3203 1743 3289 1795 est
3311 1734 3383 1791 ad
3405 1734 3505 1791 ali-

1907 1825 2039 1895 quid
2066 1843 2080 1880 :
2114 1826 2259 1883 Deus
2279 1840 2440 1893 vero,
2470 1827 2695 1895 veritas,
2721 1825 2958 1896 iustitia,
2986 1826 3226 1895 bonitas,
3250 1827 3502 1900 onuipo-
3530 1876 3539 1885 .

198 1921 535 1978 catholicam
571 1919 731 1977 ﬁdem
763 1921 944 1977 dicere
971 1920 1385 1985 Gothescalcus,
1417 1932 1477 1975 ut
1513 1919 1671 1987 solet,
1708 1921 1805 1977 tri-
1833 1912 1881 1973 B
1911 1926 2055 1985 tens,
2079 1918 2409 1986 substantia,
2441 1919 2878 1988 immutabilitas,
2908 1922 3105 1990 virtus,
3129 1923 3506 1995 sapientia,et

196 2029 335 2070 nam
372 2013 678 2086 praedicans
727 2014 1005 2070 deitatem.
1056 2012 1121 2068 Et
1167 2013 1220 2068 in
1256 2013 1360 2069 hoc
1407 2013 1571 2069 etiam
1612 2029 1679 2069 ex
1725 2013 1809 2069 bis

197 2106 393 2165 verbis
421 2107 596 2163 sancti
622 2105 909 2178 Augustini
947 2106 1087 2161 male
1118 2105 1492 2178 dogmatizare
1523 2107 1806 2176 probatur,

199 2201 355 2273 quod
397 2200 455 2259 in
499 2200 691 2259 eadem
735 2216 834 2257 sua
875 2200 1263 2273 compilatione
1309 2201 1679 2274 subsequitur,
1724 2202 1807 2259 di-

199 2307 340 2351 cens
366 2311 384 2350 2

955 2428 1096 2486 XVI.

283 2583 351 2627 -t—
376 2588 397 2622 ι
427 2567 745 2639 Illudetiam
762 2576 932 2641 patet,
948 2569 1225 2640 etabsque
1240 2568 1426 2627 nubilo
1447 2568 1635 2638 claret,
1666 2570 1809 2642 quod

211 2684 231 2718 ι
272 2665 501 2721 nomina
537 2662 845 2735 personalia
885 2678 995 2718 non
1042 2672 1168 2719 sunt
1213 2663 1322 2720 ullo
1352 2664 1512 2719 modo
1563 2664 1808 2732 relativa,

211 2776 234 2813 ς
264 2760 367 2818 sed
396 2760 576 2832 potius
600 2758 935 2826 essentialia,
961 2759 1075 2815 sive
1098 2758 1500 2824 substantialia,
1525 2758 1666 2813 sicut
1685 2765 1813 2814 sunt

211 2866 235 2903 ι
267 2859 327 2907 et
354 2850 646 2909 naturalia.
664 2850 779 2907 Hoc
804 2860 981 2907 tamen
1012 2851 1153 2905 inter
1174 2866 1231 2905 se
1260 2849 1635 2905 tantummodo
1660 2847 1811 2904 diﬁ‘e-

210 2961 234 3001 t
270 2952 431 3010 runt,
470 2946 614 3019 qu‘od
649 2945 869 3001 nomina
906 2944 1172 3000 naturalia
1206 2944 1335 2999 totis
1365 2943 1538 2999 tribus
1564 2942 1811 3014 personis

213 3054 235 3092 ι
269 3037 560 3111 aequaliter
585 3046 712 3095 sunt
744 3039 1075 3103 communia,
1106 3038 1220 3092 sive
1246 3035 1524 3109 generalia
1554 3055 1567 3090 :
1602 3044 1660 3091 at
1690 3050 1812 3107 per-

216 3146 237 3182 ι
270 3129 487 3187 sonalia
525 3130 750 3203 singulis
796 3130 1174 3185 tantummodo
1219 3127 1466 3200 personis
1511 3127 1812 3199 probantur

214 3237 238 3275 ι
271 3236 402 3277 esse
428 3221 665 3292 propria,
690 3221 804 3277 sive
834 3221 1114 3292 Specialia.
1140 3219 1630 3290 Quemadmodum,
1662 3220 1809 3275 verbi

1909 2007 2171 2078 quidquid
2216 2006 2524 2077 bujusmodi
2562 2010 2863 2083 excogitari
2887 2021 3100 2083 potest,
3133 2012 3509 2069 substantiali-

1912 2107 1996 2154 ter
2020 2100 2087 2154 de
2109 2098 2392 2157 divinitate
2414 2101 2685 2158 dicuntur.
2725 2120 2745 2155 ι
2767 2102 2848 2158 Et
2875 2104 3005 2160 item
3032 2104 3179 2161 idem
3203 2104 3257 2161 in
3280 2104 3418 2163 libro
3438 2106 3507 2165 de

1911 2191 2180 2248 Trinitate
2222 2209 2236 2250 :
2285 2210 2305 2245 ι
2350 2191 2667 2250 Substsntia
2695 2195 2941 2251 continet
2980 2196 3273 2265 unitatem,
3313 2198 3510 2255 relatio

1910 2283 2236 2355 multiplicat
2281 2284 2630 2342 Trinitatem.
2675 2300 2695 2339 ι
2741 2286 3086 2361 Quapropter
3125 2291 3175 2346 si
3211 2290 3415 2359 forent,
3447 2301 3511 2348 ut

1911 2377 2176 2434 mentitur
2214 2376 2626 2448 Gotbescalcus,
2672 2379 2728 2435 in
2769 2390 2961 2438 sancta
2985 2379 3252 2440 Trinitate
3281 2385 3385 2440 tria
3411 2399 3511 2440 no-

1910 2471 2061 2528 mina
2101 2472 2372 2529 naturalia
2401 2483 2461 2529 ut
2485 2475 2814 2546 personalia,
2851 2485 2999 2534 esset
3027 2478 3082 2534 in
3111 2488 3301 2536 sancta
3337 2480 3512 2536 Trini-

1872 2650 1875 2653 η
1912 2573 2027 2622 tate
2062 2566 2206 2623 trina
2236 2578 2456 2635 natura,
2482 2569 2534 2624 id
2562 2577 2647 2626 est
2685 2571 2827 2625 trina
2872 2571 3069 2639 deitas,
3118 2581 3174 2629 et
3215 2574 3511 2646 unicuique

1912 2664 2124 2713 naturae
2163 2660 2442 2730 proprium
2488 2675 2721 2728 nomen,
2752 2661 2897 2718 sicut
2936 2673 3020 2719 est
3052 2664 3346 2736 unicuique
3390 2680 3512 2736 per-

1914 2765 2061 2806 sona:
2087 2754 2334 2823 quzedam
2365 2753 2668 2825 pmprietas
2712 2770 2810 2810 sua
2848 2756 2903 2810 in
2943 2772 3053 2813 una
3079 2758 3385 2830 eademque
3408 2760 3515 2815 hac

1914 2845 2191 2901 communi
2231 2855 2433 2903 sanctae
2460 2846 2716 2905 Trinitati
2754 2850 2971 2909 deitatis
2998 2862 3215 2910 natura.
3246 2854 3396 2910 Patri
3426 2856 3510 2911 via

1915 2936 2132 3004 delicet,
2156 2938 2282 3010 quia
2310 2941 2378 2995 ab
2406 2939 2513 2996 alio
2542 2957 2648 2997 non
2679 2952 2762 2999 est
2781 2984 2795 3010 ,
2828 2958 2893 2999 ac
2920 2959 3022 3015 per
3045 2944 3151 3002 hoc
3174 2946 3321 3003 solus
3346 2956 3431 3004 est
3457 2948 3515 3005 in

1912 3031 2256 3101 paternitatis
2294 3047 2527 3103 persona
2551 3075 2566 3102 ,
2600 3048 2707 3090 non
2744 3034 2893 3092 solus
2919 3035 2975 3092 in
3007 3037 3230 3095 deitatis
3253 3042 3515 3097 essentia.

1914 3124 2209 3198 Unigenito
2236 3141 2365 3183 vero
2390 3126 2529 3183 Filio
2553 3127 2647 3183 Dei
2680 3130 2959 3200 proprium
2984 3141 3091 3197 est,
3117 3133 3258 3203 quod
3282 3147 3349 3189 ex
3375 3134 3510 3202 solo,

1918 3220 1972 3276 id
1998 3228 2082 3277 est
2108 3220 2271 3278 Patre
2316 3222 2860 3280 consubstantialiter
2886 3235 2942 3281 et
2966 3226 3402 3282 ooessentialiter
3421 3242 3512 3283 so—

214 3332 237 3370 t
269 3316 478 3387 gratia,
524 3332 648 3372 cum
678 3317 878 3372 dicitur
917 3316 1015 3373 Dei
1047 3324 1265 3383 nattn-a,
1313 3316 1479 3372 totius
1530 3315 1816 3373 Trinitatis
1842 3308 1889 3372 C
1920 3312 2006 3367 lus
2044 3320 2130 3369 est
2156 3313 2371 3385 genitus
2403 3331 2416 3367 :
2449 3323 2504 3370 et
2532 3314 2603 3399 \in
2647 3317 2752 3371 hoc
2776 3331 3026 3388 personae
3054 3332 3166 3374 sua:
3188 3320 3515 3390 proprietas,

218 3422 238 3459 ι
276 3406 483 3463 dicitur
508 3409 813 3465 communis
844 3409 1197 3480 cognoscitur
1226 3408 1465 3464 essentia
1490 3427 1503 3463 :
1537 3425 1661 3464 cum
1688 3425 1817 3465 vero

216 3517 236 3553 ι
277 3498 489 3557 dicitur
502 3517 754 3571 persona,
774 3503 992 3558 nonnisi
1016 3503 1177 3558 unius
1196 3518 1260 3559 ex
1280 3501 1549 3558 Trinitate
1566 3504 1818 3574 Specialis

219 3610 240 3645 ι
286 3593 633 3664 dignoscitur
660 3612 782 3652 esse
808 3597 1135 3663 substantia.
1165 3596 1371 3651 Revera
1396 3597 1537 3652 enim
1572 3597 1819 3655 naturale

218 3703 239 3739 ι
286 3701 491 3747 nomen
516 3688 635 3756 Dei,
659 3692 876 3760 quando
907 3691 1234 3762 generaliter
1265 3691 1504 3761 ponitur,
1533 3699 1676 3748 totas
1709 3702 1819 3749 tres

218 3797 240 3831 ι
284 3778 498 3849 pariter
525 3780 905 3853 complectitur
930 3798 1213 3853 personas,
1245 3781 1532 3855 personale
1563 3798 1691 3839 vero
1733 3798 1819 3839 so-

216 3886 239 3922 ι
286 3868 570 3928 lummodo
595 3872 858 3944 singulas.
895 3892 913 3925 ι

285 3962 457 4037 519
490 3975 585 4022 ΣΡ.
626 3965 953 4037 Repetamus
974 3967 1184 4039 singula
1204 4008 1218 4033 ,
1245 3975 1300 4021 et
1321 3965 1577 4021 distincte
1610 3982 1673 4021 ac
1696 3968 1821 4022 viri-

213 4054 314 4110 tim
336 4058 763 4127 respondeamus
784 4057 1352 4113 catltolicormmlictis
1368 4058 1708 4123 etsensilms,
1734 4059 1818 4114 his

214 4150 573 4207 exsecrandis
598 4151 951 4221 blasphemiis
980 4170 991 4206 :
1030 4171 1048 4204 ι
1090 4152 1294 4218 Clarct,
1323 4152 1518 4222 inquit,
1554 4154 1697 4223 quod
1723 4170 1818 4209 no-

214 4243 371 4299 mina
420 4246 727 4316 personalia
770 4262 875 4303 non
920 4256 1047 4303 sunt
1074 4247 1183 4303 ullo
1213 4248 1372 4304 modo
1418 4248 1669 4315 relativa,
1722 4249 1820 4305 sed

215 4330 406 4405 potius
424 4342 755 4407 essentialia,
783 4343 896 4398 sive
922 4343 1318 4409 substantialia,
1345 4345 1483 4400 sicut
1500 4357 1626 4401 sunt
1649 4356 1704 4401 et
1725 4363 1819 4401 na-

222 4428 447 4485 turalia.
516 4450 533 4482 ι
575 4434 659 4488 Ad
717 4451 839 4505 qua:
884 4436 1283 4507 interrogamus
1324 4455 1469 4507 eum,
1528 4455 1648 4510 qua:
1695 4445 1823 4494 sunt

216 4520 274 4576 in
325 4531 516 4578 sancta
559 4524 823 4582 Trinitate
862 4530 1080 4585 nomina
1122 4532 1449 4601 personalia.
1496 4530 1555 4586 Si
1599 4531 1815 4596 dixerit,

216 4612 351 4681 quia
386 4613 533 4669 aliud
576 4632 685 4671 non
718 4618 883 4674 liabet
926 4621 1055 4690 quid
1086 4621 1255 4688 dicat,
1287 4621 1451 4677 Pater
1478 4631 1534 4677 et
1563 4621 1733 4677 Filius
1767 4629 1823 4675 et

220 4702 464 4773 Spiritus
486 4717 744 4775 sanctus,
779 4710 1047 4766 dicentem
1083 4714 1224 4782 quod
1255 4714 1473 4768 nomina
1513 4713 1818 4783 personalia
1851 4694 1900 4754 Ῐ)

219 4812 335 4852 non
361 4809 489 4853 sunt
520 4802 771 4871 relativa,
793 4804 888 4861 sed
916 4806 1208 4871 naturalia,
1243 4808 1461 4863 mentiri
1502 4808 1820 4879 comprobat

220 4900 451 4947 sanctus
476 4893 814 4967 Augustinus
842 4898 895 4953 in
926 4900 1109 4954 multis
1134 4899 1295 4965 locis,
1329 4911 1440 4955 tum
1473 4902 1524 4955 in
1549 4903 1740 4972 quinto
1768 4911 1822 4958 et

222 4986 459 5055 septimo
487 4987 623 5045 libro
654 4991 721 5046 de
742 4991 1008 5047 Trinitate
1051 4993 1165 5065 (lib.
1196 5011 1243 5058 v,
1277 5011 1397 5064 cap.
1425 4995 1516 5065 8),
1545 4996 1596 5049 in
1625 4996 1822 5065 quibus

221 5082 465 5138 ostendit
492 5085 635 5156 quod
662 5086 879 5140 nomina
916 5087 1182 5142 naturalia
1214 5088 1269 5143 in
1300 5088 1409 5143 Deo
1439 5089 1503 5143 ad
1532 5106 1589 5143 se
1609 5129 1624 5154 ,
1659 5089 1709 5143 id
1738 5099 1823 5145 est

223 5175 663 5233 substantialiter
695 5177 969 5245 dicuntur,
1011 5179 1230 5235 nomina
1259 5195 1390 5235 vero
1420 5182 1723 5252 personalia
1754 5182 1821 5237 ad

224 5266 458 5337 aliquid,
492 5270 546 5325 id
588 5281 674 5329 est
713 5271 936 5327 relative
960 5273 1234 5339 dicuntur,
1263 5274 1404 5328 sicut
1438 5272 1600 5327 Pater
1626 5274 1692 5327 ad
1729 5273 1821 5329 Fi-

224 5363 387 5427 lium,
412 5364 579 5421 Filius
599 5368 668 5422 ad
688 5367 927 5433 Patrem,
944 5377 999 5424 et
1022 5369 1257 5439 Spiritus
1279 5378 1500 5423 sanctus
1522 5370 1585 5421 ad
1605 5368 1821 5424 Patrem

225 5466 288 5513 et
312 5457 530 5525 Filium,
552 5475 784 5530 quorum
807 5470 891 5519 est
914 5460 1151 5532 Spiritus
1177 5471 1419 5521 sanctus.
1443 5463 1507 5516 Et
1538 5461 1664 5516 illud
1690 5478 1825 5534 prii}-

227 5551 391 5621 cipue
431 5554 723 5613 tettendum
750 5569 868 5612 esse
910 5556 1219 5621 conﬁrmat,
1263 5564 1321 5611 ut
1354 5557 1614 5627 quidquid
1655 5550 1726 5611 ad
1764 5572 1823 5613 se

228 5646 434 5702 dicitur
454 5648 901 5717 priestantissima
922 5650 1010 5704 illa
1033 5660 1090 5705 et
1116 5650 1295 5705 divina
1324 5650 1632 5707 sublimitas
1651 5692 1666 5718 ,
1697 5651 1824 5709 sub-

228 5738 566 5796 stantialiter
593 5740 697 5795 diei
718 5781 735 5805 ,
767 5750 822 5796 et
849 5742 1109 5813 quidquid
1141 5742 1208 5798 de
1237 5742 1463 5814 singulis
1493 5743 1560 5798 ad
1588 5758 1648 5799 se
1680 5743 1826 5815 ipsos

230 5828 457 5895 dicitur,
491 5848 598 5887 non
630 5832 913 5901 pluraliter
960 5835 1014 5888 in
1062 5850 1307 5902 summa,
1349 5835 1441 5890 sed
1476 5835 1828 5907 singulariter

234 5923 555 5995 accipiatur.
581 5925 734 5993 Quod
765 5935 947 5982 autem
978 5927 1042 5982 ad
1074 5928 1299 5999 aliquid,
1326 5945 1430 5984 non
1455 5926 1826 5985 substantiali-

1921 3412 1980 3460 ut
2001 3404 2149 3460 solus
2175 3405 2246 3461 sit
2276 3408 2329 3460 in
2356 3405 2723 3477 Filiipersona
2749 3448 2765 3474 ,
2804 3420 2859 3464 et
2896 3425 3007 3466 non
3031 3410 3180 3467 solus
3204 3411 3260 3465 in
3295 3411 3516 3468 deitatis

1919 3499 2248 3555 substantias
2290 3500 2518 3571 Spiritui
2560 3510 2752 3559 sancto
2795 3512 2882 3560 est
2921 3505 3223 3582 proprium,
3263 3506 3408 3576 quod
3444 3520 3517 3563 ex

1919 3591 2081 3648 Patre
2109 3602 2162 3649 et
2193 3593 2330 3651 Filio
2367 3589 2651 3666 mbualiter
2688 3596 2955 3669 procedit,
2998 3606 3056 3655 et
3099 3607 3186 3655 est
3229 3601 3515 3656 amborum

1920 3685 2174 3757 Spiritus,
2216 3680 2566 3762 ejusdemque
2592 3692 2911 3748 substantia:
2949 3701 3003 3749 et
3036 3694 3358 3768 aeternitatis
3391 3710 3515 3751 cum

1918 3778 2081 3836 Patre
2106 3791 2161 3835 et
2188 3779 2348 3837 Filio.
2376 3782 2469 3849 Si,
2495 3783 2749 3854 inquam,
2784 3785 2889 3841 tria
2915 3786 2970 3841 in
2992 3798 3177 3843 sancta
3208 3786 3373 3858 520
3398 3786 3518 3841 Tri-

1920 3875 2088 3930 nitate
2122 3874 2300 3931 forent
2343 3877 2607 3933 naturalia
2654 3879 2896 3946 nomina,
2944 3882 3057 3936 tres
3105 3881 3293 3951 utique
3329 3890 3515 3937 eesent

1920 3976 2148 4033 naturae,
2190 3977 2245 4025 et
2275 3970 2415 4025 trina
2447 3968 2619 4026 deitas
2643 3980 2807 4038 esset,
2838 3972 2980 4028 sicut
3007 3975 3343 4031 mendaciter
3361 3976 3515 4031 labo-

1922 4071 2008 4117 rat
2042 4062 2431 4119 Gothesealcus
2475 4072 2721 4120 astruere
2757 4075 2816 4119 ut
2844 4065 2981 4120 trina
3029 4065 3102 4120 sit
3136 4067 3517 4135 personaliter,

1922 4169 1987 4211 ac
2019 4172 2115 4229 per
2152 4156 2256 4214 hoc
2288 4163 2397 4214 tres
2434 4158 2506 4212 dii
2548 4167 2733 4213 essent
2759 4175 2772 4213 :
2803 4158 2891 4214 cui
2936 4157 3159 4215 falsitati
3204 4175 3233 4214 a
3277 4160 3517 4226 diabolo,

1922 4249 2226 4321 quiprimis
2256 4250 2569 4308 hominibus
2595 4250 2731 4307 dixit
2755 4269 2770 4306 :
2807 4251 2968 4308 Eritis
2995 4253 3133 4307 sicut
3160 4253 3255 4318 dii,
3289 4270 3386 4325 per
3404 4255 3516 4311 Go-

1924 4343 2259 4401 tbesralcum
2294 4344 2537 4416 prolatae
2584 4346 2909 4402 contradicit
2959 4346 3218 4402 Dominus
3267 4348 3450 4404 dicens
3499 4365 3514 4404 :

1922 4438 2199 4511 Baptizate
2226 4456 2402 4495 omnes
2426 4449 2599 4510 gentes
2623 4440 2677 4495 in
2708 4441 2917 4496 nomine
2946 4437 3150 4505 Patris,
3185 4450 3234 4495 et
3270 4438 3401 4494 Filii
3427 4482 3440 4506 ,
3470 4450 3518 4495 et

1926 4531 2158 4603 Spiritus
2186 4532 2356 4588 sancti
2378 4530 2595 4603 (Matth.
2619 4548 2791 4588 xxvtn
2813 4573 2828 4591 .
2864 4533 2971 4601 19).
3014 4532 3166 4589 Unde
3190 4534 3520 4590 Athanasius

1927 4624 1979 4679 in
2013 4624 2148 4680 libro
2178 4626 2351 4694 primo
2372 4624 2439 4679 de
2470 4624 2572 4680 ﬁde
2600 4644 2613 4679 :
2650 4638 2669 4677 ι
2706 4623 2829 4694 Qui,
2862 4624 3058 4696 inquit,
3098 4626 3151 4681 in
3197 4626 3413 4682 nomine
3442 4626 3520 4681 di-

1926 4716 2036 4781 xit,
2065 4716 2344 4771 evidenter
2370 4732 2533 4770 unam
2557 4700 2813 4772 deitatem
2845 4718 2896 4772 in
2928 4715 3194 4773 Trinitate
3222 4719 3523 4774 consistere

1926 4806 2249 4879 declaravit,
2284 4815 2338 4862 et
2368 4808 2511 4877 quod
2538 4817 2855 4878 prosecutus
2880 4816 2996 4875 est,
3028 4808 3204 4865 Patris
3224 4818 3279 4863 et
3314 4808 3437 4864 Filii
3468 4817 3523 4863 et

1928 4900 2163 4969 Spiritus
2183 4900 2379 4963 sancti,
2404 4915 2501 4969 per
2525 4900 2731 4971 singula
2759 4902 2976 4955 nomina
3002 4901 3245 4973 singulas
3264 4914 3523 4969 personas

1927 4992 2104 5047 inesse
2133 4992 2396 5047 distinxit.
2429 4992 2482 5046 In
2520 5009 2624 5063 qua
2653 4993 2919 5048 sententia
2939 5035 2953 5058 ,
2986 4995 3128 5063 quod
3156 5002 3208 5047 et
3234 4990 3397 5047 unius
3424 4990 3519 5047 Dei

1928 5100 2124 5141 nomen
2153 5083 2222 5139 sit
2247 5083 2412 5139 Pater
2440 5094 2495 5139 et
2526 5083 2690 5140 Filius
2712 5092 2768 5140 et
2799 5083 3035 5155 Spiritus
3061 5091 3281 5138 sanctus
3301 5124 3314 5146 ,
3346 5092 3404 5138 et
3426 5097 3519 5140 ca-

1937 5178 2136 5235 tltolice
2163 5189 2221 5233 ιιι
2250 5178 2704 5235 catholicissimus
2734 5195 2832 5249 per
2854 5176 3065 5249 singula
3095 5176 3312 5232 nomina
3340 5176 3521 5246 singu-

1933 5269 2015 5326 las
2054 5286 2315 5341 personas
2357 5272 2533 5327 inesse
2559 5271 2829 5337 distinxit,
2862 5271 3117 5341 quoniam
3160 5268 3269 5324 alia
3293 5278 3376 5325 est
3402 5283 3518 5339 per-

1934 5380 2066 5421 sona
2097 5363 2295 5429 Patris,
2326 5364 2427 5420 alia
2453 5363 2597 5430 Filii,
2632 5364 2737 5417 alia
2769 5364 3004 5433 Spiritus
3030 5364 3226 5427 sancti,
3255 5378 3377 5417 cum
3411 5376 3518 5416 non

1934 5461 2007 5516 sit
2033 5460 2176 5516 aliud
2212 5461 2399 5526 Pater,
2434 5459 2578 5513 aliud
2610 5459 2810 5524 Filius,
2841 5459 2984 5513 aliud
3015 5458 3253 5529 Spiritus
3278 5466 3519 5525 sanctus,

1932 5552 2028 5609 sed
2073 5553 2124 5608 id
2170 5553 2345 5625 ipsum
2371 5554 2441 5609 sit
2462 5551 2625 5608 Pater
2654 5551 2796 5622 quod
2824 5548 2991 5606 Filius
3018 5561 3075 5606 et
3113 5550 3267 5624 qnod'
3285 5549 3522 5620 Spiritus

1928 5654 2166 5711 sanctus,
2199 5661 2303 5701 non
2336 5654 2514 5702 autem
2543 5645 2684 5700 idem
2716 5644 2828 5714 ipse
2868 5644 2938 5699 sit
2964 5642 3160 5711 Pater,
3206 5642 3297 5714 qui
3328 5641 3519 5711 Filius,

1929 5748 1984 5795 et
2025 5739 2118 5809 qui
2166 5737 2400 5811 Spiritus
2444 5746 2684 5802 sanctus,
2723 5738 2861 5792 sicut
2886 5737 3077 5794 beatus
3106 5737 3422 5794 Ambrosius
3462 5736 3520 5793 in

1928 5825 2067 5889 liliro
2112 5832 2291 5905 primo
2331 5831 2467 5906 (cep.
2519 5831 2575 5905 l)
2605 5831 2673 5885 de
2721 5828 2855 5886 Fide
2889 5829 3019 5887 dicit
3052 5849 3067 5885 :
3098 5829 3159 5887 Si
3206 5845 3336 5902 ergo
3378 5840 3520 5886 unus

1929 5924 2097 5992 Deus,
2130 5940 2294 5982 unum
2324 5916 2542 5992 nomen,
2571 5939 2679 5981 una
2710 5932 2972 5996 potestas,
3006 5939 3112 5980 una
3137 5931 3223 5997 est
3241 5921 3516 5991 Trinitas;

2292 6077 2328 6088 αι
2354 6074 2427 6093 “-o
