4026 6340
606 330 711 386 Ξέ85

1562 325 1898 384 HINCMARI
1932 324 2150 384 RHEMI

2254 324 2332 396 iis
2370 325 2896 386 ARCHIEPISCOPI
3704 346 3779 402 εει

596 447 827 517 denique
855 443 1113 500 Dominus
1137 441 1268 499 dicit
1297 459 1311 496 :
1351 440 1454 508 Ite,
1488 441 1748 514 baptizate
1777 453 1950 515 gentes
1985 443 2043 498 in
2086 458 2176 497 no-
2200 445 2255 505 A
2279 444 2410 513 Deo,
2441 462 2541 503 nec
2566 447 2747 503 lumen
2771 447 2838 502 de
2867 446 3090 512 lumine,
3116 447 3210 504 sed
3242 448 3404 514 Filius
3429 453 3558 512 Deus
3592 459 3649 516 de
3682 465 3768 522 Deo

596 542 734 595 mine
771 539 949 594 Patris
968 548 1014 593 et
1041 535 1174 630 Filii
1193 546 1241 591 et
1268 535 1496 606 Spiritus
1535 538 1704 592 sancti
1727 537 1942 608 (Matth.
1979 552 2174 603 xxvm,
2277 548 2333 596 et
2373 511 2556 596 lumen
2596 541 2663 596 de
2697 540 2918 603 lumine,
2958 511 3116 598 ambo
3143 511 3316 599 tamen
3357 545 3506 604 simul
3542 511 3788 630 eti—semp;

596 633 706 704 l9),
737 633 792 687 in
815 633 1044 698 nomine,
1073 629 1280 699 inquit,
1307 645 1411 684 non
1438 629 1491 683 in
1524 629 1840 683 nominibus.
1885 648 1904 681 ι
1943 628 2011 684 Et
2048 629 2176 684 hinc

591 727 735 782 idem
762 725 1091 781 Athanasius
1126 731 1528 780 consonanter:
1567 741 1585 773 ι
1619 722 1676 776 ln
1704 721 1950 786 nomine,
1978 721 2170 791 inquit,

588 839 695 880 non
719 824 771 878 in
796 821 1129 889 nominibus,
1149 828 1211 875 ut
1232 828 1288 874 et
1308 834 1473 874 unum
1495 818 1664 873 Deum
1690 831 1786 888 per
1806 815 2172 872 indistinctum

587 915 783 970 divina:
808 914 1062 970 essentia;
1101 926 1298 968 nomen
1341 909 1672 974 ostenderet,
1721 917 1774 963 et
1813 922 2169 978 personarum

589 1009 971 1066 discretionem
996 1006 1111 1064 suis
1138 1005 1562 1061 demonstratam
1589 1000 2010 1074 proprietatibus
2034 1001 2166 1056 edo-

585 1112 753 1160 ceret.
787 1122 806 1156 ι

656 1196 859 1253 Deinde
897 1192 1248 1264 subsequitur
1289 1189 1672 1247 Gothescalcus
1717 1205 1730 1242 :
1776 1205 1796 1239 ι
1825 1187 1940 1242 Hoc
1987 1193 2165 1242 tamen

582 1289 725 1345 inter
753 1303 810 1344 se
833 1287 1207 1343 tantummodo
1236 1283 1506 1346 differunt,
1535 1283 1677 1353 quod
1698 1281 1918 1336 nomina
1946 1287 2168 1334 natura-

579 1381 656 1436 lia
699 1380 826 1437 totis
871 1380 1046 1435 tribus
1087 1372 1332 1449 personis
1359 1375 1644 1447 aequaliter
1672 1382 1797 1442 sunt
1833 1372 2161 1438 communia,

579 1473 694 1528 sive
740 1471 1016 1544 generalia
1056 1487 1072 1526 :
1114 1477 1172 1525 at
1209 1468 1513 1540 personalia
1557 1467 1784 1537 singulis
1828 1464 2164 1521 solummodo

578 1564 822 1635 personis
849 1562 1148 1635 probantur
1171 1576 1291 1617 esse
1311 1560 1552 1632 propria,
1583 1560 1698 1614 sive
1723 1558 1995 1630 specialia.
2027 1577 2044 1610 ι
2078 1556 2165 1610 Vi-

577 1658 809 1714 dendum
831 1671 993 1726 quam
1014 1655 1284 1711 contraria
1312 1653 1412 1709 sibi
1439 1653 1538 1723 ipsi
1562 1660 1617 1707 et
1640 1659 1884 1707 amenter
1904 1649 2160 1720 loquitur,

568 1747 827 1804 videlicet
853 1756 914 1801 ut
951 1746 1195 1813 haeresis,
1241 1746 1308 1800 de
1350 1761 1454 1814 qua
1482 1744 1742 1814 scriptum
1771 1751 1855 1799 est
1881 1743 2004 1813 quia
2052 1757 2159 1796 non

2275 631 2432 686 simul
2465 647 2603 687 unus
2639 633 2781 687 Deus
2826 641 2881 688 et
2913 649 3079 688 unum
3122 633 3319 692 lumen.
3362 635 3447 694 Sic
3481 643 3624 698 etiam
3657 656 3704 701 et
3738 651 3820 722 de,

2275 722 2395 779 aliis
2424 724 2870 794 appellationibus
2901 741 3019 796 quae
3057 728 3350 784 secundum
3388 732 3704 792 substantiam
3729 741 3790 796 di-

2274 823 2489 880 cuntur,
2541 815 2595 869 id
2637 823 2741 880 est,
2771 815 2914 886 quod
2959 816 3121 872 simul
3162 819 3320 874 ambo
3349 830 3467 876 sunt
3496 823 3588 878 dici
3627 828 3787 885 debet:

2273 906 2377 963 hoc
2426 908 2600 964 solum
2645 910 2711 964 de
2758 910 2838 965 eis
2889 909 2997 965 dici
3038 927 3145 968 non
3189 921 3395 982 potest,
3444 914 3562 970 illud
3607 918 3665 974 de
3697 921 3791 988 illo,

2273 1001 2416 1068 quod
2446 1001 2605 1056 simul
2646 1002 2806 1057 ambo
2836 1018 2943 1058 non
2972 1012 3115 1071 sunt,
3149 1006 3288 1060 sicut
3323 1005 3547 1063 Verbum
3570 1010 3628 1066 de
3653 1011 3794 1072 Verbo

2271 1091 2376 1146 dici
2416 1107 2520 1146 non
2545 1101 2742 1162 potest,
2772 1094 2897 1163 quia
2924 1109 3032 1150 non
3076 1095 3233 1156 simul
3276 1097 3432 1153 ambo
3466 1099 3691 1167 Verbum,
3724 1108 3797 1161 sed

2271 1183 2418 1240 solus
2441 1183 2632 1250 Filius,
2670 1201 2771 1241 nec
2824 1187 3000 1258 imago
3041 1186 3109 1242 de
3152 1188 3404 1260 imagine,
3451 1205 3545 1246 nec
3570 1191 3717 1250 Filius
3748 1197 3798 1252 de

2269 1273 2424 1341 Filio,
2453 1291 2554 1331 nec
2582 1277 2744 1333 Pater
2786 1280 2853 1334 de
2886 1278 3066 1336 Patre.
3103 1300 3122 1333 ι
3155 1281 3224 1336 Et
3268 1282 3426 1338 item:
3461 1303 3480 1335 ι
3511 1283 3650 1340 Sicut
3684 1288 3798 1343 enim

2270 1369 2492 1424 relative
2523 1368 2683 1425 Pater
2714 1379 2769 1425 et
2795 1371 2961 1428 Filius
2981 1373 3256 1441 dicuntur,
3301 1375 3375 1430 ita
3398 1384 3451 1431 et
3477 1375 3687 1447 Spiritus
3705 1395 3799 1434 san-

2270 1470 2388 1516 ctus
2410 1461 2477 1515 ad
2498 1461 2714 1516 Patrem
2749 1471 2804 1517 et
2831 1463 3025 1519 Filium
3055 1466 3452 1535 quodammodo
3479 1468 3680 1524 relative
3699 1471 3802 1525 dici-

2270 1561 2378 1619 tur,
2409 1554 2534 1623 quia
2560 1553 2739 1609 Patris
2773 1564 2828 1610 et
2865 1556 2988 1611 Filii
3020 1558 3256 1629 Spiritus
3279 1569 3380 1627 est,
3407 1562 3498 1616 sed
3527 1563 3632 1632 ipsa
3654 1564 3800 1618 relatio

2269 1645 2504 1716 Spiritus
2531 1649 2702 1703 sancti
2733 1665 2840 1704 non
2876 1651 2951 1705 ita
2986 1653 3413 1724 reciprocatione
3441 1657 3665 1711 converti
3687 1665 3803 1726 pote-

2269 1738 2340 1792 rit
2381 1739 2522 1794 sicut
2560 1739 2724 1796 Pater
2759 1751 2812 1796 et
2852 1743 3039 1800 Filius.
3077 1745 3370 1803 Possumus
3399 1748 3588 1818 quippe
3623 1749 3800 1804 dicere:

572 1840 717 1898 valet
741 1840 1040 1896 consistere
1075 1839 1308 1910 pedibus
1346 1838 1478 1893 suis.
1514 1806 1680 1891 Paulo
1715 1806 1963 1906 superius
2003 1835 2158 1900 dixit,
2189 1806 2236 1867 B
2267 1829 2528 1900 Spiritum
2555 1843 2801 1889 sanctum
2827 1835 3004 1893 Patris
3037 1846 3093 1893 et
3115 1838 3239 1895 Filii
3284 1806 3566 1910 spiritum:
3597 1842 3678 1896 sed
3706 1858 3802 1896 con-

574 1932 715 2004 quod
749 1932 968 1988 nomina
993 1930 1297 2002 personalia
1319 1945 1425 1985 non
1449 1939 1575 1984 sunt
1593 1929 1702 1983 ullo
1728 1928 1886 1983 modo
1918 1927 2158 1992 relativa,

571 2029 667 2084 sed
696 2027 988 2093 naturalia,
1030 2035 1086 2082 et
1111 2041 1236 2082 mox
1278 2024 1551 2095 subjungit
1578 2023 1721 2093 quod
1755 2022 1973 2077 nomina
2010 2028 2164 2075 natu-

571 2121 707 2176 ralia
734 2129 860 2176 sunt
895 2118 1203 2174 communia
1241 2115 1491 2170 Trinitati
1526 2123 1580 2170 et
1619 2113 1910 2186 generalia,
1955 2120 2008 2165 et
2034 2126 2160 2181 per-

569 2215 772 2270 sonalia
822 2212 1049 2285 singulis
1082 2211 1329 2284 personis
1375 2220 1501 2267 sunt
1538 2203 1774 2282 propria.
1817 2207 2016 2264 Contra
2042 2223 2161 2277 quae

570 2324 678 2364 non
711 2308 872 2363 latius
911 2306 1255 2363 scribendum
1284 2304 1613 2370 censuimus,
1653 2317 1776 2357 cum
1813 2299 2158 2355 manifestum

568 2403 640 2457 sit
678 2415 841 2471 quam
874 2399 1148 2454 contraria
1183 2396 1461 2452 catholicae
1491 2394 1634 2461 lidei,
1681 2402 1736 2449 et
1767 2393 2157 2449 catholicorum

2262 1943 2420 1985 verso
2446 1930 2636 1987 ordine
2659 1948 2765 1988 non
2805 1949 3094 2004 possumus
3133 1938 3334 2006 dicere,
3372 1939 3582 1996 Patrem
3614 1941 3804 2010 Spiritus

2262 2021 2453 2086 sancti,
2495 2022 2636 2078 sicut
2668 2025 2896 2083 dicimus
2931 2027 3148 2097 Patrem
3190 2030 3340 2097 Filii,
3386 2046 3455 2087 ne
3487 2032 3588 2088 duo
3625 2032 3731 2088 Filii
3763 2033 3804 2087 in

2261 2121 2451 2170 sancta
2481 2114 2745 2173 Trinitate
2773 2121 3128 2178 aestimentur.
3174 2123 3257 2179 lta
3304 2141 3409 2181 non
3450 2140 3712 2194 possumus
3741 2125 3803 2179 di-

2260 2220 2384 2261 cere
2433 2205 2629 2261 Filium
2681 2208 2914 2279 Spiritus
2960 2213 3154 2279 sancti,
3204 2215 3349 2271 sicut
3393 2217 3612 2271 dicimus
3647 2215 3804 2270 Filium

2257 2292 2456 2362 Patris,
2489 2311 2556 2351 ne
2586 2297 2692 2352 duo
2720 2297 2908 2356 Patres
2938 2301 2994 2356 in
3031 2311 3220 2359 sancta
3255 2304 3522 2360 Trinitate
3550 2304 3804 2374 intelligan-

2259 2395 2364 2442 tur.
2395 2388 2636 2445 Dicimus
2661 2391 2840 2461 itaque
2863 2392 3126 2463 Spiritum
3151 2404 3403 2451 sanctum
3450 2395 3622 2451 Patris
3646 2403 3693 2449 et
3709 2393 3804 2448 Filii

2257 2481 2374 2536 sine
2393 2481 2820 2552 reciprocatione
2849 2487 3223 2543 conversionis
3268 2487 3550 2543 nominum
3594 2485 3804 2540 relativo-

2258 2588 2396 2630 rum.
2425 2596 2445 2629 ι

2324 2667 2578 2724 Personae
2599 2677 2780 2725 autem
2803 2671 3307 2744 etymologiam,vel
3336 2671 3690 2728 deﬁnitionem
3707 2668 3809 2724 Boe-

565 2490 764 2555 verbis,
797 2497 852 2546 et
881 2489 982 2545 sibi
1011 2487 1110 2558 ipsi
1139 2487 1409 2556 loquatur,
1442 2493 1496 2541 et
1520 2485 1575 2539 in
1603 2485 1706 2540 hoc
1727 2499 1892 2553 opere
1919 2484 2155 2554 plurima

565 2584 673 2640 sint
697 2581 1088 2639 catholicorum
1121 2577 1428 2636 testimonia
1459 2578 1632 2649 posita
1652 2617 1667 2642 ,
1694 2593 1814 2648 quae
1838 2577 1982 2631 illius
2007 2575 2158 2630 falsi-

565 2682 733 2730 tatem
759 2673 1064 2739 revincunt,
1093 2672 1219 2727 licet
1244 2670 1360 2740 ipse
1389 2669 1455 2724 iis
1487 2683 1593 2722 non
1613 2669 1800 2723 credat
1817 2707 1833 2733 ,
1857 2667 1961 2722 nisi
1986 2682 2050 2722 ea
2076 2667 2156 2722 di-

563 2770 883 2839 xerintquae
899 2780 1176 2836 suopravo
1198 2763 1382 2820 sensui
1407 2769 1732 2832 congruunt.
1757 2759 1875 2816 Non
1902 2762 2069 2826 enim,
2096 2770 2157 2815 ut
2257 2761 2382 2829 tius,
2399 2779 2524 2819 cum
2549 2763 2603 2818 in
2624 2764 2760 2820 libro
2784 2775 2976 2821 contra
2993 2766 3300 2838 Eutychem
3327 2776 3384 2823 et
3404 2765 3691 2822 Nestorium
3705 2759 3808 2816 mul-

561 2864 823 2934 scriptum
863 2870 979 2930 est,
1021 2861 1212 2931 recipit
1239 2858 1434 2914 stultus
1464 2857 1632 2912 verba
1670 2854 2001 2926 prudentiae,
2047 2853 2152 2908 nisi
2256 2845 2510 2924 tipliciter
2536 2856 3588 2930 sapientumutriusquelingumﬁneca:
3605 2855 3809 2911 videlicet

560 2973 627 3013 ea
661 2957 863 3013 dixeris
899 2970 1020 3026 qua:
1061 2963 1349 3010 versantur
1397 2954 1452 3010 in
1501 2953 1664 3010 corde
1702 2949 1836 3019 ejus.
1883 2946 2152 3002 Cteterum
2252 2943 2480 3010 Latinae,
2536 2960 2755 3002 sensum
2802 2947 2926 3003 inde
2965 2949 3280 3019 protulerit.
3314 2949 3474 3005 talem
3515 2963 3615 3004 non
3642 2941 3808 3000 invenit

551 3050 869 3120 quicunque
895 3064 927 3103 a
957 3049 1210 3119 dogmate
1240 3046 1383 3102 illius
1412 3044 1764 3107 dissentiunt,
1796 3041 1914 3096 sine
1934 3039 2039 3095 ulla
2064 3052 2151 3093 re-
2252 3037 2394 3094 sicut
2434 3038 2821 3097 Gothescalcus
2868 3042 2958 3097 hic
3006 3041 3290 3098 adinvenit
3317 3061 3330 3098 :
3371 3061 3390 3090 ι
3431 3042 3576 3107 lnde,
3604 3036 3808 3108 inquiens

559 3143 803 3200 verentia
843 3140 1191 3212 reprehendit
1224 3158 1236 3194 :
1270 3140 1412 3194 sicut
1438 3139 1493 3193 in
1521 3139 1625 3192 hac
1662 3135 1851 3191 eadem
1889 3132 2149 3203 compila—
2176 3178 2220 3212 ί,
2255 3129 2340 3202 (de
2387 3150 2493 3188 una
2533 3150 2756 3204 persona
2803 3133 3045 3207 Christi),
3097 3136 3304 3191 dicitur
3344 3136 3402 3191 in
3447 3136 3556 3190 Deo
3599 3141 3804 3204 persona.

559 3238 705 3293 tione
730 3233 1077 3306 reprehendit
1099 3231 1496 3302 Paulum,quia
1518 3245 1626 3285 non
1651 3227 1970 3299 regulariter
1987 3225 2144 3280 dixit:
2177 3222 2222 3242 ν
2253 3227 2398 3297 quod
2448 3243 2547 3297 per
2593 3243 2652 3284 se
2691 3229 2764 3284 sit
2806 3245 2932 3284 una.
2985 3229 3120 3285 Cum
3171 3238 3287 3286 tres
3329 3230 3495 3286 unius
3534 3226 3727 3283 deitatis
3768 3222 3808 3275 in

559 3328 720 3385 Fides
738 3370 752 3396 ,
776 3346 890 3399 spes
912 3367 928 3394 ,
959 3327 1190 3382 Charitas
1211 3367 1226 3393 ,
1258 3326 1362 3380 tria
1390 3325 1502 3379 hazc
1525 3340 1543 3378 :
1568 3323 1742 3393 major
1769 3329 1943 3375 autem
1965 3320 2045 3373 his
2074 3328 2150 3373 est
2251 3331 2440 3377 sancta
2468 3321 2734 3378 Trinitate
2765 3337 3012 3393 personae
3048 3322 3214 3378 Pater
3250 3331 3310 3380 et
3345 3323 3517 3380 Filius
3541 3329 3594 3377 et
3619 3315 3808 3388 Spiritus

555 3425 786 3478 charitas
818 3421 870 3494 (Ι
902 3420 1026 3476 Cor.
1060 3436 1193 3487 xm,
1229 3418 1318 3490 l5)
1341 3459 1355 3482 ,
1385 3417 1572 3473 dicens
1594 3413 1724 3487 quia
1754 3414 1927 3485 major
1953 3413 2150 3468 horum
2251 3424 2472 3470 sanctus
2507 3415 2576 3469 ad
2605 3415 2837 3470 invicem
2864 3431 2971 3471 non
3007 3417 3472 3482 substantialiter,
3504 3415 3594 3471 sed
3625 3411 3746 3468 sicut
3761 3421 3810 3461 ex

555 3517 735 3571 dicere
777 3515 1060 3580 debuerat,
1092 3525 1148 3570 et
1184 3513 1524 3569 Priscianum
1557 3511 1798 3576 denotat,
1829 3523 2148 3566 asseverans
2248 3507 2430 3562 verbis
2454 3507 2596 3562 beati
2633 3506 2918 3578 Augustini
2946 3510 3309 3576 ostendimus,
3337 3510 3560 3565 relative
3583 3506 3806 3562 dicantur.

553 3608 678 3677 quia
734 3604 883 3661 illum
915 3608 1030 3661 haec
1080 3605 1265 3677 regula
1302 3603 1643 3676 praeterierit.
1704 3600 1812 3658 Sed
1857 3610 1912 3657 et
1949 3601 2144 3656 Hiero-
2247 3599 2410 3655 Pater
2439 3601 2584 3655 enim
2613 3600 2842 3657 relative
2871 3602 3068 3658 dicitur
3094 3603 3160 3657 ad
3187 3603 3418 3669 Filium,
3449 3600 3542 3673 qui
3573 3599 3684 3654 ideo
3706 3589 3811 3649 dici-

552 3707 886 3771 nymum,et
903 3697 1292 3770 Augustinum,
1317 3695 1617 3763 etBedam,
1643 3703 1756 3751 toto
1791 3709 1887 3749 ore
1925 3700 1979 3749 et
2022 3692 2148 3748 buc—
2249 3702 2338 3748 tur
2380 3693 2542 3748 Pater
2593 3693 2738 3764 quod
2787 3694 2983 3749 habeat
3030 3692 3226 3748 Filium
3257 3713 3271 3748 :
3311 3694 3485 3750 Filius
3521 3687 3727 3746 relative
3758 3677 3808 3733 ad

552 3791 632 3845 cis
678 3788 1034 3845 inllatissimis
1065 3787 1149 3844 'de
1201 3787 1399 3858 quibus
1445 3786 1551 3842 sibi
1601 3786 1778 3841 visum
1824 3791 1909 3840 est
1957 3799 2144 3854 repre-
2246 3785 2465 3840 Patrem
2497 3784 2720 3852 dicitur,
2745 3786 2872 3855 quia
2900 3785 3021 3841 ideo
3048 3785 3253 3841 dicitur
3278 3784 3458 3840 Filius
3485 3779 3623 3854 quod
3649 3773 3809 3833 habeat

2247 3878 2485 3933 Patrem.
2519 3877 2752 3948 Spiritus
2791 3887 3034 3942 sanctus,
3068 3859 3236 3932 tertia
3264 3878 3322 3932 in
3365 3882 3559 3932 sancta
3584 3865 3808 3925 Trinitate

2244 3988 2498 4044 persona,
2541 3973 2940 4042 quodammodo
2977 3971 3203 4027 relative
3247 3971 3477 4037 dicitur,
3512 3966 3632 4039 quia
3669 3955 3810 4015 Patris

2245 4075 2300 4120 et
2328 4065 2449 4120 Filii
2474 4066 2699 4137 spiritus
2722 4065 2883 4137 522
2911 4074 3015 4133 est,
3045 4065 3137 4136 qui
3163 4080 3193 4119 a
3217 4063 3514 4120 catholicis
3541 4053 3808 4115 doctoribus

551 3878 758 3934 liendit.
791 3877 948 3949 521
979 3876 1364 3932 Verumtamen
1392 3875 1748 3949 Augustinus,
1795 3890 1956 3945 quem
1988 3890 2144 3930 suum

550 3971 827 4027 multoties
848 3977 1025 4036 vocat,
1055 3969 1203 4025 illum
1228 3986 1393 4041 prave
1436 3971 1641 4026 sentire
1667 3967 1723 4024 in
1747 3969 1852 4024 hac
1883 3968 2144 4038 compila-

550 4063 711 4120 tionis
751 4079 861 4119 suae
905 4061 1107 4119 astutia
1163 4063 1591 4135 comprehendit,
1638 4063 1861 4118 dicens:
1901 4079 1921 4114 ‹
1957 4061 2145 4117 Scien-

549 4154 673 4210 dum
702 4165 786 4212 est
814 4155 956 4225 quod
990 4154 1238 4226 quaedam
1270 4155 1337 4211 de
1362 4155 1475 4211 Deo
1502 4153 1930 4211 substantialiter
1956 4154 2144 4209 dicun-
2244 4159 2529 4213 amborum
2582 4158 2832 4213 videlicet
2864 4157 3041 4213 Patris
3078 4165 3136 4213 et
3169 4156 3318 4223 Filii,
3352 4156 3616 4218 Charitas,
3647 4141 3810 4205 sancti-

548 4252 655 4310 tur,
684 4255 850 4301 utest
877 4246 1042 4312 Deus,
1084 4261 1333 4316 magnus,
1372 4245 1735 4316 omnipotens,
1781 4251 1838 4299 et
1883 4244 2142 4315 quidqiiid

2254 4258 2351 4317 tas,
2385 4251 2588 4317 unitas,
2628 4266 2692 4306 ac
2718 4249 3003 4306 Trinitatis
3032 4248 3314 4304 vinculum
3348 4249 3573 4304 dicitur.
3610 4237 3807 4298 'I’rinilaS

545 4339 614 4394 ad
643 4355 702 4395 se
731 4341 948 4406 dicitur,
976 4339 1031 4395 id
1070 4348 1154 4396 est
1200 4339 1560 4395 substantiam
1602 4339 1902 4395 divinitatis
1934 4336 2139 4409 signiii-
2241 4343 2426 4414 itaque
2466 4345 2532 4400 ad
2566 4358 2827 4415 personas
2862 4343 3042 4398 Patris
3068 4351 3123 4398 et
3152 4341 3278 4398 Filii
3317 4351 3375 4398 et
3403 4340 3637 4412 Spiritus
3668 4324 3806 4387 sancti

547 4432 747 4486 cantia.
780 4431 1040 4498 Quaedam
1074 4431 1258 4502 itaque
1305 4431 1532 4487 relative
1570 4431 1845 4496 dicuntur,
1875 4438 1935 4484 ut
1981 4429 2141 4484 Pater
2240 4437 2515 4492 refertur:
2547 4437 2731 4492 unitas
2761 4435 2828 4490 ad
2857 4444 3110 4490 naturam
3157 4431 3380 4490 aeterna:
3419 4428 3638 4488 deitatis
3673 4419 3808 4495 perli-

549 4523 618 4578 ad
645 4522 863 4588 Filium,
893 4531 948 4578 et
973 4521 1144 4578 Filius
1171 4524 1239 4578 ad
1277 4523 1518 4588 Patrem,
1545 4530 1602 4578 et
1644 4521 1880 4591 Spiritus
1921 4530 2139 4577 sanctus
2164 4561 2217 4622 D
2244 4538 2357 4585 net.
2384 4529 2450 4584 Et
2477 4529 2678 4584 habent
2710 4527 2934 4599 singulae
2969 4527 3024 4581 in
3073 4535 3261 4582 sancta
3299 4524 3574 4579 Trinitate
3602 4522 3806 4590 persona:

611 4614 700 4622 ..
853 4614 927 4622 ._
1210 4614 1312 4622 _...
1537 4614 1548 4622 .
1756 4621 1760 4622 ν
1932 4614 1944 4622 .
2040 4613 2077 4622 -
2279 4621 2283 4622 ν
2394 4621 2437 4622 κν
2645 4620 2653 4622 ι
2972 4619 2983 4622 -
3115 4616 3225 4622 _-
3383 4617 3397 4622 _

549 4614 772 4669 relative
801 4614 869 4669 ad
892 4615 1109 4670 Patrem
1137 4614 1408 4670 etFilium
1437 4632 1452 4668 :
1483 4614 1551 4670 ad
1579 4629 1638 4669 se
1675 4621 1878 4678 autem,
1902 4614 2015 4669 sive
2040 4613 2137 4668 Pa-

548 4714 654 4772 ter,
707 4705 820 4762 slve
859 4706 1051 4773 Filius,
1081 4707 1195 4767 sive
1224 4705 1460 4777 Spiritus
1500 4713 1721 4762 sanctus
1758 4703 1977 4760 dicitur.
2015 4724 2033 4758 ι
2070 4704 2137 4760 Et

549 4798 679 4855 item
702 4813 718 4854 :
739 4819 756 4851 ι
776 4799 1045 4870 Quidquid
1074 4815 1202 4872 ergo
1225 4802 1292 4856 ad
1321 4815 1379 4856 se
1402 4800 1655 4855 dicuntur
1679 4799 1839 4853 Pater
1868 4807 1922 4854 et
1942 4798 2132 4865 Filius,

547 4909 657 4950 non
692 4894 891 4950 dicitur
917 4893 1053 4948 alter
1079 4894 1196 4950 sine
1231 4893 1423 4959 altero,
1456 4893 1510 4948 id
1541 4902 1628 4948 est
1655 4891 1914 4962 quidquid
1947 4891 2134 4946 dicun-

548 4997 636 5045 tur
665 4989 810 5060 quod
848 4989 1207 5046 substantiam
1237 5004 1426 5045 eorum
1469 4987 1738 5050 ostendat,
1773 4986 1935 5042 ambo
1973 4983 2135 5039 simul

545 5078 822 5140 dicuntur.
867 5083 925 5138 Si
967 5083 1084 5139 haec
1126 5082 1200 5137 ita
1244 5079 1526 5150 sunt,jam
1563 5095 1692 5152 ergo
1720 5095 1822 5135 nec
1868 5078 2030 5135 Pater
2053 5088 2137 5135 est

546 5174 691 5232 Deus
716 5176 833 5232 sine
853 5175 1015 5244 Filio,
1041 5191 1140 5232 nec
1177 5175 1346 5232 Filius
1383 5176 1528 5232 Deus
1571 5175 1689 5231 sine
1723 5175 1902 5240 Patre,
1946 5173 2000 5229 id
2053 5181 2138 5229 est

545 5282 653 5323 non
683 5267 756 5322 ita
777 5268 974 5324 dicitur
1001 5268 1162 5324 Pater
1187 5268 1331 5324 Deus
1358 5268 1512 5340 quasi
1535 5267 1706 5323 Filius
1738 5283 1842 5322 non
1868 5266 1938 5321 sit
1967 5266 2133 5334 Deus,

544 5372 647 5412 nec
668 5356 838 5416 Filius
858 5359 934 5414 ita
959 5359 1156 5414 dicitur
1182 5359 1325 5436 Deus
1351 5360 1503 5429 quasi
1547 5360 1709 5415 Pater
1738 5375 1843 5414 non
1875 5358 1949 5413 sit
1969 5358 2132 5425 Deus,

544 5449 640 5504 sed
665 5451 825 5507 ambo
853 5450 1015 5507 simul
1041 5452 1185 5508 Deus
1221 5460 1278 5508 et
1297 5468 1436 5509 unus
1459 5453 1620 5509 Deus.
1663 5452 1927 5521 Quocirca
1971 5452 2128 5520 quid-

543 5540 676 5614 quid
699 5544 994 5600 secundum
1035 5544 1394 5601 substantiam
1439 5544 1527 5601 vel
1565 5546 1925 5601 aeternitatem
1953 5543 2018 5597 de
2053 5541 2134 5597 eis

545 5633 653 5692 dici
695 5643 892 5707 potest,
943 5637 1104 5694 ambo
1131 5637 1292 5694 simul
1315 5648 1464 5704 sunt,
1495 5638 1745 5710 quamvis
1785 5637 1850 5692 de
1877 5634 2016 5691 Filio
2054 5635 2135 5691 di-

543 5733 700 5781 catur
740 5727 882 5782 Deus
909 5728 976 5784 de
1006 5729 1137 5795 Deo,
1186 5727 1368 5784 lumen
1423 5729 1490 5784 de
1530 5729 1751 5792 lumine,
1804 5729 1964 5783 ambo
2010 5735 2138 5782 sunt

545 5818 710 5887 Deus,
763 5819 923 5876 ambo
953 5821 1114 5878 simul
1160 5819 1386 5887 lumen;
1416 5821 1510 5878 sed
1555 5837 1660 5878 non
1693 5821 1855 5878 Pater
1897 5824 2040 5878 Deus
2070 5821 2137 5877 de

2242 4621 2443 4690 aliquid
2475 4620 2772 4691 proprium,
2803 4634 2911 4674 non
2940 4619 3082 4673 sicut
3105 4616 3503 4673 Gothescalcus
3526 4611 3672 4675 dicit,
3695 4599 3806 4674 quod

2241 4715 2366 4770 inde
2415 4715 2611 4770 dicitur
2659 4714 2714 4768 in
2759 4713 2870 4769 Deo
2910 4727 3161 4783 persona,
3199 4710 3347 4780 quod
3374 4724 3477 4781 per
3507 4722 3565 4763 se
3601 4703 3802 4760 situm:

2239 4807 2335 4862 sed
2379 4807 2518 4863 sicut
2545 4807 2878 4877 Augustinus
2907 4806 3055 4868 dicit,
3096 4803 3239 4874 quod
3279 4797 3638 4874 inseparabili
3666 4804 3807 4861 arqua-

2238 4901 2389 4957 litate
2418 4901 2651 4972 aliquam
2694 4901 2749 4955 in
2791 4914 2850 4956 se
2898 4900 3193 4955 ostendunt
3232 4897 3649 4968 proprietatem.
3677 4887 3804 4940 Pater

2239 5008 2369 5050 vero
2397 4994 2545 5049 solus
2581 5001 2758 5064 pater,
2798 5001 2852 5048 et
2883 4991 3056 5046 Filius
3100 4990 3246 5045 solus
3270 4989 3471 5053 Filius,
3507 4996 3565 5043 et
3609 4979 3805 5054 Spiritus

2241 5096 2462 5142 sanctus
2492 5085 2640 5141 solus
2679 5084 2916 5155 Spiritus
2949 5093 3187 5138 sanctus.
3222 5081 3288 5136 Et
3334 5081 3504 5136 Pater
3534 5079 3635 5133 hoc
3675 5069 3802 5126 habet

2237 5179 2541 5249 proprium,
2564 5177 2708 5248 quod
2736 5193 2806 5231 ex
2833 5176 3084 5230 omnibus
3103 5190 3223 5244 quae
3251 5181 3387 5227 sunt
3411 5171 3564 5228 solus
3587 5176 3682 5229 est,
3703 5157 3802 5249 quia

2239 5272 2308 5326 ab
2335 5271 2442 5327 alio
2470 5247 2710 5334 nonest,
2747 5285 2810 5324 ac
2837 5284 2936 5338 per
2970 5270 3073 5323 hoc
3113 5267 3261 5322 solus
3291 5274 3383 5319 est
3413 5264 3470 5318 in
3501 5247 3802 5333 paternitatis

2237 5376 2490 5432 persona,
2521 5376 2630 5416 non
2658 5359 2806 5415 solus
2847 5359 2901 5415 in
2942 5357 3160 5414 deitatis
3203 5356 3474 5412 essentia.
3525 5343 3804 5419 Unigenitu5

2231 5468 2363 5508 vero
2394 5453 2564 5510 Filius
2604 5453 2700 5509 Dei
2740 5453 2845 5510 hoc
2887 5451 3051 5508 habet
3078 5451 3387 5523 proprium,
3417 5444 3562 5518 quod
3605 5457 3666 5497 ex
3691 5432 3800 5491 solo.

2237 5541 2290 5597 id
2319 5553 2405 5599 est
2425 5543 2608 5611 Patre,
2640 5543 3177 5601 consubstantialiter
3201 5554 3256 5599 et
3284 5534 3714 5597 coessentialiter
3732 5538 3803 5581 so-

2235 5637 2322 5694 lus
2349 5639 2562 5707 genitus
2588 5646 2688 5703 est,
2731 5645 2784 5693 et
2822 5637 2876 5692 in
2917 5639 3021 5692 hoc
3061 5647 3310 5708 personae
3355 5647 3473 5688 sum
3515 5627 3802 5700 proprietas.

2240 5729 2476 5800 Spiritus
2506 5739 2728 5786 sanctus
2757 5730 2863 5785 hoc
2887 5729 3050 5785 habet
3075 5727 3386 5799 proprium,
3413 5722 3558 5794 quod
3582 5734 3642 5776 ex
3671 5713 3805 5770 Patre

2238 5824 2482 5896 Filioque
2504 5823 2783 5894 aequaliter
2802 5823 3065 5894 procedit,
3091 5828 3145 5878 et
3169 5828 3252 5878 est
3275 5819 3570 5874 amborum
3592 5805 3805 5882 spiritus.
