4026 6340
211 371 320 430 585

1249 377 1341 436 DE
1381 377 1525 438 UNA
1562 380 1654 438 ET
1694 380 1832 440 NON
1873 381 2084 440 TRINA
2126 385 2446 445 DEITATE.

3287 382 3289 384 ’
3391 409 3497 466 586

206 486 453 562 ejusdem
513 487 830 544 substantia
877 496 936 546 et
979 489 1300 548 aeternitatis
1357 509 1480 549 cum
1526 493 1692 550 Patre
1749 502 1803 549 et
1829 499 2152 564 Aconstet,
2194 500 2338 569 quod
2381 501 2525 558 inter
2560 512 2812 561 naturam
2850 520 3250 584 personamque
3279 515 3496 578 dill‘erre

205 581 364 637 Filio.
392 578 499 636 Sed
523 581 639 637 haec
669 582 771 637 tria
795 577 924 640 vere
947 583 1112 640 etiam
1138 585 1240 642 tria
1260 595 1406 654 sunt,
1433 586 1800 644 ineil'abiliter-

194 675 311 741 (ue
340 672 465 740 tria,
493 681 551 727 et
582 672 944 729 essentialiter
985 675 1112 743 tria,
1155 676 1410 733 habentia
1438 678 1802 750 proprietates

201 778 354 831 suas,
377 770 434 819 et
459 761 576 821 haec
609 763 714 819 tria
738 779 926 834 unum,
967 773 1024 822 et
1046 781 1176 824 vere
1211 783 1398 836 unum,
1426 778 1482 826 et
1502 770 1606 826 hoc
1631 786 1798 826 unum

200 863 350 920 tres,
402 854 496 910 sed
544 870 651 912 non
688 863 800 912 tres
823 855 1037 926 Patres,
1085 874 1188 916 nec
1224 868 1338 918 tres
1356 861 1500 928 Filii,
1544 878 1644 919 nec
1688 874 1800 922 tres

198 946 440 1016 Spiritus
471 946 666 1014 sancti,
695 948 791 1004 sed
818 955 930 1006 tres
962 965 1234 1022 personae.
1264 951 1416 1009 Unus
1450 952 1631 1022 Pater,
1660 971 1799 1012 unus

192 1038 389 1106 Filius,
413 1057 553 1098 unus
575 1041 811 1113 Spiritus
830 1054 1072 1113 sanctus,
1101 1055 1158 1103 et
1181 1047 1238 1103 hi
1278 1057 1408 1115 tres,
1443 1048 1497 1105 id
1524 1058 1610 1106 est
1637 1049 1800 1106 Pater

191 1137 248 1184 et
276 1129 451 1186 Filius
481 1137 537 1186 et
567 1129 804 1203 Spiritus
848 1144 1092 1202 sanctus,
1123 1153 1293 1194 unum
1323 1147 1450 1195 sunt
1489 1139 1544 1196 in
1576 1148 1796 1210 natura,

189 1223 607 1293 omnipotentia,
649 1225 849 1282 deitate
887 1235 941 1282 et
981 1230 1305 1285 aeternitate.
1334 1229 1594 1288 Conferat
1634 1234 1799 1304 igitur

189 1313 451 1369 catholici
477 1314 696 1372 lectoris
728 1319 1015 1388 prudentia
1045 1321 1206 1377 verba
1235 1321 1576 1380 Gothescalci
1609 1326 1796 1382 dicen-

187 1405 278 1471 tis,
317 1405 448 1462 lude
497 1407 694 1464 dicitur
716 1409 774 1466 in
803 1410 916 1468 Deo
937 1401 1170 1485 persona
1189 1416 1332 1486 quod
1361 1432 1459 1487 per
1487 1433 1546 1474 se
1576 1419 1646 1474 sit
1668 1436 1792 1488 una,

185 1497 374 1554 verbis
414 1498 563 1554 beati
604 1498 894 1572 Augustini
925 1504 1193 1562 dicentis:
1225 1505 1440 1563 Habent
1475 1509 1698 1581 singulae
1740 1512 1795 1567 in

184 1601 377 1648 sancta
417 1591 685 1649 Trinitate
723 1610 972 1665 persona:
1012 1598 1215 1670 aliquid
1243 1603 1540 1673 proprium,
1577 1619 1684 1674 quo
1713 1605 1796 1659 in-

184 1683 482 1754 separabili
527 1684 839 1756 mqualitate
880 1687 1120 1760 aliquam
1167 1690 1225 1746 in
1255 1706 1317 1748 se
1350 1693 1797 1766 ostenduntpro-

181 1779 514 1848 prietatem;
543 1788 599 1837 et
622 1780 803 1838 dicat:
836 1783 1112 1852 Quantum
1152 1785 1319 1844 distat
1361 1796 1514 1845 ortus
1553 1790 1622 1845 ab
1651 1791 1795 1847 occi-

1905 589 2296 658 praediximus:
2327 595 2584 664 quoniam
2610 607 2804 655 natura
2831 609 2915 658 est
2942 604 3231 676 cujuslibet
3251 611 3499 666 substan-

1906 679 1996 736 tiae
2023 683 2340 752 specificata
2369 689 2702 759 proprietas,
2734 708 2971 764 persona
2997 712 3129 756 vero
3156 700 3497 759 rationabilis

1904 783 2114 831 naturae
2163 776 2445 835 individua
2492 780 2860 843 subsistentia.
2910 787 3030 845 Non
3079 791 3262 864 igitur,
3308 803 3368 850 ut
3390 795 3498 852 Go-

1905 865 2208 926 tbescalcus
2229 873 2566 930 mendaciter
2587 877 2864 935 adinvenit
2881 921 2898 948 ,
2927 882 3049 939 ideo
3073 885 3275 943 dicitur
3303 889 3356 944 in
3383 889 3496 946 Deo

1902 974 2155 1029 persona,
2183 965 2326 1034 quod
2350 981 2449 1037 per
2475 981 2534 1024 se
2561 969 2634 1024 sit
2655 986 2782 1026 una.
2810 973 3059 1044 Exponat
3087 980 3231 1035 enim
3254 983 3384 1052 quid
3410 1001 3498 1040 vc-

1902 1052 1965 1108 lit
1993 1055 2212 1124 addere,
2244 1074 2367 1114 cum
2396 1059 2529 1116 dicit
2560 1065 2702 1134 quod
2717 1081 2817 1136 per
2831 1081 2890 1122 se
2925 1069 3136 1126 situna.
3156 1073 3498 1137 Etsidixerit

1902 1143 2132 1214 iterato,
2165 1148 2288 1205 licet
2328 1153 2623 1210 absurdum
2655 1157 2757 1224 sit,
2787 1174 2887 1230 per
2917 1176 2975 1216 se
3002 1178 3109 1219 una
3136 1180 3368 1236 persona
3390 1210 3405 1235 ,
3437 1180 3498 1225 ut

1901 1253 2002 1309 per
2029 1257 2088 1298 se
2121 1242 2192 1298 sit
2220 1243 2402 1312 Pater,
2432 1263 2532 1317 per
2561 1265 2619 1305 se
2645 1249 2818 1308 Filius
2838 1293 2852 1319 ,
2884 1269 2982 1325 per
3011 1270 3070 1312 se
3101 1257 3342 1329 Spiritus
3372 1278 3498 1318 san-

1900 1339 2054 1399 ctus,
2086 1349 2192 1390 non
2218 1338 2418 1407 stabit,
2451 1341 2578 1411 quia
2609 1341 2737 1398 licet
2758 1343 2922 1400 Pater
2961 1347 3107 1404 solus
3137 1349 3208 1404 sit
3235 1351 3290 1406 in
3318 1362 3498 1423 pater-

1900 1421 2087 1479 nitatis
2118 1441 2382 1497 persona,
2410 1429 2583 1488 Filius
2611 1434 2759 1491 solus
2788 1437 2859 1492 sit
2887 1438 2954 1493 de
2987 1439 3182 1507 Patre,
3227 1443 3280 1499 id
3314 1421 3397 1501 est
3431 1447 3498 1502 de

1899 1512 2203 1572 substantia
2225 1518 2405 1576 Patris
2426 1531 2604 1590 natus,
2631 1524 2865 1596 Spiritus
2891 1539 3114 1588 sanctus
3137 1532 3284 1591 solus
3307 1535 3374 1592 de
3396 1536 3500 1592 Pa-

1901 1612 1985 1662 tre
2005 1611 2265 1677 proccdat
2288 1621 2342 1669 et
2363 1613 2520 1682 Filio,
2547 1627 2728 1675 tamen
2750 1621 2976 1680 relative
2999 1625 3164 1682 Pater
3183 1629 3253 1684 ad
3274 1629 3494 1699 Filium,

1897 1695 2070 1754 Filius
2103 1702 2172 1757 ad
2201 1701 2451 1772 Patrem,
2499 1707 2737 1779 Spiritus
2775 1723 3016 1781 sanctus,
3044 1719 3190 1788 quod
3225 1718 3406 1778 Patris
3443 1695 3500 1780 et

1897 1789 2020 1882 _Filii
2045 1791 2281 1865 Spiritus
2306 1799 2400 1867 sit,
2425 1800 2645 1859 dicitur.
2671 1823 2691 1857 ι
2722 1804 2878 1864 Unde
2900 1809 2960 1864 S.
2983 1809 3320 1882 Augustinus
3349 1816 3403 1871 in
3435 1817 3500 1872 li-

182 1873 348 1930 dente
375 1874 537 1948 longe
573 1875 741 1934 faciat
776 1878 1040 1937 Dominus
1063 1896 1294 1952 pravum
1320 1898 1542 1941 sensum
1582 1883 1787 1942 Gothe-
1818 1890 1867 1950 B
1895 1879 1995 1936 bro
2015 1892 2172 1940 sexto
2193 1886 2331 1958 (cap.
2356 1889 2410 1958 7)
2437 1890 2506 1947 de
2526 1890 2794 1952 Trinitate
2819 1897 2987 1954 dicit:
3023 1920 3042 1953 ‹
3069 1873 3188 1958 ᾗοη
3222 1905 3498 1963 invenitur

179 1967 354 2023 scalci
384 1983 416 2023 a
436 1969 721 2027 catholicis
760 1972 1010 2029 sensibus
1035 1974 1258 2041 nostris,
1285 1975 1380 2046 qui
1427 1991 1551 2032 cum
1589 1977 1793 2033 Gothe—

178 2059 365 2116 scalco
389 2075 499 2117 non
530 2060 762 2119 dicimus
788 2064 915 2120 inde
943 2065 998 2121 in
1021 2065 1133 2122 Deo
1161 2067 1268 2123 dici
1309 2082 1599 2138 personam
1645 2068 1790 2141 quod

175 2168 281 2225 per
303 2170 364 2211 se
397 2155 468 2211 sit
493 2173 624 2225 una,
652 2160 750 2216 sed
775 2160 1048 2217 credimus
1069 2169 1126 2218 et
1161 2161 1489 2219 conﬁtemur
1513 2179 1638 2220 cum
1664 2179 1791 2220 san-

175 2255 270 2302 cto
288 2247 597 2320 Augustino
625 2259 682 2307 et
702 2253 919 2309 caeteris
942 2254 1267 2311 orthodoxis
1293 2256 1628 2324 doctoribus,
1661 2258 1788 2328 quia

175 2335 344 2394 Pater
376 2349 433 2396 et
479 2341 648 2401 Filius
671 2352 726 2402 et
754 2343 993 2418 Spiritus
1031 2356 1254 2406 sanctus
1294 2351 1616 2408 naturaliter
1646 2367 1788 2410 unus

175 2439 260 2486 est
281 2431 452 2490 Deus.
482 2434 868 2508 lnseparabilis
907 2440 1073 2512 igitur
1100 2452 1310 2498 natura:
1337 2444 1518 2501 unitas
1537 2460 1648 2502 non
1683 2462 1785 2518 po-

176 2534 286 2582 test
329 2530 668 2601 separabiles
707 2532 912 2591 habere
954 2550 1237 2606 personas.
1281 2535 1444 2594 Pater
1473 2539 1691 2609 quidem
1717 2555 1786 2596 ex

173 2622 434 2678 omnibus
456 2637 576 2694 qua:
600 2632 729 2681 sunt
751 2626 899 2682 solus
919 2636 1022 2696 est,
1046 2630 1191 2700 quod
1212 2630 1315 2686 sibi
1344 2631 1629 2702 proprium
1666 2640 1780 2688 est:

173 2725 227 2770 et
253 2715 410 2772 solus
433 2724 518 2772 est
547 2716 600 2772 in
641 2719 984 2789 paternitatis
1005 2737 1260 2791 persona,
1294 2723 1390 2778 sed
1440 2739 1547 2779 non
1589 2739 1688 2793 per
1725 2737 1784 2780 se

174 2809 323 2866 solus
343 2810 505 2866 estin
532 2812 749 2870 deitatis
770 2816 1026 2871 essentia.
1049 2815 1372 2889 Unigenitus
1393 2819 1489 2874 Dei
1515 2818 1687 2875 Filius
1714 2835 1782 2876 ex

174 2902 288 2959 solo
325 2903 493 2959 Patre
519 2907 1055 2965 consubstantialiter
1084 2919 1138 2965 et
1177 2912 1608 2968 coessentialiter
1635 2913 1783 2970 solus

173 3005 253 3051 est
282 2997 522 3068 genitus,
563 3008 621 3054 et
660 2999 764 3056 hoc
793 3009 878 3057 est
909 3003 1188 3073 proprium
1223 3020 1335 3060 suae
1378 3021 1644 3076 personae,
1684 3007 1782 3064 sed

175 3101 278 3141 non
309 3102 415 3158 per
444 3103 504 3144 se
527 3097 611 3146 est
635 3090 782 3148 solus
823 3101 878 3148 et
924 3094 1271 3167 singulariter
1300 3113 1441 3154 unus
1471 3099 1525 3154 in
1563 3100 1782 3158 deitatis

177 3180 436 3236 essentia.
468 3180 702 3253 Spiritus
731 3193 953 3242 sanctus
986 3202 1053 3243 ex
1091 3187 1254 3246 Patre
1303 3199 1358 3246 et
1395 3190 1534 3248 Filio
1561 3193 1780 3263 equali-

1899 1977 2173 2044 quomodo
2224 1979 2329 2036 dici
2382 1985 2556 2053 possit
2603 1998 2698 2044 aut
2743 1988 2905 2048 Pater
2951 1993 3132 2063 solus,
3183 2007 3277 2052 aut
3326 2000 3496 2057 Filius

1895 2064 2043 2123 solus
2061 2107 2077 2133 ,
2109 2084 2233 2126 cum
2260 2087 2476 2144 semper
2506 2085 2672 2154 atque
2701 2080 3142 2154 inseparabiliter
3169 2095 3225 2145 et
3253 2090 3343 2146 ille
3371 2109 3498 2149 cum

1893 2156 2033 2215 Filio
2062 2162 2171 2231 sit,
2213 2174 2270 2220 et
2307 2166 2399 2222 ille
2431 2183 2556 2225 cum
2590 2169 2790 2242 Patre,
2827 2191 2937 2232 non
2971 2187 3033 2233 ut
3064 2181 3226 2238 ambo
3254 2183 3364 2239 sint
3395 2183 3498 2240 Pa-

1892 2259 1999 2319 ter,
2050 2264 2144 2310 aut
2189 2259 2350 2315 ambo
2399 2260 2602 2331 Filius,
2651 2265 2745 2320 sed
2790 2268 2919 2338 quia
2961 2286 3178 2344 semper
3223 2273 3491 2342 invicem,

1890 2355 2086 2432 neuter
2131 2349 2299 2407 solus.
2332 2371 2352 2405 ι
2379 2353 2535 2421 Quod
2575 2364 2631 2412 et
2667 2357 2737 2414 de
2777 2357 2981 2432 Spiritu
3023 2376 3216 2424 sancto
3255 2371 3498 2428 sentien-

1891 2427 2021 2493 dum
2064 2448 2168 2497 est.
2212 2440 2273 2499 Si
2315 2443 2556 2506 dixerit:
2589 2448 2718 2506 Ideo
2746 2427 2947 2508 dicitur
2987 2455 3042 2510 in
3077 2457 3191 2514 Deo
3228 2476 3492 2531 persona,

1889 2532 2034 2602 quod
2066 2549 2166 2605 per
2193 2551 2254 2593 se
2283 2537 2356 2594 sit
2385 2555 2493 2595 una
2532 2542 2718 2599 deitas
2759 2545 2846 2603 vel
2892 2549 3230 2619 substantia,
3271 2553 3358 2609 vel
3398 2554 3496 2609 ali-
3583 2548 3585 2551 ’

1887 2625 2018 2694 quid
2063 2625 2406 2698 huiusmodi,
2460 2633 2567 2689 hoc
2615 2635 2882 2693 catholica
2931 2639 3067 2696 ﬁdes
3107 2657 3215 2696 non
3259 2644 3491 2715 recipit,

1886 2717 2147 2788 quoniam
2175 2737 2285 2777 una
2311 2723 2613 2795 eademque
2651 2725 2859 2796 deitas,
2907 2745 3028 2801 quae
3078 2731 3362 2790 Trinitatis
3409 2743 3496 2792 est

1889 2807 2104 2876 unitas,
2157 2810 2270 2867 tcta
2323 2813 2378 2867 in
2429 2814 2686 2888 singulis,
2734 2827 2850 2874 tota
2889 2829 2974 2876 est
3012 2822 3070 2877 in
3111 2823 3287 2882 tribus
3327 2827 3492 2884 simul

1885 2902 2157 2970 personis.
2206 2904 2552 2978 Quapropter
2593 2927 2701 2968 non
2749 2913 3014 2972 debuerat
3059 2918 3277 2985 dicere,
3325 2936 3493 2992 expo-

1885 3009 2024 3051 nens
2065 3012 2235 3068 quare
2273 3000 2474 3057 dicitur
2511 3019 2776 3075 persona,
2815 3023 2914 3079 per
2953 3025 3047 3080 se,
3090 3014 3188 3070 sed
3213 3015 3393 3086 potius
3421 3020 3493 3074 ad

1885 3102 1981 3154 se,
2023 3103 2088 3145 eo
2129 3106 2292 3149 sensu
2340 3095 2481 3152 sicut
2521 3097 2856 3172 Augustinus
2890 3105 2943 3159 in
2988 3105 3129 3164 libro
3162 3110 3395 3181 septimo
3423 3112 3490 3167 de

1887 3176 2156 3238 Trinitate
2213 3185 2382 3241 dicit:
2420 3188 2689 3246 Videlicet
2736 3194 2861 3263 quia
2911 3194 3077 3264 Pater
3119 3209 3175 3256 et
3218 3176 3390 3259 Pilius
3434 3209 3492 3260 et

175 3279 255 3327 ter
280 3273 553 3344 procedit,
583 3275 762 3335 ethoc
788 3284 873 3334 est
891 3279 1172 3350 proprium
1199 3295 1311 3336 sua}
1329 3296 1598 3352 persona}.
1624 3280 1779 3339 Unde
1805 3263 1854 3330 (ἶ
1886 3269 2124 3342 Spiritus
2155 3286 2378 3336 sanctus
2408 3279 2464 3336 ill
2495 3280 2762 3340 Trinitate
2787 3285 3013 3344 relative
3043 3289 3299 3348 dicuntur
3321 3311 3335 3348 τ
3364 3308 3490 3366 per-

173 3377 306 3442 non_
333 3379 435 3435 per
460 3380 518 3421 se
552 3373 638 3423 est
663 3367 810 3424 solus
845 3377 900 3426 et
934 3370 1283 3442 singulariter
1307 3389 1448 3430 unus
1480 3373 1537 3429 in
1566 3375 1784 3432 deitatis

169 3456 461 3523 essentia;
496 3459 592 3514 sed
642 3461 927 3519 amborum
953 3503 969 3529 ,
1025 3463 1278 3521 videlicet
1322 3463 1501 3522 Patris
1555 3475 1610 3523 et
1658 3466 1781 3522 Filii

171 3549 434 3618 spiritus,
494 3551 737 3620 ejusdem
789 3555 1106 3612 substantiae
1163 3566 1219 3614 et
1279 3560 1600 3616 aeternitatis
1656 3577 1781 3617 cum

168 3639 337 3697 Patre
361 3651 417 3699 et
436 3643 596 3712 Filio,
623 3655 680 3702 et
703 3646 906 3704 idcirco
935 3649 1312 3721 inseparabilis
1333 3662 1418 3708 est
1445 3662 1632 3710 sancta
1659 3654 1781 3710 Tri-

169 3733 319 3790 nitas
346 3735 594 3792 etiamin
631 3738 878 3809 personis
918 3755 1082 3797 sensu
1119 3742 1483 3815 intelligenda,
1531 3746 1779 3816 quamvis

167 3825 223 3880 in
248 3841 388 3883 voce
406 3829 729 3899 separabilia
749 3830 948 3888 habeat
972 3835 1212 3904 nomina,
1239 3837 1367 3908 quia
1388 3837 1652 3908 pluralem
1679 3857 1778 3895 nu-

166 3935 390 3977 merum
410 3921 465 3977 in
480 3932 688 3980 naturae
704 3926 1013 3984 nominibus
1029 3927 1338 3986 nullatenus
1358 3932 1776 4003 recipit.Verum

168 4016 341 4090 523
376 4026 434 4075 et
469 4019 525 4075 in
559 4021 666 4078 hoc
700 4022 1010 4079 ostenditur
1045 4039 1309 4096 personas
1345 4040 1454 4081 non
1491 4041 1653 4098 posse
1691 4027 1770 4082 di-

167 4111 285 4167 vidi
339 4111 397 4167 in
450 4120 642 4170 sancta
671 4112 967 4184 Trinitate,
1017 4116 1144 4188 quia
1191 4115 1481 4186 cujuslibet
1525 4134 1773 4190 persona:

167 4217 376 4259 nomen
422 4218 636 4276 semper
684 4206 752 4262 ad
798 4206 1030 4264 alteram
1079 4209 1304 4281 respicit
1349 4225 1662 4281 personam.
1712 4210 1771 4268 Si

167 4294 394 4352 Patrem
424 4297 592 4364 dicis,
620 4297 820 4354 Filium
849 4299 1094 4357 ostendis
1119 4318 1134 4369 ;
1168 4301 1216 4358 si
1240 4301 1442 4358 Filium
1471 4303 1727 4360 nominas
1751 4344 1769 4373 ,

170 4390 400 4447 Patrem
439 4392 748 4464 praedicas;
790 4393 836 4450 si
877 4393 1142 4466 Spiritum
1200 4404 1451 4453 sanctum
1497 4396 1768 4469 appellas,

168 4483 409 4556 alicujus
443 4499 565 4541 esse
600 4484 854 4558 spiritum
893 4500 1120 4544 necesse
1145 4495 1230 4544 est
1263 4488 1553 4561 intelligas.
1593 4509 1613 4543 ›
1650 4487 1768 4546 Νοη

169 4577 365 4650 igitur,
395 4585 457 4634 ut
481 4577 824 4649 blasphemat
849 4578 1278 4649 Gothescalcus,
1317 4581 1443 4638 inde
1481 4581 1682 4638 dicitur
1710 4582 1764 4637 in

166 4671 287 4726 Deo
317 4685 585 4742 persona,
613 4672 758 4742 quod
786 4687 886 4744 per
911 4687 971 4728 se
1001 4673 1072 4728 sit
1098 4689 1206 4752 una
1227 4715 1240 4738 ,
1274 4688 1426 4730 more
1452 4689 1550 4730 suo
1568 4715 1584 4742 ,
1615 4673 1768 4730 vide-

164 4761 306 4818 licet
332 4762 716 4819 htereticorum
758 4781 942 4830 more,
975 4764 1234 4836 profanas
1271 4781 1466 4822 vocum
1505 4767 1773 4824 novitates

165 4853 491 4924 exquirens.
546 4853 690 4924 Qui,
739 4865 801 4911 ut
843 4857 1038 4914 beatus
1083 4857 1215 4913 dicit
1258 4857 1590 4931 Gregorius,
1642 4861 1771 4916 dum

163 4946 390 5002 laudari
452 4957 712 5020 tanquam
765 4952 832 5006 de
882 4949 1171 5006 excellenti
1231 4951 1450 5024 ingenio
1504 4953 1768 5024 cupiunt,

164 5040 335 5112 quasi
378 5055 519 5097 nova
549 5042 798 5113 quaedam
825 5042 1144 5114 proferunt,
1179 5059 1298 5114 qua:
1330 5044 1385 5099 in
1419 5045 1768 5116 antiquarunt

162 5136 408 5193 Patrum
456 5135 612 5192 libris
657 5136 937 5193 veteribus
983 5153 1090 5193 non
1138 5145 1413 5192 tenentur.
1461 5137 1661 5209 Sicque
1712 5139 1775 5195 ﬁt

160 5239 257 5295 ut,
285 5228 416 5283 dum
463 5227 635 5283 videri
688 5229 960 5298 sapientes
1015 5228 1348 5296 desiderant,
1391 5230 1610 5286 miseris
1661 5231 1774 5288 suis

163 5321 525 5378 auditoribus
564 5321 807 5378 stultitiae
843 5323 1054 5378 semina
1093 5331 1373 5395 spargant.
1415 5323 1638 5381 Rectius
1672 5341 1772 5380 au-

163 5429 291 5474 tem
322 5417 546 5473 Boetius
569 5433 734 5488 quam
757 5417 1149 5474 Gothescalcus
1166 5458 1181 5484 ,
1213 5417 1327 5473 imo
1357 5427 1505 5473 recte
1531 5418 1770 5488 Boetius,

161 5513 306 5585 quia
343 5528 451 5569 non
480 5522 628 5570 recte
653 5513 1078 5583 Gothescalcus,
1103 5529 1351 5587 persona:
1395 5516 1764 5575 deﬁnitionem

159 5623 242 5664 ex
271 5607 580 5680 sapientum
604 5608 888 5666 sententiis
915 5609 1073 5666 nobis
1094 5609 1323 5682 protulit
1344 5610 1568 5668 dicens:
1597 5633 1616 5665 ‹
1644 5613 1772 5669 Per-

162 5717 314 5758 sona
363 5702 506 5760 dicta
542 5712 626 5761 est
663 5720 695 5760 a
731 5704 1109 5776 personando;
1147 5703 1493 5763 circumﬂexa
1537 5708 1772 5780 penulti-

163 5809 293 5850 me.
350 5795 506 5864 Quod
553 5796 598 5852 si
647 5806 877 5854 acuatnr
918 5797 1380 5868 antepenultima,
1430 5801 1774 5871 apertissime

162 5889 457 5946 videbitur
499 5906 529 5946 a
575 5908 703 5947 sono
743 5892 927 5949 dicta:
959 5912 977 5944 ι
1019 5893 1087 5947 Ει
1127 5894 1254 5950 item
1291 5911 1302 5950 :
1348 5912 1366 5948 ι
1395 5893 1511 5953 Hoc
1551 5895 1770 5955 interim

580 5982 860 6046 pATBOL.
893 5981 1146 6045 CXXV.

1887 3379 2021 3420 sona
2066 3383 2198 3424 vero
2237 3369 2443 3438 Patris,
2477 3373 2564 3430 vel
2605 3375 2762 3446 Filii,
2791 3378 2877 3434 vel
2923 3379 3160 3452 Spiritus
3199 3385 3374 3441 sancti
3419 3385 3488 3441 ad

1884 3472 1945 3513 se
1991 3459 2212 3516 dicitur.
2258 3480 2280 3516 ι
2327 3463 2477 3531 Νοη,
2529 3466 2709 3538 inquit
2769 3471 3105 3544 Augustinus
3151 3476 3206 3532 in
3257 3479 3485 3550 praefato

1883 3548 2023 3607 libro
2070 3552 2208 3623 (lib.
2238 3569 2313 3610 vn
2339 3556 2405 3611 de
2433 3555 2584 3612 Trin.
2611 3599 2626 3627 ,
2656 3575 2706 3615 ο.
2733 3559 2843 3633 6),
2872 3563 3020 3621 aliud
3057 3569 3146 3622 'est
3185 3548 3298 3624 Deo
3327 3584 3485 3637 esse,

1883 3644 2032 3698 aliud
2082 3662 2376 3716 personam
2419 3665 2540 3707 esse
2561 3692 2576 3719 ,
2624 3653 2721 3710 sed
2747 3657 2973 3714 omnino
2998 3658 3163 3715 idem.
3195 3660 3331 3717 Nam
3361 3678 3486 3720 esse

1881 3736 1950 3790 ad
1994 3751 2054 3793 se
2092 3739 2314 3809 dicitur,
2354 3757 2590 3812 persona
2620 3761 2750 3803 vero
2782 3749 3046 3819 relative,
3075 3753 3332 3812 videlicet
3358 3772 3485 3813 cum

1883 3826 2088 3883 dicitur
2137 3829 2303 3888 Pater
2354 3833 2440 3889 vel
2491 3834 2663 3894 Filius
2706 3838 2792 3894 vel
2839 3839 3074 3912 Spiritus
3116 3855 3379 3913 sanctus;
3430 3857 3487 3905 et

1880 3920 2022 3977 sicut
2046 3925 2348 3981 substantia
2376 3926 2558 3985 Patris
2585 3931 2702 4001 ipse
2727 3930 2893 3989 Pater
2913 3945 3026 4003 est,
3055 3953 3160 3994 non
3187 3957 3296 4012 quo
3320 3942 3484 3998 Pater

1878 4024 1992 4083 est,
2045 4019 2141 4073 sed
2182 4035 2290 4090 quo
2327 4030 2412 4076 est
2440 4036 2456 4076 :
2485 4022 2559 4078 ita
2589 4033 2645 4080 et
2681 4041 2914 4095 persona
2953 4027 3136 4084 Patris
3179 4047 3288 4088 non
3332 4034 3481 4092 aliud

1877 4123 2042 4178 quam
2091 4109 2209 4181 ipse
2256 4109 2422 4168 Pater
2467 4122 2572 4170 est.
2621 4116 2705 4170 Ad
2756 4132 2815 4172 se
2862 4117 3063 4203 quippe
3089 4119 3253 4196 524
3281 4125 3482 4182 dicitur

1876 4217 2110 4272 persona
2130 4245 2145 4272 ,
2176 4219 2286 4260 non
2323 4207 2392 4262 ad
2427 4205 2623 4262 Filium
2645 4249 2660 4275 ,
2689 4209 2775 4264 vel
2804 4211 2871 4266 ad
2903 4211 3167 4282 Spiritum
3194 4225 3477 4288 sanctum,

1876 4291 2020 4350 sicut
2062 4297 2130 4350 ad
2171 4311 2230 4353 se
2270 4298 2472 4355 dicitur
2501 4301 2677 4369 Deus,
2721 4311 2778 4358 et
2818 4319 3079 4376 magnus,
3107 4315 3163 4363 et
3188 4307 3388 4376 bonus,
3423 4320 3481 4369 et

1869 4385 2074 4457 justus,
2099 4391 2226 4446 etsi
2252 4391 2383 4463 quid
2406 4392 2551 4449 aliud
2576 4395 2920 4467 hujusmodi;
2945 4406 3000 4452 et
3022 4403 3478 4469 quemadmodum

1875 4482 1979 4538 hoc
2019 4482 2097 4539 illi
2131 4493 2218 4541 est
2247 4500 2404 4554 esse,
2441 4488 2585 4559 quod
2626 4488 2798 4544 Deum
2838 4504 2987 4557 esse,
3021 4509 3281 4567 magnum
3317 4511 3477 4567 esse,

1875 4577 2018 4648 quod
2050 4578 2253 4635 bonum
2280 4594 2432 4650 esse,
2466 4581 2542 4637 ita
2575 4583 2679 4640 hoc
2708 4584 2784 4640 illi
2811 4593 2898 4643 est
2926 4600 3078 4655 esse,
3109 4591 3255 4662 quod
3289 4605 3478 4663 perso-

1876 4685 2001 4726 nam
2035 4686 2179 4729 esse.
2210 4672 2322 4729 Cur
2346 4689 2478 4746 ergo
2508 4690 2616 4732 non
2648 4677 2766 4735 haec
2795 4682 2898 4738 tria
2942 4683 3105 4740 simul
3145 4700 3311 4740 unam
3352 4699 3478 4755 per-

1875 4778 2070 4820 sonam
2115 4764 2384 4834 dicimus,
2438 4767 2583 4824 sicut
2629 4786 2794 4827 unam
2847 4777 3145 4832 essentiam
3199 4785 3256 4833 et
3305 4792 3476 4832 unum

1875 4860 2081 4929 Deum,
2122 4861 2219 4918 sed
2261 4871 2376 4919 tres
2417 4863 2652 4922 dicimus
2691 4882 2990 4939 personas,
3036 4887 3159 4928 cum
3197 4880 3308 4927 tres
3344 4871 3476 4926 deos

1876 4961 1968 5008 aut
1999 4961 2111 5009 tres
2152 4954 2424 5012 essentias
2465 4972 2574 5013 non
2612 4959 2888 5028 dicamus,
2929 4962 3034 5019 nisi
3062 4963 3191 5032 quia
3223 4961 3474 5016 volumus

1873 5047 1958 5103 vel
1997 5065 2163 5103 unum
2205 5048 2425 5119 aliquod
2457 5051 2783 5108 vocabulum
2814 5055 3022 5110 servire
3048 5055 3174 5110 huic
3199 5053 3474 5124 significa-

1877 5141 2011 5196 tioni
2049 5157 2157 5212 qua
2184 5143 2505 5215 intelligitur
2543 5145 2804 5215 Trinitas,
2833 5165 2901 5206 ne
2923 5149 3144 5206 omnino
3170 5159 3473 5205 taceremus

1877 5235 2194 5307 interrogati
2247 5238 2379 5309 quid
2433 5249 2575 5309 tres,
2626 5257 2749 5298 cum
2801 5253 2913 5300 tres
2963 5259 3086 5300 esse
3132 5244 3474 5301 fateremur‘?

1875 5325 2062 5398 Neque
2094 5345 2217 5385 cum
2247 5332 2505 5401 quislibet
2532 5334 2769 5389 audierit
2800 5334 3018 5392 Patrem
3051 5336 3226 5392 solum
3263 5337 3467 5402 Deum,

1875 5429 2092 5491 separet
2118 5423 2242 5480 inde
2269 5424 2499 5493 Filium,
2531 5435 2626 5482 aut
2655 5427 2916 5497 Spiritum
2943 5437 3209 5485 sanctum.
3240 5429 3375 5486 Cum
3405 5444 3470 5486 eo

1875 5513 2074 5584 quippe
2099 5513 2246 5570 solus
2277 5514 2421 5571 Deus
2453 5525 2568 5583 est,
2601 5532 2725 5573 cum
2756 5533 2866 5589 quo
2893 5528 2947 5575 et
2978 5535 3119 5576 unus
3159 5519 3302 5576 Deus
3342 5529 3425 5576 est
3452 5538 3466 5574 :

1875 5605 2004 5675 quia
2033 5615 2089 5661 et
2115 5605 2314 5662 Filium
2343 5623 2468 5663 cum
2499 5609 2785 5677 audimus,
2814 5611 2992 5668 solum
3020 5612 3190 5668 Deum
3217 5612 3336 5668 sine
3360 5611 3470 5667 ulla

1874 5700 2217 5771 separatione
2247 5700 2426 5759 Patris
2460 5711 2556 5760 aut
2592 5703 2828 5776 Spiritus
2858 5707 3037 5764 sancti
3073 5715 3290 5779 oportet
3319 5708 3468 5764 acci-

1873 5810 2046 5866 pere;
2079 5803 2243 5867 atque
2268 5796 2342 5852 ita
2373 5798 2520 5854 dicat
2558 5815 2722 5855 unam
2763 5802 3082 5870 essentiam,
3113 5809 3174 5858 ut
3208 5816 3316 5859 non
3359 5801 3471 5857 exi-

1877 5888 2064 5945 stimet
2093 5886 2241 5946 aliud
2283 5887 2390 5948 alio
2428 5889 2516 5950 vel
2555 5889 2761 5962 majus,
2798 5892 2884 5951 vel
2923 5893 3148 5963 melius,
3177 5893 3263 5951 vel
3287 5891 3470 5964 aliqua

2995 5989 3070 6051 19
