4026 6340
569 363 670 420 587

1530 335 1864 397 HINCMARI
1905 329 2303 388 RHEMENSIS
2341 317 2862 385 ARCHIEPISCOPI

3692 319 3774 380 588

567 489 633 527 cx
664 479 818 544 parte
845 459 1285 525 diversum.'Non
1316 466 1497 513 tamen
1526 462 1605 544 ut
1624 452 1787 544 Pater
1817 449 1941 544 ipse
1984 444 2056 499 sit
2095 451 2151 544 et
2178 454 2226 512 Α
2257 443 2491 514 Spiritus
2520 450 2760 504 sanctus,
2801 439 2945 494 idem
2987 433 3238 506 equidem
3258 439 3367 512 est,
3405 446 3503 488 non
3545 431 3666 504 ipse.
3685 433 3777 492 Non

566 533 738 622 Filius
762 570 818 618 et
843 558 1082 631 Spiritus
1111 560 1368 617 sanctus,
1400 557 1456 604 et
1481 542 1743 617 quidquid
1783 537 1928 595 aliud
1960 536 2030 591 ad
2074 533 2155 588 al—

569 665 839 713 terutrum
866 629 1080 720 singula
1105 645 1383 709 dicuntur,
1424 639 1567 698 sicut
1591 634 1830 693 Verbum
1867 629 2014 702 quod
2050 643 2160 683 non

491 821 495 825 ,
573 751 774 806 dicitur
798 747 904 804 nisi
928 745 1100 800 Filius
1121 783 1136 809 ,
1167 749 1264 796 aut
1289 738 1488 795 donum
1521 731 1666 803 quod
1701 744 1808 784 non
1831 725 2031 782 dicitur
2055 719 2158 776 nisi

490 821 508 910 ξ
574 845 808 915 Spiritus
834 849 1092 900 sanctus:
1121 844 1345 909 propter
1373 829 1519 903 quod
1548 827 1714 883 etiam
1754 817 2017 893 pluralem
2057 830 2161 868 nu-

572 911 786 995 merun.
818 932 1144 994 admittunt,
1181 927 1322 983 sicut
1348 924 1403 979 iu
1426 915 1721 988 Evangelio
1750 911 2011 980 scriptum
2037 912 2160 970 est,

574 1030 690 1101 Ego
725 1036 773 1083 et
808 1024 975 1080 Pater
1006 1036 1171 1076 unum
1202 1031 1385 1072 sumus
1413 1009 1615 1084 (Joan.
1645 1022 1709 1069 x,
1738 1003 1807 1058 '50
1828 1001 1869 1073 ).
1900 999 1968 1054 Et
1994 1009 2164 1052 unum

573 1124 713 1180 dixit
735 1163 751 1189 ,
781 1129 837 1176 et
865 1131 1073 1173 sumus.
1106 1109 1313 1173 Unum,
1342 1103 1635 1162 secundum
1661 1094 1953 1154 essentiam
1974 1131 1988 1156 ,
2023 1085 2166 1158 quod

572 1219 718 1274 idem
751 1217 934 1279 Deus;
967 1222 1148 1265 sumus
1171 1245 1184 1270 ,
1217 1200 1514 1258 secundum
1545 1192 1827 1251 relativum
1849 1228 1864 1252 ,
1892 1183 2036 1254 quod
2078 1179 2167 1234 ille

573 1269 779 1374 Pater,—
809 1269 903 1360 hic
923 1269 1129 1356 'Filius.
1161 1315 1180 1349 ι
1210 1293 1279 1349 Et
1309 1291 1366 1346 in
1396 1287 1537 1344 libro
1569 1282 1780 1340 decimo
1826 1276 2015 1348 quinto
2047 1269 2162 1343 (lib.

573 1418 644 1457 xv
678 1401 741 1455 de
766 1397 943 1461 Trin.,
966 1410 1013 1446 c.
1040 1388 1138 1460 17)
1167 1405 1180 1442 :
1211 1383 1451 1456 Spiritus
1479 1390 1696 1449 quoque
1726 1377 1946 1428 sanctus
1973 1377 2166 1420 secun-

575 1499 706 1554 dum
749 1489 1062 1560 Scripturas
1101 1487 1351 1544 sanctas,
1382 1489 1483 1530 nec
1521 1467 1703 1526 Patris
1726 1472 1810 1520 est
1837 1459 2035 1521 solius,
2067 1467 2168 1509 nec

573 1588 700 1646 Filii
731 1584 898 1642 solius
919 1621 936 1647 ,
963 1578 1057 1635 sed
1081 1574 1366 1630 amborum
1387 1610 1401 1636 ,
1428 1575 1482 1623 et
1509 1565 1630 1620 ideo
1656 1567 1999 1616 communem
2019 1591 2034 1617 ,
2062 1563 2168 1618 qua

576 1696 638 1742 se
666 1677 900 1735 invicem
922 1641 1168 1739 diligunt
1203 1664 1368 1720 Pater
1395 1667 1454 1714 et
1479 1655 1687 1718 Filius,
1730 1647 1889 1705 nobis
1931 1641 2170 1699 insinuat

577 1769 925 1827 charitatem.
958 1735 1200 1818 Et'sicut
1229 1751 1498 1825 sapientia
1528 1757 1584 1804 et
1622 1745 1786 1800 Pater
1822 1746 1878 1795 et
1912 1735 2085 1792 Filius
2115 1738 2171 1787 et

2257 536 2533 608 estigitur
2559 535 2702 589 inter
2727 546 2822 588 eos
2852 531 2909 586 in
2937 543 2996 586 re
3021 527 3168 585 omni
3201 525 3491 582 differentia
3514 541 3665 596 quare
3681 528 3781 584 sub-

2260 635 2428 690 iutret
2468 641 2745 693 numerus,
2788 639 2950 695 quem
2997 637 3064 677 ex
3107 617 3466 690 subiectorum
3520 617 3783 674 diversitate

2260 725 2456 784 confici
2487 721 2734 792 superius
2761 717 3108 789 explanatum
3139 722 3243 770 est.
3269 711 3336 767 Et
3359 711 3460 767 hoc
3486 710 3613 767 idem
3638 709 3784 768 Domi-

2261 838 2367 879 nus
2409 821 2745 876 demonstrat
2789 814 2844 869 in
2889 808 3202 881 Evangelio,
3246 806 3390 878 quod
3417 806 3510 861 sub
3536 805 3628 861 hoc
3655 819 3787 861 sensu

2265 914 2693 969 traduntomnes
2727 909 2975 963 doctores
3004 899 3279 965 catholici,
3327 914 3446 956 cum
3478 897 3686 954 dicitur:
3708 896 3789 967 Ite,

2263 1009 2442 1063 docete
2487 1020 2664 1059 omnes
2709 1011 2908 1073 gentes,
2937 998 3258 1069 baptizantes
3284 1010 3370 1048 eos
3413 991 3467 1047 in
3504 990 3686 1047 nomine
3707 988 3795 1046 Pa-

2265 1102 2382 1166 tris,
2418 1109 2465 1153 et
2505 1095 2657 1160 Filii,
2695 1103 2744 1149 et
2781 1090 3009 1163 Spiritus
3040 1088 3212 1145 sancti
3236 1085 3447 1156 (Matth.
3492 1099 3669 1151 xxvui,
3706 1083 3794 1155 l9).

2267 1193 2386 1249 Non
2415 1191 2545 1248 dicit
2570 1191 2627 1244 in
2663 1185 2980 1250 nominibus,
3021 1182 3117 1238 sed
3145 1183 3203 1236 in
3243 1179 3470 1244 nomine,
3515 1177 3632 1249 quia
3664 1194 3796 1232 unum

2269 1302 2466 1342 nomen
2509 1283 2670 1338 unius
2712 1279 2808 1335 Dei
2850 1286 2970 1345 est,
3020 1276 3184 1332 Pater
3221 1283 3276 1332 et
3316 1273 3485 1330 Filius
3515 1281 3566 1328 et
3605 1271 3800 1342 Spiritus

2269 1391 2510 1445 sanctus,
2539 1379 2606 1434 de
2650 1392 2758 1446 quo
2789 1373 3053 1444 scriptum
3079 1379 3164 1426 est
3195 1389 3208 1424 ;
3237 1369 3404 1436 Audi,
3445 1365 3626 1433 Israel,
3657 1365 3802 1420 Domi-

2269 1495 2367 1533 nus
2385 1476 2538 1530 -Deus
2568 1483 2710 1538 tuus,
2738 1467 2881 1524 Deus
2930 1484 3064 1522 unus
3105 1475 3179 1522 est
3202 1464 3384 1534 (Deut.
3410 1479 3481 1527 γι,
3509 1461 3581 1532 5).
3607 1461 3804 1530 Quapro-

2269 1577 2392 1641 pter
2417 1574 2474 1622 et
2500 1564 2546 1620 si
2571 1570 2749 1634 potest
2788 1559 2895 1616 dici
2925 1558 2980 1615 in
3001 1557 3250 1629 personis
3277 1557 3421 1612 Deus
3462 1554 3642 1618 trinus,
3683 1552 3803 1621 quasi

2270 1656 2668 1733 quodammodo
2718 1661 2804 1709 ter
2854 1665 3018 1718 unus,
3078 1649 3206 1721 quia
3248 1647 3414 1704 Pater
3469 1645 3623 1710 Deus,
3671 1641 3804 1697 Filius

2273 1748 2744 1821 Deus,'Spiritus
2793 1752 3016 1802 sanctus
3074 1743 3248 1809 Deus,
3295 1740 3458 1796 unius
3507 1736 3804 1806 ejusdemque

579 1861 821 1934 Spiritus
842 1862 1064 1914 sanctus
1085 1851 1303 1913 dieitur.
1329 1853 1384 1901 6'-
1403 1840 1564 1934 δίωυ]
1586 1851 1776 1934 om“?
1800 1848 1906 1934 {‘0“
1930 1823 2165 1934 mfﬁed
2195 1835 2244 1897 Β
2271 1845 2521 1903 essentia:
2549 1841 2788 1906 deitatis,
2827 1853 2951 1910 qua:
2991 1846 3076 1894 est
3115 1836 3300 1892 unitas
3342 1831 3612 1897 trinitatis,
3648 1840 3741 1886 tota
3765 1828 3805 1883 in

579 1917 687 2012 una
709 1949 1005 2024 sapientia:
1030 1947 1105 2001 ita
1124 1939 1442 1999 et'charitas
1457 1943 1513 1992 et
1529 1931 1693 1988 Pater
1715 1927 1914 1984 dicitur
1927 1933 1981 1978 et
1998 1917 2169 1974 Filius

579 2060 636 2106 et
658 2045 896 2118 Spiritus
916 2048 1161 2103 sanctus,
1183 2043 1239 2089 et
1261 2029 1424 2089 simul
1449 2040 1638 2083 omnes
1663 2037 1768 2077 una
1793 2015 2032 2074 charitas
2053 2027 2066 2063 :
2091 2007 2170 2064 sic

579 2111 729 2196 enim
751 2135 914 2192 Pater
939 2133 1102 2194 Deus,
1133 2137 1189 2183 et
1215 2123 1386 2180 Filius
1408 2121 1574 2184 Deus,
1595 2127 1652 2172 et
1680 2111 1920 2184 Spiritus
1947 2111 2169 2161 sanctus

580 2233 758 2296 Dens,
787 2238 842 2284 et
869 2223 1033 2282 simul
1059 2232 1251 2278 omnes
1281 2230 1422 2271 unus
1452 2214 1616 2267 Deus.
1649 2227 1667 2260 ι
1694 2204 1849 2260 Unde
1879 2209 1934 2255 et
1960 2199 2170 2264 insepa-

581 2322 777 2381 rabilis
809 2327 930 2384 est,
961 2316 1127 2373 etiam
1162 2312 1218 2366 in
1248 2306 1516 2381 personis,
1537 2310 1722 2358 sancta
1747 2293 1986 2350 Trinitas
2009 2303 2171 2344 sensu

582 2411 957 2486 intelligenda.
1002 2409 1070 2463 Et
1109 2404 1202 2475 qui
1243 2400 1385 2457 hanc
1420 2389 1802 2468 etymologiam
1847 2388 1900 2442 in
1941 2393 2172 2456 persona

583 2477 930 2566 mendaciter
966 2495 1274 2560 adinvenit,
1309 2491 1449 2547 forte
1472 2497 1532 2543 ut
1561 2485 1696 2540 solet
1716 2494 1882 2553 prave
1911 2477 2174 2544 inlerpre-

583 2600 792 2656 tabitur
820 2594 988 2652 verba
1018 2589 1194 2646 Boetii
1214 2627 1228 2653 ,
1259 2582 1490 2642 dicentis
1521 2580 1573 2633 in
1602 2578 1741 2631 libro
1768 2573 1834 2628 de
1865 2567 2132 2624 Trinitate
2158 2583 2170 2618 :

510 2762 512 2765 ι
590 2713 610 2747 ι
645 2692 705 2747 In
730 2704 948 2753 rerum,
980 2681 1190 2755 inquit,
1227 2690 1455 2732 numero
1487 2687 1596 2726 non
1635 2667 1765 2723 facit
1806 2659 2176 2736 pluralitatem

586 2787 859 2842 unitatum
900 2751 1174 2850 repetitio.
1205 2769 1364 2826 Velut
1392 2769 1436 2823 si
1469 2766 1534 2821 de
1579 2763 1770 2818 eodem
1809 2757 2021 2821 dicam,
2064 2751 2177 2822 gla-

586 2879 707 2934 dius
747 2888 920 2939 unus,
963 2883 1152 2924 mucro
1192 2878 1367 2927 unus,
1412 2857 1559 2912 ensis
1602 2867 1784 2919 unus;
1824 2849 1971 2904 velut
2012 2845 2058 2902 si
2098 2843 2179 2897 di-

587 2985 746 3033 cam,
787 2964 915 3029 Sol,
959 2959 1070 3026 sol,
1112 2955 1225 3022 sol,
1269 2969 1378 3007 non
1421 2959 1530 3004 tres
1571 2944 1713 3002 soles
1753 2939 2056 3003 effecerim,
2085 2933 2180 2991 sed

589 3061 658 3117 de
693 3030 799 3114 uno
829 3053 992 3110 toties
1021 3049 1369 3123 prmdicatur.
1405 3041 1522 3097 Non
1559 3039 1724 3111 igitur
1764 3034 1808 3090 si
1835 3034 1899 3089 de
1925 3030 2088 3086 Patre
2118 3042 2181 3082 ac

591 3151 730 3208 Filio
780 3157 838 3204 et
884 3122 1095 3216 Spiritu
1150 3146 1340 3196 sancto
1397 3133 1556 3190 tertio
1612 3129 1942 3210 praedicatur
1996 3122 2178 3185 Deus,

2272 1937 2522 2011 singulis,
2553 1943 2662 1991 tota
2709 1934 2764 1988 in
2798 1931 2972 1987 tribus
3022 1928 3181 1986 simul
3225 1926 3474 2000 personis
3503 1943 3516 1980 :
3543 1939 3642 1980 non
3666 1930 3806 1976 tamen

2271 2039 2458 2106 potest
2503 2025 2770 2085 catliolice
2811 2023 2916 2080 dici
2971 2022 3147 2084 deitas
3196 2020 3368 2088 trina,
3411 2016 3561 2090 quasi
3605 2025 3678 2073 ter
3708 2027 3806 2078 una,

2274 2103 2400 2196 quia
2433 2137 2542 2177 una
2569 2129 2625 2176 et
2654 2117 2946 2173 indiscreta
2986 2122 3183 2170 natura
3212 2111 3399 2168 Patris
3425 2119 3480 2167 et
3502 2107 3620 2164 Filii
3649 2113 3697 2162 et
3717 2103 3810 2173 Spi-

2273 2217 2412 2272 ritus
2440 2211 2614 2269 sancti
2647 2225 2756 2266 non
2781 2217 2865 2264 est
2893 2219 3071 2274 terna,
3098 2203 3185 2262 vel
3221 2203 3391 2270 trina,
3422 2202 3534 2258 sive
3561 2209 3637 2256 ter
3661 2211 3750 2253 una
3770 2193 3810 2251 in

2273 2309 2520 2384 singulis,
2548 2323 2654 2364 non
2681 2313 2765 2363 est
2792 2315 2967 2372 terna,
2992 2302 3076 2358 vel
3101 2301 3268 2367 trina,
3308 2315 3405 2357 seu
3431 2307 3512 2355 ter
3535 2311 3634 2352 una
3670 2291 3714 2350 in
3739 2289 3812 2346 tri-

2272 2403 2394 2469 bus,
2426 2399 2520 2457 sed
2548 2414 2654 2454 una
2694 2405 2750 2453 et
2791 2395 3002 2461 eadem,
3051 2401 3165 2449 tota
3208 2391 3370 2462 plena
3419 2398 3576 2459 atque
3622 2386 3813 2457 perfecta

2277 2510 2494 2566 semper
2540 2493 2598 2560 in
2644 2488 2894 2561 singulis,
2951 2493 3066 2543 tota
3119 2483 3278 2556 plena
3328 2492 3492 2552 atque
3536 2478 3743 2552 perfecta
3775 2475 3814 2529 in

2278 2588 2452 2642 tribus
2507 2581 2668 2638 simul
2710 2577 2981 2652 personis,
3033 2591 3154 2647 quae
3197 2577 3254 2631 in
3308 2589 3369 2630 se
3417 2588 3524 2630 non
3566 2570 3709 2625 habet
3745 2581 3816 2620 nu-

2278 2693 2513 2744 merum,
2545 2692 2647 2732 nec
2673 2676 2727 2730 in
2772 2673 3043 2746 personis,
3075 2671 3128 2726 in
3161 2671 3363 2742 quibus
3410 2667 3622 2724 relative
3664 2662 3817 2718 dicitur

2279 2771 2540 2835 Trinitas,
2573 2768 2810 2840 aliquam
2842 2764 3225 2837 differentiam.
3261 2763 3431 2818 Trina
3472 2760 3656 2831 quippe
3676 2765 3723 2812 et
3749 2755 3818 2808 tri-

2280 2867 2426 2922 nitas
2449 2863 2652 2920 habent
2672 2859 2757 2917 vel
2785 2874 3046 2916 numerus
3076 2867 3224 2923 sunt,
3257 2867 3322 2913 ut
3367 2855 3611 2928 superius
3635 2848 3818 2908 catholi-

2282 2970 2472 3013 corum
2515 2951 2698 3008 verbis
2739 2949 3096 3006 ostendimus.
3140 2945 3300 3003 Unde
3343 2962 3468 3002 cum
3511 2954 3590 2999 ter
3623 2949 3818 2997 sanctum

2282 3049 2546 3122 hymnum
2588 3042 2890 3107 offerimus,
2939 3051 3131 3112 terque
3171 3039 3572 3096 coadorandam
3619 3033 3822 3090 deitatem

2286 3160 2410 3200 cum
2453 3140 2704 3213 supernis
2747 3146 2802 3194 et
2842 3135 3158 3194 coelestibus
3186 3133 3485 3190 virtutibus
3513 3123 3823 3200 conglorilica-

591 3243 800 3299 idcirco
847 3237 991 3294 trina
1035 3229 1358 3306 praedicatio
1402 3238 1690 3282 numerum
1735 3219 1883 3274 facit.
1919 3214 1986 3270 Et
2012 3222 2071 3270 ut
2118 3211 2186 3266 de
2213 3218 2260 3284 α
2291 3253 2430 3304 mus.
2463 3211 2703 3291 (“gemes
2726 3232 2982 3298 Sanctus,
3016 3229 3274 3296 Sanctus,
3320 3225 3570 3291 Sanctus,
3599 3211 3825 3288 subsequi_

590 3350 824 3412 persona
851 3329 1169 3403 compilavit
1197 3326 1324 3398 quia
1360 3322 1528 3387 dicit,
1562 3338 1581 3370 ι
1613 3316 1770 3374 Sicut
1801 3314 1943 3369 Deus
1988 3307 2188 3364 dicitur

591 3400 772 3485 irinus
799 3434 855 3482 et
887 3400 1061 3488 unus,
1092 3420 1170 3475 ita
1202 3418 1375 3474 deitas
1403 3415 1566 3470 debet
1595 3418 1651 3465 et
1679 3406 1824 3463 valet
1854 3402 1963 3459 dici
1991 3400 2186 3457 catho-

593 3524 698 3580 lice
733 3522 875 3577 trina
897 3528 953 3576 ct
993 3532 1123 3572 una.
1158 3534 1176 3567 ι
1205 3512 1370 3570 Forte
1413 3509 1560 3565 dicet
1588 3524 1600 3560 :
1640 3504 1766 3560 Ideo
1800 3499 1998 3556 dicitur
2045 3494 2190 3550 Deus

597 3616 814 3679 trinus,
844 3610 1003 3683 quasi
1033 3619 1117 3664 ter
1154 3621 1294 3664 unus
1315 3647 1330 3671 ,
1365 3612 1422 3659 et
1457 3600 1658 3657 dicitur
1701 3593 1878 3650 deitas
1917 3591 2094 3655 trina,
2136 3586 2192 3642 id

597 3717 683 3765 est
713 3715 798 3762 ter
827 3678 954 3759 una.
986 3700 1190 3757 Contra
1216 3711 1376 3768 quem
1406 3693 1532 3748 hinc
1558 3699 1613 3744 et
1641 3702 1700 3744 se
1725 3695 1780 3742 et
1809 3699 1907 3740 nos
1938 3678 2194 3738 defendat

599 3795 821 3854 Boetius
875 3794 994 3851 sine
1043 3791 1191 3847 nulla
1230 3783 1645 3858 interpositione
1673 3779 2012 3846 subsequens
2067 3786 2192 3827 cum

603 3889 776 3945 dicit:
811 3906 829 3938 ι
863 3883 982 3940 Non
1021 3882 1186 3955 igitur
1231 3880 1276 3936 si
1319 3879 1384 3933 de
1426 3874 1587 3929 Patre
1628 3887 1692 3926 ac
1729 3867 1866 3926 Filio
1896 3875 1951 3922 et
1980 3863 2190 3936 Spiritu

604 3990 796 4038 sancto
849 3979 1008 4034 tertio
1044 3973 1372 4048 praedicatur
1416 3968 1596 4033 Deus,
1631 3963 1835 4020 idcirco
1879 3958 2022 4014 trina
2051 3970 2192 4028 prte-

606 4075 808 4130 dicatio
834 4085 1122 4128 numerum
1155 4066 1304 4122 facit.
1341 4063 1455 4120 Hoc
1480 4061 1626 4119 enim
1658 4058 1766 4114 illis
1786 4098 1800 4125 ,
1832 4053 1994 4128 535
2026 4059 2086 4108 ut
2111 4051 2194 4106 di-

606 4177 753 4224 ctum
777 4175 878 4233 est,
907 4162 1179 4227 imminet,
1221 4158 1316 4229 qui
1346 4157 1486 4212 inter
1520 4170 1615 4210 eos
1643 4150 1960 4207 distantiam
1993 4142 2200 4198 faciunt

606 4258 949 4316 meritorum.
985 4273 1005 4306 ›
1038 4253 1101 4308 Et
1141 4251 1300 4322 paulo
1351 4245 1601 4317 superius
1631 4261 1644 4298 :
1680 4261 1698 4295 ‹
1742 4241 1845 4297 Ubi
1889 4252 2022 4292 vero
2051 4233 2197 4288 nulla

608 4361 690 4408 est
716 4347 1042 4413 differentia,
1080 4342 1227 4400 nulla
1266 4352 1351 4397 est
1383 4340 1607 4397 omnino
1649 4334 1975 4407 pluralitas,
2023 4343 2195 4400 quare

609 4459 712 4499 nec
739 4437 1020 4506 numerus,
1047 4437 1212 4509 igitur
1234 4434 1414 4491 unitas
1444 4440 1676 4487 tantum.
1718 4447 1735 4479 ι
1765 4425 1899 4480 Nam
1926 4422 2070 4495 quod
2101 4432 2200 4476 ter-

611 4537 690 4591 tio
735 4534 999 4605 repetitur
1038 4530 1182 4586 Deus
1231 4543 1354 4584 cum
1393 4525 1554 4581 Pater
1593 4530 1648 4578 et
1679 4519 1848 4576 Filius
1878 4527 1934 4572 et
1966 4515 2200 4586 Spiritus

2290 3351 2414 3392 mur
2461 3331 2719 3388 Dominus
2762 3328 2907 3382 Deus
2954 3324 3200 3390 sabaoth,
3244 3338 3357 3378 non
3410 3317 3614 3376 Domini
3648 3313 3728 3369 Dei
3764 3323 3826 3364 sa'

2288 3427 2476 3492 baoth,
2503 3433 2559 3482 et
2591 3441 2607 3480 :
2638 3422 2792 3478 Pleni
2822 3428 2952 3477 sunt
2978 3419 3100 3475 coeli
3150 3427 3205 3473 et
3237 3425 3386 3473 terra
3428 3413 3594 3488 gloria
3631 3418 3726 3468 tua,
3743 3417 3828 3458 non

2242 3557 2247 3561 -
2290 3520 2462 3595 gloria
2486 3525 2689 3583 vestra,
2719 3516 2884 3572 corde
2909 3514 3198 3571 credentes
3225 3511 3297 3568 ad
3319 3509 3604 3580 justitiam,
3631 3517 3714 3559 ore
3733 3511 3828 3554 oon-

2292 3617 2509 3672 fitentes
2533 3615 2601 3670 ad
2644 3611 2876 3668 salutem
2918 3617 3224 3665 cantamus.
3275 3605 3372 3663 Sic
3421 3602 3565 3660 enim
3609 3595 3750 3656 sentit
3790 3595 3829 3644 et

2292 3707 2516 3780 scripsit
2568 3704 2860 3778 Dionysius
2895 3702 3274 3773 Areopagites,
3307 3708 3364 3756 et
3414 3695 3725 3770 Cyprianus;
3773 3684 3829 3740 sic

2293 3799 2526 3856 Basilius
2569 3796 2946 3868 Cappadocus,
3007 3794 3089 3850 sic
3145 3791 3448 3862 Gregorius
3494 3787 3828 3845 Nazianzenus,

2295 3893 2375 3950 sic
2396 3890 2694 3962 Gregorius
2723 3886 3034 3960 Nyssensis,
3064 3885 3145 3942 sic
3169 3884 3413 3942 Joannes
3439 3875 3832 3942 Constantinopo-

2295 3987 2519 4053 litanus,
2543 3985 2623 4042 sic
2657 3983 2977 4038 Timotheus
3005 3990 3061 4038 et
3100 3979 3340 4052 Cyrillus
3379 3970 3713 4034 Alexandrini
3746 3963 3832 4036 epi-

2298 4081 2446 4153 scopi
2472 4097 2486 4148 ;
2518 4079 2599 4136 sic
2625 4077 2959 4150 Epiphanius
2981 4075 3237 4148 Cyprius,
3269 4075 3351 4131 sic
3379 4072 3609 4128 Hilarius
3633 4063 3833 4153 etiAugu-

2300 4174 2494 4239 stinus,
2528 4171 2608 4227 sic
2632 4169 2996 4240 Hieronymus
3025 4173 3079 4222 et
3105 4163 3271 4237 526
3296 4164 3565 4235 Prosper;
3593 4158 3665 4216 sic
3685 4152 3774 4211 Leo
3795 4152 3835 4203 Cl

2302 4270 2524 4320 sanctus
2551 4257 2847 4331 Gregorius
2887 4255 3118 4312 Romani
3150 4255 3459 4326 pontifices,
3497 4259 3550 4309 et
3587 4248 3714 4305 Beda
3748 4254 3834 4300 ma-

2303 4357 2474 4428 gister
2501 4351 2773 4424 egregius,
2818 4363 3052 4420 quorum
3082 4347 3265 4402 omnia
3309 4362 3433 4402 cum
3469 4339 3757 4416 quibusdam
3779 4341 3835 4385 ιε’

2305 4445 2582 4510 stimonia,
2611 4456 2732 4513 qua:
2756 4455 2825 4495 ex
2850 4454 3038 4496 eorum
3075 4436 3229 4492 libris
3273 4447 3586 4508 poteramus
3622 4428 3834 4498 colligere,

2308 4540 2398 4594 hic
2437 4545 2660 4609 prOpter
2693 4530 3154 4603 multiplicitatem
3182 4541 3239 4585 et
3265 4526 3679 4602 magnitudinem
3712 4514 3838 4574 volui-

612 4635 833 4681 sanctus
879 4630 1244 4694 nuncupatur,
1274 4629 1383 4674 tres
1433 4617 1670 4672 unitates
1705 4629 1813 4669 non
1852 4609 2060 4667 faciunt
2086 4607 2204 4681 plu~
2233 4601 2285 4663 Ι)
2312 4601 2456 4688 mus'
2476 4601 2760 4692 adnotare,
2785 4601 3348 4692 Omisimusﬁciemw
3372 4601 3515 4695 ΨΜ
3560 4617 3734 4690 quibus
3767 4612 3837 4666 is”

614 4716 888 4773 ralitatem
913 4715 1127 4771 numeri
1159 4716 1212 4768 in
1248 4727 1313 4768 eo
1352 4709 1497 4782 quod
1546 4707 1677 4780 ipsa:
1723 4713 1871 4771 sunt,
1921 4703 1976 4759 id
2025 4711 2109 4758 est
2147 4701 2204 4755 in

614 4809 854 4875 deitate,
895 4809 1036 4865 sicut
1093 4804 1319 4862 inferius
1375 4801 1534 4874 paulo
1584 4801 1920 4856 demonstrat
1971 4795 2202 4850 dicens:

615 4901 909 4959 Catholicis
936 4915 1066 4956 vero
1098 4897 1234 4955 nihil
1281 4898 1334 4953 in
1381 4893 1684 4952 differentia
1731 4887 2206 4952 constituentibus,

617 4995 903 5067 ipsamque
947 4993 1179 5050 formam
1226 5000 1287 5046 ut
1339 4999 1423 5045 est
1468 5002 1590 5044 esse
1629 4973 1986 5057 ponentibus,
2035 4994 2209 5051 neque

619 5089 767 5146 aliud
796 5103 917 5145 esse
945 5101 1108 5158 quam
1141 5092 1225 5173 est
1272 5083 1450 5154 ipsum
1505 5078 1646 5151 quod
1705 5085 1787 5133 est
1841 5073 2207 5146 opinantibus,

618 5197 770 5245 recte
801 5184 1051 5256 repetitio
1099 5169 1390 5237 de'eodem
1438 5191 1603 5248 quam
1645 5171 1984 5230 enumeratio
2014 5169 2212 5225 diversi

620 5284 837 5337 videtur
865 5293 988 5336 esse
1022 5291 1144 5333 cum
1193 5275 1411 5340 dicitur,
1449 5271 1592 5327 Deus
1631 5268 1811 5334 Pater,
1847 5268 1989 5324 Deus
2019 5267 2206 5331 Filius,

624 5377 769 5432 Deus
820 5372 1052 5444 Spiritus
1099 5377 1338 5434 sanctus,
1395 5374 1558 5437 atque
1617 5364 1733 5419 lucc
1781 5362 2019 5419 Trinitas
2075 5375 2213 5416 unus

624 5468 792 5534 Deus,
843 5466 989 5522 velut
1040 5463 1205 5527 ensis,
1259 5470 1418 5531 atque
1470 5473 1677 5524 mucro,
1720 5465 1775 5512 ct
1815 5455 2044 5527 gladius,
2074 5471 2214 5511 unus

629 5559 858 5630 gladius,
889 5557 1033 5613 velut
1079 5555 1181 5622 sol,
1229 5553 1331 5621 sol,
1361 5553 1464 5619 sol,
1501 5568 1640 5607 unus
1671 5549 1772 5607 sol.
1822 5547 1938 5604 Non
1987 5563 2118 5606 vero
2145 5550 2218 5604 ita

631 5651 828 5707 dicitur
877 5650 1037 5705 Pater
1091 5659 1144 5705 et
1196 5646 1365 5704 Filius
1417 5655 1472 5702 et
1500 5644 1732 5716 Spiritus
1779 5651 2019 5712 sanctus,
2065 5642 2222 5714 quasi

630 5741 982 5798 multivocum
1018 5740 1297 5813 quiddam.
1327 5740 1464 5794 Nam
1493 5757 1704 5806 mucro,
1738 5749 1794 5795 et
1826 5739 1992 5805 ensis,
2027 5747 2083 5793 et
2111 5737 2249 5810 gla-.

641 5834 777 5900 dius,
823 5841 878 5890 ct
928 5833 1044 5902 ipsc
1091 5842 1174 5889 est
1214 5843 1270 5888 et
1315 5834 1456 5888 idem
1481 5875 1495 5900 ,
1530 5833 1691 5888 Pater
1728 5850 1856 5890 vero
1887 5851 1950 5891 ac
1981 5834 2148 5891 Filius
2173 5842 2227 5890 et

2315 4741 2422 4781 non
2471 4721 2802 4786 suffecerint,
2843 4734 2943 4777 nec
2985 4719 3140 4792 plura
3192 4720 3512 4790 proderunt.
3556 4716 3621 4771 Et
3664 4725 3753 4768 non
3781 4711 3839 4760 est

2315 4817 2540 4880 mirum,
2572 4814 2619 4870 si
2644 4814 2774 4868 talia
2803 4821 2865 4868 ut
2893 4812 3256 4883 praemisimus
3279 4811 3438 4877 dicit,
3471 4810 3562 4883 qui
3590 4807 3654 4863 ab
3676 4806 3839 4861 ineunte

2318 4917 2479 4962 {etate
2505 4919 2724 4976 semper
2766 4919 2958 4960 vocum
2991 4904 3258 4959 novitates
3299 4901 3608 4973 exquisivit,
3631 4906 3681 4953 et
3711 4891 3840 4950 adhuc

2320 5015 2533 5070 semper
2574 4997 2821 5069 inquirit,
2872 5006 3139 5068 quatenus
3183 4996 3309 5050 talia
3357 4997 3543 5052 dicens
3582 5006 3691 5064 quae
3726 4996 3841 5042 nemo

2319 5091 2467 5146 aliud
2507 5090 2661 5156 dicit,
2692 5087 2960 5145 innotesci
2991 5098 3044 5144 et
3074 5089 3119 5145 si
3151 5104 3258 5145 non
3288 5087 3358 5144 de
3385 5087 3542 5144 bonis
3569 5084 3645 5140 vel
3666 5072 3726 5138 de
3751 5087 3840 5148 μεε-

2319 5186 2474 5243 simis
2501 5184 2693 5257 possit.
2736 5182 2874 5239 Nam
2911 5188 2970 5240 et
3006 5183 3148 5239 inter
3177 5181 3281 5237 alia
3322 5180 3578 5238 haeretica
3617 5190 3702 5234 sua
3737 5171 3842 5227 dicta

2321 5279 2439 5334 haec
2469 5277 2600 5333 dicit
2629 5290 2644 5330 :

3049 5344 3211 5404 XVII.

2401 5477 2462 5518 ἐ-
2499 5481 2517 5514 ί
2554 5461 2800 5529 Quando,
2849 5459 3109 5533 inquiens,
3156 5459 3472 5537 singillatim
3524 5453 3761 5527 loquimur
3794 5437 3842 5495 ad

2333 5574 2352 5607 ι
2397 5567 2833 5623 unamquamque
2865 5566 2929 5608 ex
2981 5549 3247 5608 Trinitate
3283 5564 3602 5621 personam,
3631 5557 3721 5599 non
3751 5541 3844 5589 tunc

2335 5667 2353 5700 ι
2398 5662 2623 5718 prorsus
2651 5646 2718 5702 ad
2741 5654 2910 5702 totam
2933 5641 3259 5701 Trinitatem
3287 5643 3575 5716 loquimur.
3597 5630 3734 5694 Verbi
3755 5635 3843 5695 gm‘

2339 5761 2358 5794 ι
2407 5742 2499 5807 tia,
2531 5739 2642 5796 Deo
2669 5738 2815 5795 Patri
2849 5738 3038 5811 utique
3063 5735 3254 5794 lumini
3297 5715 3529 5793 dicimus
3558 5749 3573 5788 :
3598 5729 3656 5784 In
3698 5715 3845 5777 Iuntina

2340 5852 2357 5886 t
2407 5845 2495 5889 tuo
2525 5832 2808 5890 videbimus
2834 5810 3036 5900 lumen,
3065 5831 3169 5890 hoc
3190 5842 3274 5890 est
3300 5828 3357 5886 in
3398 5828 3506 5885 filio
3539 5835 3623 5881 tuo
3646 5810 3848 5888 Spiritum
