4026 6340
233 302 341 365 589

1262 311 1352 369 DE
1397 311 1535 371 UNA
1572 313 1663 370 ΕΤ
1703 312 1843 371 NON
1890 317 2103 375 TRINA
2139 322 2458 386 DEITATE.

3421 345 3527 405 590

236 442 255 476 ι
299 430 571 479 sanctum.
604 422 738 479 Item
759 420 898 481 Filio
923 442 937 481 ε
966 423 1131 482 Unzit
1153 436 1203 483 te
1224 427 1547 495 Deus,Deus
1571 441 1692 486 tuus
1714 431 1826 486 oleo
1853 434 1909 495 Α
1932 443 2136 491 sanctae
2159 441 2320 495 modo
2362 442 2428 497 de
2456 442 2614 501 Patre
2644 455 2852 503 tantum
2894 449 3207 522 loquuntur,
3232 464 3324 512 ιιι-ε
3351 459 3523 526 Quam

232 537 252 573 ι
298 517 518 575 Ιωιίιίω.
562 519 698 576 Item
734 518 959 591 Spiritui
998 530 1223 578 sancto:
1266 522 1423 580 Nunc
1461 534 1647 580 sancte
1679 525 1827 581 nobis

232 630 252 664 ο
299 611 561 683 Spiritus,
584 630 722 668 unus
745 610 927 670 Patris
941 631 1061 670 cum
1074 612 1599 689 Filio.‘Quapropter
1611 617 1826 689 quando

230 722 252 756 s
297 704 615 776 singillatim
642 705 885 764 solitarie
908 709 990 765 sic
1009 709 1401 781 supplicamus,
1423 719 1480 767 et
1504 711 1826 783 impetrasse

226 814 249 849 ε
297 810 419 860 nos,
444 796 529 850 vel
554 797 869 877 impetrare,
896 799 984 856 vel
1022 800 1416 872 impetraturos
1461 818 1585 860 esse
1630 819 1824 875 cogno-

221 893 255 939 α·
293 889 524 956 scimus,
556 898 651 945 aut
695 892 982 962 sentimus,
1039 904 1132 952 aut
1173 896 1471 964 credimus,
1508 896 1823 970 suppliciter

221 997 243 1032 ι
286 980 478 1037 eidem
490 997 762 1053 personae,
778 986 865 1042 cui
891 994 1020 1043 tunc
1049 988 1477 1060 supplicavimus
1505 999 1671 1061 atque
1698 1006 1821 1062 sup-

219 1092 241 1126 s
283 1073 578 1146 plicamus,
632 1076 816 1135 dicere
862 1078 1122 1138 debemus
1154 1095 1170 1136 :
1203 1081 1325 1140 Tibi
1355 1082 1469 1140 Deo
1508 1083 1731 1154 gratias,
1763 1091 1819 1139 et

215 1182 239 1216 s
287 1181 419 1221 cum
455 1166 571 1239 ipsa
596 1184 825 1239 persona
861 1172 1075 1245 caeteris
1111 1172 1322 1231 duabus
1370 1175 1616 1246 pariter:
1652 1174 1818 1233 Vobis

214 1273 234 1307 ι
288 1255 407 1315 Deo
452 1259 677 1329 gratias.
715 1260 814 1317 Est
857 1264 1005 1319 enim
1048 1265 1116 1320 de
1151 1265 1330 1322 tribus
1367 1267 1453 1324 his
1483 1270 1732 1339 personis
1758 1270 1816 1325 in

211 1365 232 1399 ι
282 1349 702 1418 pronominibus
724 1361 780 1409 et
805 1355 987 1411 verbis
1015 1357 1116 1412 rite
1140 1357 1424 1428 pluralitas
1447 1360 1811 1433 receptibilis;

210 1453 232 1489 ι
280 1440 432 1510 quod
450 1441 713 1512 probatur
748 1445 839 1501 illa
863 1449 1132 1504 sententia
1159 1448 1337 1509 Patris
1361 1467 1376 1508 :
1402 1440 1693 1510 Faciamus
1717 1455 1814 1512 lio-

206 1549 228 1584 ‹
281 1534 480 1589 minem
502 1537 572 1591 ad
603 1538 886 1611 imaginem
905 1552 956 1597 et
979 1543 1380 1601 similitudinem
1404 1559 1661 1605 nostram.
1692 1547 1809 1605 Non

206 1644 226 1677 ι
274 1626 357 1682 ait
375 1627 596 1699 faciam,
629 1632 758 1705 quia
784 1650 892 1691 non
933 1646 1020 1693 est
1063 1637 1179 1709 ipse
1222 1639 1371 1697 solus
1419 1643 1580 1699 modo
1621 1642 1807 1713 Pater,

199 1738 226 1773 s
268 1721 441 1778 modo
480 1723 674 1795 Filius,
703 1729 868 1785 modo
905 1728 1141 1803 Spiritus
1180 1742 1422 1803 sanctus,
1465 1737 1625 1793 sicuti
1656 1754 1805 1796 som-

1930 528 2269 598 magniﬁcata
2289 544 2407 588 sunt
2425 552 2580 607 Opera
2602 548 2710 602 tua,
2743 530 2961 597 Domine
2979 542 3151 614 (Psal.
3174 562 3282 617 xcr,
3311 548 3388 621 6);
3409 568 3524 608 mo-

1929 617 1999 672 do
2022 626 2229 675 tantum
2260 623 2327 678 de
2355 624 2508 693 Filio,
2533 630 2620 698 qui
2641 640 2723 686 est
2743 632 2835 688 Dei
2849 634 3023 691 virtus
3044 647 3100 693 et
3120 637 3216 694 Dei
3237 617 3519 713 sapientia,

1927 724 2048 779 qua:
2071 709 2241 769 dicit:
2266 713 2466 785 Cyrum
2506 720 2618 775 caeli
2646 723 2864 780 circuiui
2888 726 3001 782 sola
3031 728 3220 799 (Eccli.
3255 709 3402 802 xxiv,
3429 709 3521 807 8);

1925 804 2085 859 modo
2115 805 2181 860 de
2206 805 2409 879 Spiritu
2440 822 2652 879 sancto,
2683 824 2741 870 ut
2767 815 3034 888 :Spiritus
3057 821 3272 879 Domini
3309 804 3527 899 repleuit

1924 896 2098 952 orbem
2124 908 2385 957 terrarum
2412 903 2563 976 (Sap.
2589 920 2628 961 l.
2660 907 2744 981 7);
2773 913 2934 969 modo
2960 914 3025 970 de
3049 915 3211 974 Patre
3233 896 3441 979 tantum
3466 934 3523 981 et
3595 908 3600 912 ”

1920 985 2080 1057 Filio,
2116 1000 2172 1047 ut
2214 993 2406 1051 Omnia
2451 1000 2507 1054 in
2534 1002 2794 1072 sapientia
2819 1005 2993 1076 fecisti
3024 1009 3194 1081 (Psal.
3237 1031 3359 1083 cur,
3388 1017 3481 1090 24)
3500 1037 3521 1087 ;

1919 1089 1992 1181 et,
2019 1084 2161 1153 apud
2183 1092 2233 1140 te
2252 1095 2347 1154 est,
2378 1087 2622 1159 Domine,
2652 1091 2771 1161 fons
2791 1096 2911 1151 vitae
2950 1097 3124 1171 (Psal.
3152 1116 3282 1174 xxv,
3313 1108 3403 1181 l0)
3423 1126 3439 1177 ;

1921 1172 2114 1231 Nonne
2159 1177 2271 1234 Deo
2307 1180 2543 1253 subjecta
2588 1186 2688 1240 erit
2735 1188 2913 1245 anima
2950 1196 3106 1249 mea?
3140 1198 3205 1252 ab
3227 1172 3338 1270 ipso
3377 1172 3518 1259 enim

1918 1266 2159 1325 salutare
2181 1288 2374 1328 meum.
2430 1273 2574 1332 Nam
2597 1289 2645 1333 et
2676 1282 2786 1348 ipse
2807 1282 2951 1340 Deus
2987 1303 3155 1357 meus,
3186 1304 3233 1347 et
3245 1266 3513 1354 salutaris

1915 1374 2062 1451 meus
2103 1359 2278 1434 (Psal.
2318 1380 2429 1433 LXI,
2473 1368 2560 1439 2);
2593 1373 2686 1442 qui
2726 1373 3042 1451 dicit:Ego
3091 1399 3124 1437 a
3171 1382 3338 1443 Patre
3381 1391 3517 1446 exivi

1915 1450 2099 1558 (Joan.
2132 1458 2402 1558 xv1,_‘28);
2434 1470 2525 1558 et:
2555 1465 2599 1518 Α
2637 1466 2747 1523 Deo
2773 1450 3003 1540 processi
3031 1474 3215 1547 (Joan.
3242 1497 3361 1551 vni,
3394 1484 3512 1558 42);

1913 1553 1970 1600 et
1994 1547 2123 1602 item
2154 1549 2389 1617 psalmus
2407 1572 2421 1608 :
2438 1553 2505 1610 In
2530 1556 2642 1612 Deo
2666 1559 2901 1617 salutare
2918 1582 3111 1634 meum,
3136 1579 3183 1623 et
3205 1547 3376 1641 gloria
3398 1547 3515 1632 mea

1914 1633 2085 1736 (Psal.
2109 1655 2221 1736 Lxr,
2240 1641 2327 1715 8);
2354 1645 2492 1701 sicut
2510 1654 2563 1702 et
2584 1648 2699 1719 ipse
2719 1650 2890 1711 Filius
2912 1656 3042 1713 dicit
3065 1633 3227 1733 :Egd
3245 1664 3301 1719 in
3327 1664 3509 1736 Patre,

1910 1737 1960 1782 et
1997 1727 2165 1786 Pater
2197 1734 2253 1788 in
2281 1751 2362 1791 me
2400 1747 2476 1792 est
2523 1738 2702 1811 (Joan.
2735 1759 2792 1810 x,
2839 1747 2964 1818 58);
2998 1758 3073 1805 et:
3106 1727 3221 1824 Εξιο
3267 1765 3317 1810 et
3344 1727 3514 1815 Pater

203 1828 224 1861 ε
277 1811 440 1869 niant
483 1812 798 1876 Sabelliaui.
852 1820 967 1879 Nec
992 1824 1071 1879 ait
1099 1825 1169 1879 ad
1194 1825 1446 1899 imagines
1476 1836 1525 1884 et
1562 1829 1811 1885 similitu-
1836 1816 1887 1879 B
1914 1837 2079 1917 usuin
2105 1841 2287 1917 sumus
2313 1827 2495 1900 (Joan.
2522 1846 2578 1897 ι,
2607 1834 2720 1905 50).
2750 1811 3093 1898 Modo'etiam
3132 1811 3369 1917 Spiritus
3388 1811 3510 1908 ei;

199 1918 222 1955 s
268 1903 426 1960 dines
480 1918 708 1977 nostras,
778 1913 908 1984 quia
966 1931 1075 1972 non
1123 1926 1235 1975 tres
1291 1918 1401 1989 dii,
1446 1935 1548 1977 ceu
1612 1921 1812 1979 latrant

199 2011 220 2045 ι
269 1993 497 2064 Ariani;
524 1999 640 2068 sed,
664 2000 953 2062 Faciamus
985 2007 1054 2063 ad
1081 2008 1374 2082 imaginem
1407 2021 1463 2066 et
1491 2010 1808 2070 similitudi-

199 2103 220 2138 s
268 2102 399 2143 nem
431 2100 675 2148 nostram
710 2113 724 2149 :
760 2096 889 2167 quia
919 2113 1111 2156 revera
1142 2101 1404 2159 Dominus
1436 2103 1581 2160 Deus
1623 2113 1809 2161 noster

197 2195 219 2229 ι
271 2179 453 2237 trinus
476 2191 693 2254 et'nunus
718 2196 821 2255 est,
854 2191 1309 2262 quemadmodum
1334 2195 1562 2251 credunt
1589 2204 1646 2252 et
1672 2211 1805 2253 con-

196 2289 219 2324 ι
270 2272 501 2331 ﬁtentur
530 2280 806 2348 catholici,
850 2282 967 2339 veri
1007 2282 1261 2342 videlicet
1299 2286 1618 2346 Christiani.
1662 2288 1802 2359 Quin

195 2382 217 2416 ι
267 2366 438 2424 etiam
461 2370 529 2425 de
557 2372 769 2431 duabus
795 2390 863 2430 ex
895 2374 1160 2434 Trinitate
1203 2378 1452 2451 personis
1495 2396 1527 2435 a
1562 2380 1675 2438 Deo
1706 2381 1804 2438 Dei

197 2473 218 2507 ι
268 2454 416 2512 Filio
448 2475 712 2519 numerus
740 2463 941 2521 dicitur
962 2465 1207 2538 pluralis,
1237 2467 1352 2542 Ego
1377 2480 1426 2526 et
1460 2471 1619 2528 Pater
1638 2489 1804 2529 unum

194 2568 215 2602 ι
266 2568 479 2609 sumus.
506 2553 595 2621 Et,
621 2554 693 2611 Ut
713 2558 818 2613 sint
842 2576 1028 2629 unum,
1051 2562 1185 2617 sicut
1212 2573 1260 2619 et
1281 2581 1376 2620 nos
1402 2582 1568 2621 unum
1594 2584 1799 2636 sumus,

193 2662 215 2698 ι
264 2654 321 2701 et
356 2655 413 2700 ut
450 2647 551 2720 ipsi
577 2650 635 2705 in
679 2650 827 2707 nobis
859 2653 986 2708 sint.
1014 2652 1154 2712 Hinc
1202 2666 1258 2713 et
1300 2673 1400 2730 ego
1447 2659 1559 2715 dixi
1604 2661 1800 2717 crebro

193 2756 215 2791 ι
264 2737 498 2811 Spiritui
525 2750 715 2800 sancto
739 2742 933 2814 :Veni,
954 2747 1237 2806 benedicte
1262 2749 1429 2817 Deus,
1445 2751 1672 2808 Domine
1694 2752 1796 2807 Pa—

193 2849 214 2883 ι
257 2832 475 2900 raclite,
498 2836 620 2891 veni
651 2837 849 2895 missus
875 2854 905 2895 a
934 2839 1219 2899 benedicte
1241 2842 1353 2899 Deo
1381 2842 1610 2902 Domino
1639 2846 1798 2903 Para-

190 2940 213 2974 ι
260 2924 416 2994 clito,
442 2924 499 2982 in
528 2929 751 2988 nomine
778 2931 1050 2989 benedicti
1074 2932 1169 2991 Dei
1201 2934 1417 2992 Domini
1445 2937 1714 3008 paracliti,
1742 2946 1799 2994 et

191 3037 213 3077 ς
261 3030 325 3076 ut
352 3022 424 3078 sit
446 3038 662 3097 semper
691 3027 872 3084 omnis
900 3030 1095 3097 honor,
1123 3030 1265 3100 laus,
1294 3040 1351 3088 et
1395 3033 1567 3105 gloria
1596 3034 1797 3090 merito

193 3131 211 3164 ι
258 3113 417 3171 vobis
468 3115 756 3176 benedicto
803 3120 917 3177 Deo
956 3120 1186 3179 Domino
1226 3124 1521 3196 paraclito,
1562 3126 1704 3182 trino
1738 3134 1795 3183 et

1913 1913 1988 1970 cti
2022 1914 2231 1973 faciunt
2261 1922 2612 1991 runcationem,
2636 1936 2726 1982 ut:
2765 1924 3053 1989 [uolumine
3090 1913 3191 1993 tuo
3213 1941 3503 2001 videbimus
3562 1984 3567 1987 ε

1912 2004 2089 2062 lumen
2117 2007 2291 2080 (Psal.
2318 2029 2485 2082 xxxv,
2519 2016 2628 2089 l0),
2664 2019 2719 2075 id
2737 2028 2825 2077 est
2850 2023 2903 2078 in
2936 2024 3077 2083 Filio
3121 2036 3212 2086 tuo
3243 2031 3507 2104 Spiritum

1911 2108 2178 2167 sanctum,
2212 2104 2305 2173 qui
2335 2107 2621 2176 aequaliter
2644 2119 2796 2169 totus
2816 2118 3064 2185 procedit
3090 2136 3122 2176 a
3149 2121 3336 2194 Patre,
3362 2136 3507 2186 totus

1908 2194 2155 2263 procedit
2179 2211 2210 2251 a
2238 2196 2401 2267 Filio,
2427 2210 2572 2260 totus
2593 2204 2649 2260 in
2678 2205 2839 2264 Patre
2868 2221 3074 2280 manet,
3108 2223 3361 2289 totusque
3384 2238 3505 2279 ma-

1907 2295 2004 2383 net
2033 2289 2088 2383 in
2116 2290 2275 2360 Filio,
2314 2301 2371 2350 et
2403 2304 2489 2352 est
2514 2298 2799 2356 amborum
2844 2301 3101 2374 Spiritus,
3149 2322 3214 2367 ac
3252 2314 3501 2383 quadam

1906 2378 2083 2438 Patris
2100 2383 2332 2456 Filiique
2358 2392 2690 2448 communio.
2717 2394 2784 2450 Et
2817 2395 2947 2452 item
2970 2399 3027 2454 in
3055 2378 3307 2471 Psalmis,
3331 2414 3502 2464 totam

1908 2484 2155 2532 sanctam
2200 2486 2257 2533 et
2284 2479 2702 2552 inseparabilem
2732 2485 3059 2546 Trinitatem
3107 2492 3421 2566 singillatim
3447 2507 3506 2556 et

1906 2568 2250 2637 apertissime
2294 2571 2621 2631 nominans:
2671 2574 2857 2643 Verbo,
2901 2580 3097 2653 inquit,
3135 2583 3351 2643 Domini
3385 2590 3504 2644 creti

1902 2656 2104 2726 ﬁrmati
2143 2669 2287 2728 sunt,
2317 2673 2367 2717 et
2393 2664 2585 2734 spiritu
2626 2668 2734 2722 oris
2763 2668 2879 2738 ejus
2920 2674 3091 2729 omnis
3113 2675 3277 2732 uirtus
3316 2695 3500 2735 eorum

1901 2749 2077 2821 (Psal.
2110 2768 2282 2819 xxxn,
2330 2754 2407 2830 6).
2439 2755 2542 2812 Hic
2573 2755 2814 2818 Trinitas
2844 2763 3289 2827 manifestissime
3317 2771 3501 2831 decla-

1900 2849 2073 2909 ratur,
2121 2844 2401 2912 Dominus,
2450 2847 2724 2918 Verbum,
2774 2851 3010 2924 Spiritus
3056 2858 3269 2918 Domini
3316 2860 3499 2925 Patris

1899 2944 1955 2992 et
1993 2934 2185 3005 Verbi;
2218 2954 2339 3010 (piae
2371 2949 2481 2996 tota
2511 2942 2751 3002 Trinitas
2781 2963 2920 3005 unus
2963 2960 3047 3007 est
3072 2953 3235 3023 Deus,
3263 2958 3408 3029 quod
3437 2968 3496 3017 et
3577 2945 3583 2951 ”

1899 3026 2163 3086 Dominus
2189 3031 2245 3085 in
2267 3030 2562 3104 Evangelio
2584 3036 2919 3095 demonstrat
2942 3042 3130 3102 dicens
3153 3062 3168 3101 :
3190 3026 3296 3115 Ite,
3316 3050 3490 3123 bapti-

1898 3135 2077 3181 santes
2104 3128 2162 3182 in
2192 3129 2402 3184 nomine
2436 3126 2639 3200 Patris,
2667 3142 2716 3187 et
2765 3131 2900 3190 Filii
2940 3146 2990 3191 et
3040 3135 3271 3211 Spiritus
3320 3146 3496 3201 sancti

190 3220 211 3285 ς
258 3204 378 3271 nn'i,
409 3200 699 3291 vestroque
726 3210 887 3267 simul
924 3212 1215 3271 benedicto
1238 3216 1466 3283 nomini,
1494 3231 1706 3274 necnon
1734 3225 1791 3275 et
1816 3213 1867 3278 Ο
1894 3218 2110 3292 (Matth.
2143 3235 2335 3290 xxvm,
2369 3221 2480 3294 l9).
2512 3221 2572 3278 In
2600 3224 2844 3293 nomine,
2872 3200 3210 3298 inquit,'non
3238 3232 3294 3288 in
3316 3236 3497 3292 nomia

187 3314 209 3351 ι
258 3299 495 3364 numini,
523 3300 718 3358 Amen.
754 3321 775 3355 ι

254 3398 356 3445 ΚΡ.
389 3388 518 3447 Haec
539 3402 720 3451 autem
754 3411 1034 3469 nunquam
1060 3412 1159 3469 per
1202 3399 1362 3457 ullius
1391 3400 1635 3460 haeretici
1675 3402 1782 3459 lin-

178 3500 348 3556 guam
375 3498 683 3559 serpentem
708 3491 992 3561 antiquum
1014 3492 1284 3560 sibilasse,
1313 3493 1419 3548 nisi
1457 3510 1558 3566 per
1579 3510 1641 3551 os
1675 3496 1785 3554 Go-

179 3577 471 3645 thescalci,
504 3583 843 3651 audivimus;
880 3600 1147 3655 nusquam
1180 3586 1285 3643 nisi
1323 3586 1379 3643 in
1414 3588 1530 3644 suis
1564 3590 1783 3660 scriptis

173 3669 436 3743 legimus,
474 3674 529 3729 in
557 3676 753 3746 quibus
782 3677 1081 3734 caecitatem
1113 3678 1256 3737 illius
1301 3680 1781 3739 vehementissime

171 3764 633 3837 obstupescentes
664 3770 970 3837 horremus,
1014 3785 1141 3841 quia
1184 3771 1253 3828 de
1299 3772 1585 3843 scripturis
1611 3781 1666 3829 et
1688 3788 1782 3829 ca-

170 3862 507 3920 tholicorum
556 3866 714 3922 dictis
744 3866 1008 3939 approbat
1036 3866 1215 3924 Patris
1252 3877 1306 3924 et
1348 3867 1469 3924 Filii
1511 3877 1566 3923 et
1604 3868 1780 3925 sancti

171 3953 419 4027 Spiritus
445 3956 706 4013 unitatem
734 3974 944 4029 ponens
969 3976 984 4014 :
1026 3957 1097 4014 In
1126 3958 1322 4013 lumine
1362 3967 1453 4014 tuo
1487 3959 1777 4014 videbimus

168 4049 373 4104 iumen.
419 4049 503 4116 Et,
536 4048 697 4106 Unxit
745 4062 796 4108 te
844 4053 1009 4121 Deus,
1040 4053 1185 4123 Deus
1226 4064 1348 4109 tuus
1394 4056 1507 4110 oleo
1553 4054 1770 4119 lwtitiw,

168 4155 280 4211 quo
306 4150 532 4197 sanctus
561 4139 797 4213 Spiritus
832 4143 1165 4216 designatur,
1192 4145 1336 4201 etde
1371 4144 1555 4203 verbis
1597 4144 1773 4202 sancti

166 4232 453 4297 Ambrosii
480 4232 671 4290 dicens
695 4252 709 4289 :

258 4343 427 4405 Nunc,
448 4354 621 4399 sancte
645 4345 787 4397 nobis
808 4347 1039 4412 Spiritus,
1058 4360 1187 4398 unus
1204 4346 1363 4399 Patris
1387 4362 1498 4400 cum
1522 4347 1662 4413 Filio,

163 4458 230 4512 Et
260 4472 391 4512 mox
446 4458 723 4529 subjungit
753 4475 766 4513 :
799 4459 1141 4531 Quapropter
1185 4462 1403 4532 quando
1453 4461 1769 4534 singillatim

161 4551 414 4605 solitarie
491 4550 858 4622 supplicamus
919 4556 1012 4609 uni
1068 4554 1134 4609 de
1186 4553 1451 4609 Trinitate
1498 4569 1763 4626 persona},

159 4642 489 4712 suppliciter
519 4642 694 4700 eidem
723 4658 991 4716 personae,
1023 4646 1112 4701 cui
1156 4644 1469 4717 tunc‘527
1498 4647 1767 4718 supplica-

153 4736 409 4791 cavimus
453 4742 617 4806 atque
661 4735 1046 4808 supplicamus,
1079 4737 1258 4792 dicere
1303 4737 1562 4794 debemus
1596 4755 1612 4794 ε
1644 4739 1763 4794 Tibi

154 4828 268 4882 Deo
290 4827 521 4898 gratias,
550 4836 604 4883 et
630 4842 751 4883 cum
778 4828 896 4900 ipsa
925 4842 1157 4899 persona
1185 4830 1398 4885 caeteris
1423 4829 1635 4886 duabus
1665 4846 1760 4901 pa-

150 4919 333 4973 riter:
362 4918 531 4973 Vobis
576 4921 688 4975 Deo
720 4921 944 4991 gratias.
1002 4920 1151 4976 Unde
1196 4920 1270 4976 illi
1302 4920 1648 4977 referendum
1679 4930 1764 4978 est

145 5010 300 5079 quod
328 5010 398 5065 de
426 5009 735 5082 bujusmodi
774 5011 911 5067 dicit
934 5011 1243 5083 Apostolus,
1294 5012 1522 5067 dicentes
1570 5028 1624 5067 se
1671 5028 1761 5068 sa-

141 5102 373 5172 pientes,
403 5102 553 5154 stulti
585 5101 714 5172 facti
737 5111 857 5157 sunt
887 5101 1065 5173 (Rom.
1095 5118 1135 5168 ι,
1160 5102 1269 5175 22).
1295 5103 1435 5171 Quid
1456 5101 1601 5156 enim
1631 5101 1764 5156 stul-

145 5194 260 5247 tius
290 5206 456 5264 quam
488 5192 615 5248 talia
647 5192 912 5264 proferre,
941 5208 1067 5264 quae
1086 5209 1352 5264 nusquam
1374 5192 1583 5265 prolata
1606 5192 1759 5248 inve-

141 5288 252 5353 nit,
285 5302 565 5357 nunquam
595 5303 626 5342 a
657 5302 981 5359 quocunque
1020 5288 1164 5343 dicta
1214 5286 1454 5344 audivit?
1494 5286 1564 5342 Et
1615 5285 1760 5356 quod

138 5381 481 5453 perstultum
519 5390 624 5447 est,
674 5382 743 5437 ad
773 5397 927 5439 suam
956 5380 1385 5438 conﬁrmandam
1431 5379 1758 5437 sententiam

138 5472 281 5529 talia
316 5472 725 5544 Scripturarum
758 5474 1065 5541 testimonia
1110 5471 1356 5544 protulit,
1394 5471 1593 5542 quibus
1640 5471 1757 5542 ipsa

136 5564 270 5635 ejus
294 5565 567 5621 sententia
587 5565 873 5623 manifeste
895 5565 1211 5631 destruitur,
1256 5572 1312 5620 et
1350 5563 1497 5620 velut
1521 5562 1755 5633 phrene-

136 5658 297 5714 ticus
316 5656 505 5714 funem
527 5666 708 5729 portat
731 5675 840 5730 quo
865 5658 1160 5723 vinciatur,
1191 5664 1249 5712 et
1267 5655 1504 5727 gladium
1528 5653 1760 5725 porrigit

137 5766 261 5823 quo
278 5750 655 5808 interﬁciatur.
685 5751 953 5821 Gladium,
979 5749 1266 5823 Apostolus
1282 5748 1479 5820 inquit,
1499 5745 1753 5819 Spiritus,

134 5845 294 5917 quod
311 5853 389 5900 est
410 5845 619 5903 uerbum
647 5845 746 5904 Dei
764 5846 987 5919 (Ephcs.
1006 5861 1083 5915 vr,
1110 5844 1220 5918 l7).
1241 5843 1536 5916 Scriptura:
1557 5841 1755 5913 quippe

1890 3311 2071 3379 nibus,
2108 3320 2169 3367 ut
2204 3321 2262 3368 et
2301 3327 2472 3369 unum
2501 3315 2676 3371 Deum
2718 3331 2820 3388 per
2865 3318 3245 3379 indistinctum
3291 3325 3492 3385 divina:

1887 3405 2141 3462 essentia:
2171 3420 2369 3465 nomen
2416 3408 2753 3478 ostenderet,
2792 3416 2849 3467 et
2889 3427 3249 3485 personarum
3280 3417 3486 3478 discre-

1888 3498 2094 3555 tionem
2136 3500 2251 3556 suis
2276 3501 2708 3560 demonstratam
2752 3507 3177 3578 proprietatibus
3203 3512 3481 3571 edoceret.

1888 3587 1980 3646 Sic
2010 3600 2066 3646 et
2094 3591 2287 3650 beatus
2310 3591 2481 3649 David
2508 3594 2701 3665 plenus
2734 3595 2943 3668 Spiritu
2993 3610 3182 3659 sancto
3206 3603 3481 3675 distinxit,

1885 3681 1982 3737 sed
2034 3682 2235 3739 deitate
2284 3684 2680 3755 inseparabiles
2718 3702 2983 3758 personas
3026 3708 3135 3749 non
3182 3699 3482 3769 separavit,

1884 3790 2010 3831 cum
2034 3784 2320 3848 postquam
2343 3778 2555 3836 locutus
2575 3780 2644 3836 ad
2659 3780 2876 3841 Patrem
2903 3798 2918 3839 :
2943 3782 3117 3852 Quam
3140 3791 3487 3863 magniﬁcam

1882 3878 2005 3925 sunt
2034 3886 2191 3942 opera
2223 3881 2339 3940 tua,
2370 3873 2594 3931 Domine
2621 3874 2795 3948 (Psal.
2846 3892 2959 3945 xct,
2990 3878 3067 3951 6),
3105 3881 3305 3939 Filium
3346 3899 3481 3956 quo-

1880 3976 1987 4034 que
2008 3976 2441 4021 commemorans
2474 3965 2649 4022 dixit:
2677 3964 2871 4024 Omnia
2890 3969 2950 4026 in
2975 3972 3237 4042 sapientia
3281 3976 3477 4047 fecisti,

1880 4066 1935 4111 et
1961 4056 2312 4128 subjungens,
2327 4056 2541 4128 impleta
2568 4068 2645 4115 est
2669 4069 2809 4115 terra
2832 4064 3160 4128 possessione
3185 4074 3277 4122 tua
3299 4066 3475 4140 (Psal.

1877 4164 2033 4218 cvm,
2065 4150 2182 4223 24),
2210 4151 2411 4208 nullam
2431 4152 2796 4222 pluralitatem
2827 4155 2882 4210 in
2906 4156 3286 4229 singularitate
3304 4163 3480 4220 deita-

1877 4243 1949 4299 tis
1988 4251 2190 4300 sanctae
2231 4252 2288 4300 et
2318 4245 2695 4315 inseparabilis
2743 4245 3030 4305 Trinitatis
3072 4265 3228 4308 more
3270 4251 3475 4310 Gothe-

1875 4334 2041 4391 scalci
2071 4334 2282 4404 adjecit,
2319 4351 2421 4392 nec
2460 4352 2708 4408 personae
2746 4353 2911 4408 quam
2946 4355 3055 4397 non
3094 4345 3479 4405 nominaverat

1811 4411 1824 4424 ’
1874 4427 2124 4499 ingratus
2157 4443 2279 4503 esse
2302 4429 2603 4499 pertimuit.
2635 4428 2902 4487 Similiter
2955 4435 3172 4504 quando
3200 4436 3377 4495 dixit:
3402 4439 3472 4496 In

1874 4520 2072 4575 lumine
2100 4530 2191 4575 tuo
2212 4521 2498 4577 uidebimus
2520 4521 2697 4578 lumen
2719 4539 2740 4590 ,'
2769 4526 3033 4593 praetende
3053 4530 3470 4587 misericordiam

1791 4610 1847 4672 D
1872 4622 2019 4669 tuam
2044 4614 2325 4670 scientibus
2348 4624 2397 4671 te
2420 4614 2595 4687 (Psal.
2611 4633 2777 4673 xxxv.
2796 4617 2909 4691 10),
2926 4619 3189 4693 singulari
3218 4640 3467 4692 numero,

1874 4715 1928 4763 et
1960 4720 2065 4760 non
2106 4705 2415 4777 prwtendite
2434 4705 2628 4777 plurali
2657 4706 2909 4776 subjecit.
2938 4709 3169 4777 Quando
3196 4716 3361 4771 etiam
3393 4717 3474 4773 di-

1871 4799 1953 4857 xit
1983 4818 1995 4853 :
2032 4797 2200 4853 Verbo
2233 4797 2442 4853 Domini
2477 4797 2593 4853 creti
2628 4797 2831 4867 ﬁrmati
2865 4811 3009 4868 sunt,
3056 4813 3105 4858 et
3134 4806 3325 4875 spiritu
3359 4809 3469 4863 oris

1868 4893 1984 4964 ejus
2015 4892 2181 4946 omnis
2211 4891 2375 4945 virtus
2395 4905 2577 4945 eorum
2599 4889 2774 4962 (Psal.
2816 4907 2991 4961 xxxn,
3024 4892 3101 4966 6),
3132 4896 3464 4966 singularem

1869 5001 2174 5053 numerum,
2203 4992 2259 5041 et
2297 4998 2407 5040 non
2435 4982 2721 5054 pluralem,
2757 4981 2825 5039 de
2848 4984 3037 5040 eadem
3072 4984 3341 5042 Trinitate
3385 4986 3465 5044 lo-

1867 5095 2059 5151 quens,
2084 5075 2312 5147 subjecit
2337 5075 2554 5132 dicens:
2572 5073 2906 5147 Congregans
2926 5075 3063 5130 sicut
3083 5077 3138 5130 in
3158 5084 3273 5131 utre
3293 5094 3463 5149 aqum

1864 5174 2030 5229 maris
2060 5170 2234 5245 (Psal.
2265 5185 2439 5234 χχιιι,
2484 5169 2560 5242 7).
2610 5169 2796 5238 Aquas
2844 5168 3008 5224 maris
3053 5169 3209 5239 quasi
3237 5168 3291 5224 in
3339 5179 3463 5228 utre

1864 5268 2145 5330 Dominus,
2179 5273 2363 5321 sancta
2385 5263 2552 5334 528
2578 5261 2831 5317 videlicet
2856 5270 2911 5317 et
2935 5262 3319 5331 inseparabilis
3341 5264 3461 5320 Tri-

1862 5364 2025 5430 nitas,
2068 5361 2231 5417 Pater
2274 5368 2328 5415 et
2372 5357 2542 5412 Filius
2575 5363 2632 5410 et
2660 5354 2898 5426 Spiritus
2952 5361 3197 5419 sanctus,
3224 5369 3455 5425 quorum

1862 5459 2004 5516 sicut
2029 5473 2132 5512 una
2156 5464 2239 5513 est
2264 5452 2522 5511 divinitas
2544 5451 2620 5505 ita
2641 5456 2697 5506 et
2727 5464 2834 5504 una
2854 5447 3122 5519 operatio,
3140 5459 3453 5521 congregat,

1863 5568 1987 5609 cum
2038 5550 2178 5606 miro
2221 5540 2600 5602 moderamine
2631 5549 2827 5598 cuncta
2870 5540 3188 5610 disponens,
3238 5540 3293 5595 in
3340 5539 3457 5595 suis

1861 5644 2075 5702 clausas
2100 5640 2357 5699 cordibus
2375 5635 2676 5695 carnalium
2698 5634 2876 5690 minas
2898 5631 3094 5688 frenat.
3112 5630 3247 5688 Uter
3257 5632 3458 5704 quippe

1860 5739 2096 5797 carnalis
2145 5745 2234 5795 est
2282 5733 2558 5809 cogitatio.
2610 5732 2779 5802 Aquae
2840 5744 2972 5803 ergo
3014 5728 3183 5787 maris
3231 5728 3286 5786 in
3333 5738 3455 5787 utre

1859 5837 2200 5907 congregata:
2241 5837 2389 5897 sunt,
2430 5842 2555 5884 cum
2594 5824 2901 5882 amaritudo
2941 5838 3213 5898 perversae
3259 5825 3429 5880 menti
