4026 6340
235 443 344 500 593

1268 434 1358 491 or.
1394 433 1534 493 UNA
1573 432 1665 490 ET
1707 429 1847 491 NON
1887 429 2102 489 TRINA
2140 416 2466 492 natura.

3419 440 3525 499 594

235 559 384 634 quod
440 555 641 613 dicenti
688 552 928 609 defertur
974 551 1194 608 facienti
1244 551 1508 622 negatur?
1540 550 1821 619 Quomodo
1848 551 1898 613 Α
1925 557 2076 616 nata,
2107 552 2203 608 sed
2233 552 2304 608 ab
2328 567 2394 610 eo
2421 563 2623 621 creata,
2653 554 2817 625 hujus
2850 556 2927 613 rei
2955 556 3328 631 signiﬁcanda:
3355 575 3527 620 causa

232 661 444 717 autent,
471 647 578 704 nisi
603 645 801 703 Filium
830 659 1017 701 verum
1038 643 1228 709 sciret,
1256 643 1625 701 committeret
1653 643 1704 699 ei
1734 658 1827 698 vo-

218 740 463 798 'luntatis
504 752 616 794 suae
669 735 957 801 unitatem,
997 740 1054 791 et
1102 734 1286 806 operis
1335 733 1658 791 veritatem?
1691 732 1826 789 Cum

231 836 384 890 enim
415 829 604 887 eadem
628 827 797 884 faciat
823 826 994 883 Filius
1025 840 1192 898 Opera
1229 840 1350 898 qua:
1394 825 1558 880 Pater
1588 824 1740 891 facit,
1772 833 1830 879 et

230 945 375 1002 quos
426 926 543 983 vult
592 922 835 981 viviﬁcet
882 920 1054 977 Filius
1095 922 1237 977 sicut
1277 921 1540 990 scriptum
1582 928 1685 985 est,
1726 933 1829 975 nec

230 1023 557 1082 indifferens
584 1026 876 1093 potestate,
915 1027 971 1072 et
994 1015 1134 1072 liber
1160 1022 1243 1071 est
1268 1013 1564 1071 voluntate.
1596 1012 1676 1068 Ita
1702 1012 1827 1068 uni-

230 1136 322 1181 tas
351 1128 623 1183 servatur,
638 1117 765 1189 quia
788 1123 843 1171 et
863 1113 1035 1170 virtus
1067 1112 1162 1168 Dei
1191 1111 1245 1167 in
1267 1109 1563 1166 divinitatis
1584 1107 1829 1180 proprie-

230 1224 349 1270 tate
376 1220 480 1276 est,
518 1217 575 1264 et
596 1208 821 1265 libertas
866 1220 973 1261 non
997 1204 1052 1259 in
1079 1202 1257 1273 aliqua
1286 1199 1613 1267 diﬁerentia,
1644 1199 1742 1254 sed
1773 1199 1829 1254 in

229 1308 446 1364 unitate
469 1311 556 1361 est
577 1300 895 1358 voluntatis.
935 1318 955 1350 ι
981 1297 1049 1353 Et
1094 1297 1289 1353 beatus
1315 1294 1670 1367 Augustinus,
1699 1292 1832 1349 licet

227 1395 634 1457 Gothescalcus
657 1392 726 1449 de
750 1407 819 1447 eo
846 1390 1072 1463 loquens
1117 1386 1394 1444 multoties
1441 1384 1719 1442 inculcare
1739 1399 1831 1441 so-

228 1491 346 1549 leat
393 1489 602 1553 dicens,
628 1483 963 1556 Augustinus
1016 1490 1221 1548 noster,
1276 1478 1597 1551 peregrinus
1638 1478 1709 1534 ab
1763 1492 1831 1533 eo

229 1584 427 1652 corde,
448 1598 569 1650 ore,
590 1590 647 1637 et
665 1595 854 1652 opere,
878 1593 1072 1636 sensus
1100 1577 1430 1655 humilitate,
1448 1584 1503 1632 et
1522 1575 1649 1639 ﬁde,
1673 1573 1831 1646 longe

226 1678 399 1736 aliter
426 1678 545 1733 haec
575 1674 913 1740 testimonia,
942 1688 1110 1728 unum
1136 1672 1203 1727 de
1244 1669 1558 1740 Evangelio,
1599 1667 1831 1724 alterum

227 1772 303 1827 de
325 1768 552 1835 Genesi,
577 1768 633 1823 in
662 1766 893 1837 septimo
942 1765 1081 1819 libro
1109 1763 1248 1835 (cap.
1276 1761 1331 1832 5)
1356 1762 1422 1817 de
1447 1759 1714 1816 Trinitate
1737 1772 1832 1814 exn

225 1860 423 1933 posuit
473 1860 708 1915 dicens:
743 1875 762 1909 ‹
813 1855 954 1923 Non,
1005 1855 1201 1925 inquit,
1256 1854 1429 1925 major
1473 1851 1711 1909 essentia
1746 1858 1833 1907 est

1928 641 2003 699 ita
2033 641 2214 715 imago
2239 653 2323 700 est
2339 685 2356 713 ,
2379 651 2441 701 ut
2465 645 2534 701 ad
2559 645 2849 719 imaginem
2877 647 2982 716 sit,
3026 647 3082 705 id
3105 658 3191 706 est
3210 664 3320 706 non
3343 665 3527 724 requa-

1929 745 2018 791 tur
2037 736 2331 808 parilitate,
2365 739 2460 796 sed
2487 740 2724 811 quadam
2751 740 3105 799 similitudine
3133 742 3363 800 accedit.
3404 742 3526 802 Non

1927 833 2072 888 enim
2100 833 2345 890 locorum
2374 834 2696 901 intervallis,
2746 836 2842 892 sed
2866 835 3219 895 similitudine
3247 838 3529 897 acceditur

1927 926 1997 981 ad
2024 926 2214 994 Deum,
2259 938 2316 983 et
2342 927 2782 986 dissimilitudine
2812 931 3087 987 receditur
3110 932 3178 988 ab
3202 948 3289 989 eo.
3331 952 3351 987 i
3376 931 3447 989 Et
3466 933 3526 991 in

1926 1016 2068 1075 libro
2092 1018 2414 1076 duodecimo
2441 1021 2462 1092 (
2479 1038 2595 1092 cap.
2623 1020 2712 1093 v1)
2739 1038 2753 1075 :
2796 1041 2817 1074 ‹
2852 1022 2999 1079 Dixit
3026 1025 3171 1079 enim
3203 1026 3380 1093 Deus,
3410 1024 3529 1081 Fa-

1928 1111 2130 1166 ciamus
2175 1113 2439 1179 hominem
2477 1115 2548 1169 ad
2588 1116 2870 1185 imaginem
2908 1126 2957 1171 et
2998 1118 3396 1175 similitudinem
3424 1136 3524 1175 no-

1926 1212 2093 1257 stram
2119 1201 2280 1275 (Gen.
2314 1220 2364 1271 ι,
2395 1204 2523 1278 26).
2553 1205 2723 1261 Paulo
2740 1215 2865 1278 post
2904 1215 3084 1265 autem
3106 1211 3310 1265 dictum
3332 1220 3445 1276 est,
3474 1218 3527 1266 et

1929 1295 2052 1367 fecit
2080 1296 2222 1353 Deus
2244 1298 2507 1354 hominem
2533 1299 2602 1354 ad
2626 1300 2909 1372 imaginem
2929 1300 3050 1357 Dei.
3074 1299 3325 1357 Nostram
3354 1308 3526 1369 certe,

1930 1389 2058 1462 quia
2087 1388 2335 1461 pluralis
2360 1399 2446 1447 est
2480 1406 2741 1447 numerus
2760 1432 2776 1458 ,
2816 1407 2924 1448 non
2952 1400 3101 1450 recte
3127 1392 3424 1461 diceretur,
3474 1393 3525 1448 si

1930 1481 2093 1538 homo
2122 1482 2190 1537 ad
2218 1483 2380 1539 unius
2406 1497 2652 1554 personae
2673 1482 2964 1554 imaginem
2986 1481 3162 1551 ﬁeret,
3186 1483 3305 1540 sive
3326 1483 3525 1553 Patris,

1930 1572 2047 1629 sive
2076 1572 2222 1639 Filii,
2266 1572 2381 1630 sive
2412 1573 2649 1645 Spiritus
2690 1575 2885 1630 sancti.
2935 1574 3044 1631 Sed
3087 1575 3215 1647 quia
3255 1574 3422 1633 ﬁebat
3459 1575 3530 1633 ad

1931 1662 2226 1736 imaginem
2253 1661 2556 1731 Trinitatis,
2588 1672 2878 1736 propterea
2901 1664 3103 1722 dictum
3134 1673 3219 1722 est
3239 1665 3309 1721 ad
3333 1665 3530 1739 imagi-

1931 1771 2059 1813 nem
2103 1764 2366 1811 nostram.
2402 1756 2641 1812 Rursum
2671 1766 2851 1814 autem
2871 1800 2885 1824 ,
2935 1772 3005 1814 ne
3028 1757 3082 1813 in
3115 1757 3381 1814 Trinitate
3406 1772 3531 1815 cre-

1933 1850 2140 1907 dendos
2174 1850 2568 1907 arbitraremur
2592 1860 2704 1908 tres
2734 1855 2886 1919 deos,
2935 1867 3057 1908 cum
3087 1852 3159 1908 sit
3180 1852 3371 1909 eadem
3399 1836 3526 1907 Tri-

223 1929 399 2008 Pater
426 1960 485 2007 et
511 1949 683 2006 Filius
701 1958 757 2005 et
778 1947 1015 2019 Spiritus
1043 1954 1266 2003 sanctus
1292 1946 1657 2016 simul,quam
1681 1943 1828 2000 solus
1858 1929 1909 1991 Β
1934 1943 2081 2001 nitas
2108 1960 2249 2001 unus
2275 1944 2442 2012 Deus,
2468 1943 2541 1999 Et
2571 1945 2726 2015 fecit,
2759 1945 2962 2017 inquit,
2999 1945 3141 2001 Deus
3171 1946 3431 2002 hominem
3456 1946 3527 2001 ad

222 2045 400 2100 Pater
418 2051 514 2099 aut
544 2041 690 2098 solus
723 2040 913 2106 Filius,
942 2038 1038 2095 sed
1084 2048 1195 2094 tres
1216 2036 1377 2092 simul
1402 2035 1507 2092 illae
1532 2034 1830 2092 subsisten-

226 2131 343 2197 tiaa,
378 2130 495 2186 sive
517 2142 783 2201 personae,
809 2127 854 2182 si
879 2127 953 2181 ita
981 2124 1223 2181 dicendae
1250 2131 1398 2191 sunt,
1440 2122 1676 2195 aequales
1706 2129 1832 2178 sunt

223 2223 487 2296 singulis,
509 2222 654 2293 quod
675 2219 929 2276 animalis
956 2220 1121 2274 homo
1142 2232 1250 2273 non
1274 2217 1523 2288 percipit.
1548 2214 1667 2272 Non
1685 2216 1830 2273 enim

221 2323 414 2390 potest
431 2314 677 2388 cogitare
705 2312 810 2369 nisi
837 2310 1027 2379 moles,
1060 2318 1115 2366 et
1143 2310 1342 2381 spatia,
1366 2308 1453 2365 vel
1493 2309 1722 2377 minuta,
1746 2308 1833 2365 vel

221 2407 483 2482 grandia,
516 2404 865 2461 volitantibus
912 2403 969 2458 in
1018 2402 1202 2458 animo
1251 2399 1370 2471 ejus
1406 2401 1827 2474 pbantasmatis.

223 2511 495 2572 tanquam
522 2498 852 2570 imaginibus
881 2511 1192 2569 corporum.
1220 2495 1303 2553 Ex
1340 2494 1831 2567 qua‘immunditia

222 2594 408 2651 donec
436 2600 725 2664 purgetur,
755 2590 942 2646 credat
973 2590 1027 2645 in
1058 2589 1281 2646 Patrem
1303 2596 1359 2646 et
1394 2587 1595 2644 Filium
1624 2597 1680 2645 et
1709 2587 1832 2659 Spi-

224 2687 403 2743 ritum
426 2692 699 2751 sanctum,
726 2698 896 2740 unum
922 2682 1113 2750 Deum,
1130 2682 1330 2749 solum,
1353 2696 1633 2754 magnum,
1654 2682 1832 2737 omni-

222 2787 534 2852 potentem,
579 2776 802 2844 bonum,
852 2774 1084 2847 justum,
1123 2775 1555 2842 misericordem,
1587 2775 1832 2831 omnium

221 2872 527 2931 visibilium
558 2881 613 2929 et
664 2871 1020 2929 invisibilium
1077 2870 1438 2937 conditorem,
1484 2879 1540 2925 et
1570 2869 1833 2941 quidquid

221 2984 330 3042 pro
376 2968 613 3024 humana
662 2966 921 3024 facultate
969 2968 1128 3039 digne
1177 2981 1415 3038 vereque
1471 2964 1575 3022 dici
1631 2972 1827 3036 potest.

224 3060 426 3132 Neque
452 3074 575 3115 cum
605 3058 842 3122 audierit
880 3058 1099 3114 Patrem
1152 3056 1327 3114 solum
1375 3057 1567 3123 Deum,
1613 3063 1835 3127 separet

226 3155 361 3210 inde
397 3152 593 3208 Filium
622 3160 719 3206 aut
746 3149 1010 3222 Spiritum
1037 3158 1307 3206 sanctum.
1336 3148 1469 3207 Cum
1523 3163 1590 3205 eo
1635 3148 1836 3221 quippe

226 3247 382 3304 solus
410 3246 574 3312 Deus,
592 3261 715 3301 cum
742 3259 850 3316 quo
870 3253 927 3301 et
946 3261 1088 3301 unus
1109 3246 1254 3302 Deus
1278 3253 1366 3301 est
1383 3262 1397 3308 ;
1415 3243 1543 3316 quia
1558 3251 1614 3301 et
1632 3243 1831 3298 Filium

1934 2038 2215 2111 imaginem
2248 2038 2347 2095 Dei
2373 2054 2393 2095 :
2437 2054 2538 2111 pro
2565 2054 2631 2095 eo
2660 2054 2725 2096 ac
2751 2040 2797 2097 si
2836 2040 3075 2109 diceret,
3120 2040 3188 2096 ad
3233 2040 3529 2112 imaginem

1935 2145 2110 2187 suam.
2140 2150 2161 2184 ι
2191 2130 2293 2188 Hic
2316 2131 2603 2189 manifeste
2642 2133 2883 2190 ostendit
2930 2140 3154 2190 sanctus
3189 2133 3530 2207 Augustinus

1935 2224 2156 2281 mentiri
2180 2232 2238 2282 et
2264 2225 2520 2281 baeretice
2559 2225 2707 2298 loqui
2735 2224 3184 2294 Gotltescalcum,
3236 2225 3331 2299 qui
3359 2224 3525 2283 dicit:

1940 2336 1961 2372 α
1990 2317 2219 2387 Quando
2261 2318 2576 2393 singillatim
2621 2320 2864 2378 solitarie
2908 2321 3278 2394 supplicamus
3314 2321 3408 2377 uni
3461 2336 3533 2377 ex

1935 2411 2202 2469 Trinitate
2243 2429 2523 2486 personae,
2560 2414 2874 2485 suppliciter
2901 2415 3079 2472 eidem
3117 2429 3396 2487 personae,
3443 2413 3534 2469 cui

1936 2511 2066 2560 tunc
2090 2504 2511 2576 supplicavimus
2537 2513 2702 2577 atque
2724 2505 3114 2578 supplicamus,
3157 2506 3341 2561 dicere
3369 2505 3532 2561 debe~

1935 2610 2097 2652 mus:
2128 2595 2251 2653 Tibi
2275 2597 2387 2653 Deo
2412 2597 2637 2670 gratias,
2685 2607 2741 2654 et
2770 2612 2894 2654 cum
2920 2597 3035 2668 ipsa
3062 2610 3295 2668 persona
3319 2595 3534 2652 caeteris

1937 2687 2146 2744 duabus
2173 2687 2400 2758 pariter,
2454 2689 2621 2746 Vobis
2666 2689 2780 2745 Deo
2824 2690 3050 2758 gratias.
3088 2708 3109 2743 ι
3142 2688 3418 2759 Scriptum
3447 2695 3535 2743 est

1935 2782 2080 2838 enim
2110 2790 2165 2839 et
2209 2782 2266 2838 in
2305 2783 2451 2856 Lege
2492 2792 2549 2841 et
2589 2785 2644 2840 in
2689 2785 3337 2856 Evangelio:Dominum
3360 2782 3532 2839 Deum

1937 2886 2088 2933 tuum
2111 2877 2391 2946 adorabis,
2436 2888 2483 2933 et
2513 2878 2593 2934 illi
2618 2878 2718 2934 soli
2747 2880 2957 2936 servies.
3008 2876 3164 2935 Unde
3210 2875 3534 2933 Ambrosius

1936 2971 1992 3026 iu
2040 2969 2180 3027 libro
2210 2971 2448 3026 secundo
2496 2970 2564 3026 de
2603 2970 2914 3043 Fide(cap.
2944 2972 3014 3038 4,
3058 2982 3180 3026 ante
3223 2966 3529 3041 medium):

1942 3080 1960 3114 ι
2006 3062 2305 3119 Didicimus
2346 3077 2510 3118 unam
2555 3063 2735 3120 Patris
2774 3072 2830 3119 et
2874 3063 3000 3119 Filii
3043 3077 3165 3120 esse
3204 3062 3530 3134 imaginem,

1936 3167 2100 3208 unam
2128 3152 2569 3221 similitudinem,
2617 3169 2785 3210 unam
2809 3154 3340 3220 sanetiﬁeationem;
3388 3152 3531 3208 didi-

1937 3243 2112 3300 cimus
2162 3260 2327 3299 unam
2378 3246 2784 3316 operationem,
2837 3262 3001 3302 unam
3058 3246 3318 3319 gloriam,
3368 3261 3531 3302 unam

225 3354 358 3397 cum
408 3338 660 3393 audimus
693 3336 868 3405 solum
912 3336 1106 3402 Deum,
1155 3336 1274 3392 sine
1326 3335 1436 3391 ulla
1487 3334 1832 3406 separatione
1860 3320 1905 3383 C
1936 3351 2154 3408 quoque
2183 3336 2542 3393 divinitatem.
2574 3337 2728 3396 Unus
2767 3354 2899 3412 ergo
2924 3348 2981 3395 et
3023 3338 3169 3395 solus
3197 3338 3366 3403 Deus,
3404 3338 3529 3408 quia

223 3428 414 3485 Patris
440 3438 537 3485 aut
562 3428 802 3501 Spiritus
840 3427 1016 3485 sancti
1068 3434 1283 3499 oportet
1334 3426 1601 3497 accipere.
1653 3426 1831 3495 Atque

225 3523 307 3578 ita
325 3521 475 3577 dicat
494 3536 662 3576 unam
691 3519 1009 3585 essentiam,
1040 3527 1229 3575 utnon
1252 3516 1528 3573 existimet
1558 3514 1701 3569 aliud
1724 3513 1830 3569 alio

225 3613 317 3670 vel
342 3612 543 3684 majus,
571 3610 654 3667 vel
676 3612 877 3678 mintts,
908 3611 996 3666 vel
1039 3610 1219 3681 aliqua
1242 3624 1310 3665 ex
1348 3614 1504 3680 parte
1531 3607 1826 3663 diversum.

226 3706 356 3763 Non
384 3714 566 3762 tamen
588 3713 649 3761 ut
673 3703 840 3760 Pater
859 3704 974 3774 ipse
1000 3702 1073 3758 sit
1095 3711 1150 3758 et
1170 3700 1342 3757 Filius
1369 3710 1425 3757 et
1448 3699 1685 3770 Spiritus
1704 3713 1833 3755 san-

227 3809 381 3865 ctus,
405 3807 461 3854 et
493 3797 754 3868 quidquid
772 3796 917 3851 aliud
939 3795 1008 3852 ad
1032 3794 1357 3850 alterutrum
1383 3794 1594 3866 singula
1636 3793 1828 3849 dicun-

232 3902 354 3958 tur,
423 3891 566 3948 sicut
619 3888 881 3957 Verbum,
944 3888 1089 3960 quod
1142 3905 1251 3946 non
1313 3888 1511 3944 dicitur
1568 3887 1672 3942 nisi
1739 3885 1832 3942 Fi-

230 3984 366 4049 lius,
415 3990 507 4037 aut
544 3980 767 4048 donum,
819 3980 963 4052 quod
1011 3995 1118 4037 non
1178 3980 1381 4035 dicitttr
1434 3978 1537 4034 nisi
1593 3977 1833 4048 Spiritus

228 4082 482 4131 sanctus.
524 4072 755 4144 Propter
822 4072 968 4144 quod
1025 4071 1191 4127 etiam
1226 4070 1488 4143 pluralem
1543 4085 1831 4125 numerum

225 4167 547 4232 admittunt,
606 4166 745 4222 sicut
804 4166 860 4221 in
898 4163 1194 4235 Evangelia
1239 4164 1503 4236 scriptum
1535 4171 1661 4219 est:
1714 4161 1830 4232 Ego

225 4271 278 4318 et
330 4260 500 4316 Pater
547 4276 712 4315 unum
774 4274 955 4315 sumus
1011 4257 1207 4331 (Joan.
1266 4275 1320 4323 χ,
1372 4256 1497 4329 50),
1555 4265 1611 4312 et
1665 4272 1832 4312 unum

229 4351 407 4417 dixit,
470 4358 525 4407 et
592 4365 782 4407 sumus
842 4366 857 4403 :
915 4364 1081 4404 unum
1143 4348 1441 4405 secundum
1506 4347 1829 4412 essentiam,

227 4445 380 4516 quod
456 4443 601 4499 idem
654 4441 835 4510 Deus;
894 4458 1077 4497 sumus
1141 4440 1440 4497 secundum
1518 4438 1827 4507 relativum,

228 4539 380 4611 quod
443 4537 532 4593 ille
587 4534 772 4603 Pater,
829 4534 923 4591 hic
973 4534 1163 4590 Filius.
1219 4534 1524 4605 Aliquando
1572 4542 1628 4588 et
1687 4542 1834 4590 tace-

231 4640 327 4686 tur
354 4626 516 4700 531
554 4627 717 4683 unius
740 4626 1012 4691 essentize,
1058 4634 1115 4681 et
1137 4624 1250 4681 sola
1272 4624 1555 4695 pluraliter
1605 4624 1831 4680 relativa

228 4727 754 4779 commemorantur.
807 4716 1085 4774 Veniemus
1116 4717 1186 4772 ad
1211 4733 1353 4786 eum,
1382 4733 1477 4790 ego
1503 4726 1551 4772 et
1578 4715 1763 4784 Pater,
1786 4725 1834 4772 et

228 4813 594 4869 habitabimus
624 4812 767 4885 apud
795 4829 915 4868 eum
957 4810 1142 4885 (Joan.
1175 4828 1288 4879 xw,
1316 4811 1437 4884 24.)
1466 4811 1758 4870 Veniemus
1781 4821 1838 4870 et

228 4906 610 4963 habitabimus
634 4946 650 4973 ,
678 4905 903 4978 pluralis
931 4913 1016 4962 est
1040 4919 1327 4971 numerus,
1364 4904 1492 4975 quia
1520 4905 1839 4976 praedictum

229 5007 323 5055 est
352 4996 468 5069 Ego
495 5006 543 5052 et
574 4996 760 5065 Pater,
788 4996 844 5053 id
870 5004 954 5053 est
978 4995 1149 5053 Filius
1174 5004 1231 5053 et
1257 4994 1438 5061 Pater,
1468 5010 1589 5065 quae
1610 4994 1837 5050 relative

230 5094 309 5149 ad
351 5093 585 5148 invicem
634 5091 912 5148 dicuntur.
959 5089 1266 5162 Aliquando
1313 5089 1543 5145 latenter
1581 5091 1833 5156 omnino,

227 5188 383 5245 sicut
406 5187 461 5242 in
487 5185 709 5253 Genesi,
736 5182 1024 5241 Faciamus
1047 5185 1310 5240 hominem
1339 5183 1408 5239 ad
1432 5182 1831 5239 similitudinem

229 5288 479 5335 nostram
504 5274 658 5348 (Gen.
688 5292 726 5343 ι,
760 5275 875 5349 26),
903 5283 957 5333 et
985 5274 1275 5331 Faciamus
1305 5282 1360 5331 et
1384 5284 1618 5330 nostram
1646 5273 1830 5345 plura-

227 5372 366 5428 liter
395 5371 601 5427 dictum
628 5379 746 5439 est,
796 5377 855 5426 et
898 5368 1003 5425 nisi
1029 5384 1098 5425 ex
1128 5368 1370 5424 relativis
1398 5367 1570 5438 accipi
1595 5383 1702 5423 non
1732 5382 1832 5440 po-

224 5472 367 5521 test.
402 5463 521 5520 Non
550 5465 695 5520 enim
720 5472 784 5520 ut
809 5462 1050 5519 facerent
1075 5461 1187 5528 dii,
1224 5469 1319 5517 aut
1348 5460 1416 5518 ad
1458 5460 1749 5532 imaginem
1778 5467 1837 5516 et

225 5560 654 5619 similitudinem
677 5561 924 5629 deorum,
944 5560 1039 5616 sed
1060 5567 1119 5614 ut
1140 5557 1383 5615 facerent
1400 5556 1564 5612 Pater
1586 5564 1641 5613 et
1665 5554 1834 5613 Filius

225 5662 297 5709 et
341 5650 581 5724 Spiritus
624 5662 849 5711 sanctus
877 5654 947 5709 ad
973 5651 1266 5723 imaginem
1305 5650 1486 5706 Patris
1530 5658 1586 5705 ct
1626 5648 1751 5705 Filii
1780 5656 1836 5705 et

228 5744 483 5814 Spiritus
528 5746 734 5814 sancti,
785 5753 847 5801 ut
893 5746 1214 5803 subsisteret
1261 5745 1426 5801 homo
1475 5743 1657 5814 imago
1702 5741 1831 5808 Dei,

224 5838 391 5896 Deus
431 5846 611 5896 autem
661 5837 923 5896 Trinitas.
988 5835 1100 5894 Sed
1147 5837 1273 5910 quia
1325 5851 1435 5894 non
1477 5834 1627 5893 omni
1673 5833 1833 5890 modo

1933 3427 2195 3498 scriptum
2220 3437 2334 3496 est,
2381 3429 2671 3487 Dominum
2696 3430 2869 3488 Deum
2898 3442 3048 3487 tuum
3069 3430 3347 3498 adorabis,
3380 3440 3427 3486 et
3449 3430 3533 3485 illi

1930 3517 2029 3573 soli
2051 3518 2241 3574 servies
2264 3520 2490 3590 (Matth.
2515 3538 2606 3591 1v,
2639 3524 2763 3594 10).
2796 3523 2947 3582 Unus
2986 3524 3161 3591 Deus,
3184 3539 3293 3580 non
3325 3532 3386 3578 ut
3415 3523 3533 3595 ipse

1933 3612 2005 3667 sit
2029 3611 2193 3668 Pater
2232 3621 2288 3668 et
2324 3613 2528 3682 Filius,
2576 3616 2719 3672 sicut
2752 3617 2951 3689 impius
2980 3615 3250 3674 Sabellius
3275 3616 3475 3673 asserit
3503 3633 3521 3679 :

1932 3704 2027 3759 sed
2072 3704 2200 3773 quia
2230 3703 2411 3763 Patris
2432 3716 2488 3763 et
2514 3707 2641 3764 Filii
2688 3707 3033 3781 Spiritusque
3061 3708 3237 3766 sancti
3261 3724 3368 3765 una
3391 3706 3531 3764 divi-

1933 3795 2080 3850 nitas
2124 3795 2216 3852 sit.
2272 3797 2376 3853 Ubi
2405 3807 2584 3855 autem
2628 3815 2734 3855 una
2764 3793 3049 3867 divinitas,
3098 3816 3205 3856 una
3242 3799 3528 3866 voluntas,

1933 3895 1988 3942 et
2012 3902 2119 3942 una
2145 3890 2457 3960 praeceptio.
2488 3908 2507 3943 i
2535 3889 2603 3945 Et
2627 3889 2961 3963 Augustinus
2988 3892 3042 3949 in
3067 3891 3293 3962 epistola
3323 3892 3392 3948 ad
3417 3891 3532 3947 Ma-

1932 3980 2139 4037 ximum
2168 3982 2338 4054 (epist.
2369 3982 2458 4049 66,
2490 3984 2588 4039 sub
2628 3984 2859 4056 initium)
2903 4004 2915 4040 :
2959 4002 2978 4037 ε
3016 3984 3074 4040 Si
3099 3994 3155 4042 et
3175 3984 3325 4042 Patri
3349 3995 3404 4043 et
3430 3983 3522 4040 Fi-

1932 4071 2006 4128 lio
2040 4082 2097 4128 et
2137 4072 2361 4144 Spiritui
2397 4083 2589 4131 sancto
2618 4074 2779 4132 latria
2822 4076 3051 4134 debetur
3081 4086 3135 4132 et
3174 4078 3466 4136 exhibetur
3495 4094 3528 4134 a

1935 4163 2128 4229 nobis,
2177 4165 2245 4219 de
2284 4179 2393 4235 qua
2434 4165 2641 4221 dictum
2670 4174 2787 4234 est,
2838 4166 3123 4224 Dominum
3167 4168 3339 4225 Deum
3376 4179 3532 4225 tuum

1934 4254 2203 4321 adorabis,
2228 4264 2277 4309 et
2303 4240 2383 4310 illi
2403 4256 2505 4312 soli
2533 4259 2724 4314 servies
2748 4256 2930 4328 (Deut.
2959 4275 3033 4325 v1,
3053 4258 3340 4331 3),”procul
3364 4259 3531 4318 dubio

1935 4345 2197 4403 Dominus
2244 4347 2388 4403 Deus
2433 4357 2639 4416 noster,
2684 4350 2784 4407 cui.
2801 4349 2902 4406 soli
2928 4364 3027 4421 per
3065 4349 3283 4405 latriam
3320 4350 3465 4406 servi
3501 4366 3532 4406 r

1935 4442 2219 4510 debemus,
2257 4459 2366 4500 non
2398 4451 2483 4501 est
2510 4445 2674 4502 Pater
2699 4446 2868 4513 solus,
2900 4460 3004 4502 nec
3030 4444 3180 4501 solus
3207 4443 3397 4511 Filius,
3427 4458 3531 4501 nec
3618 4463 3623 4469 '

1934 4528 2081 4585 solus
2105 4529 2345 4601 Spiritus
2368 4540 2620 4599 sanctus,
2668 4530 2764 4588 sed
2790 4531 2905 4603 ipsa
2933 4529 3176 4588 Trinitas
3204 4546 3344 4588 unus
3386 4531 3532 4587 Deus

1939 4621 2119 4689 solus,
2160 4619 2325 4677 Pater
2366 4630 2422 4677 et
2444 4620 2617 4680 Filius
2637 4631 2694 4677 et
2734 4621 2972 4694 Spiritus
2997 4631 3239 4680 sanctus.
3267 4620 3388 4697 Non
3421 4636 3532 4693 quo

1939 4713 2057 4786 ipse
2083 4714 2154 4770 sit
2180 4712 2344 4770 Pater
2367 4714 2461 4785 qui
2481 4715 2673 4783 Filius,
2705 4714 2789 4770 vel
2819 4714 3055 4786 Spiritus
3076 4724 3295 4772 sanctus
3320 4715 3434 4787 ipse
3461 4714 3533 4771 sit

1934 4814 2033 4861 aut
2059 4804 2223 4862 Pater
2253 4805 2414 4878 532
2445 4815 2541 4862 aut
2561 4807 2736 4864 Filius
2761 4826 2774 4863 :
2809 4824 2935 4865 cum
2958 4809 3030 4865 sit
3053 4808 3108 4864 in
3136 4808 3229 4863 illa
3259 4808 3528 4864 Trinitate

1933 4897 2103 4955 Pater
2127 4898 2252 4955 Filii
2280 4898 2480 4967 solius,
2522 4908 2579 4956 et
2626 4899 2798 4957 Filius
2827 4900 3008 4956 Patris
3033 4900 3235 4964 solius,
3288 4898 3529 4970 Spiritus

1935 4999 2118 5048 autem
2160 5000 2384 5048 sanctus
2427 4999 2486 5047 et
2527 4991 2706 5049 Patris
2749 5001 2806 5049 et
2837 4992 2957 5049 Filii
3005 4993 3076 5049 sit
3125 4991 3384 5063 Spiritus.
3415 4990 3523 5049 Sed

1934 5092 2159 5156 propter
2184 5098 2350 5139 unam
2379 5082 2734 5154 eamdemque
2764 5091 3039 5150 naturam,
3058 5092 3225 5155 atque
3248 5083 3528 5155 insepara-

1936 5174 2099 5231 bilem
2127 5175 2317 5241 vitam,
2354 5175 2472 5245 ipsa
2506 5173 2770 5242 Trinitas,
2801 5181 3063 5244 quantum
3094 5172 3164 5229 ab
3190 5172 3409 5229 homine
3433 5187 3531 5244 po-

1936 5275 2063 5334 test,
2085 5265 2192 5324 ﬁde
2215 5268 2553 5340 praecedente
2583 5266 2917 5340 intelligatur
2940 5281 3080 5323 unus
3099 5265 3360 5323 Dominus
3383 5264 3531 5322 Deus

1938 5371 2155 5430 noster,
2202 5363 2270 5418 de
2311 5378 2420 5435 quo
2457 5363 2663 5419 dictum
2692 5370 2805 5428 est,
2847 5361 3131 5416 Dominum
3175 5359 3345 5415 Deum
3382 5368 3530 5414 tuum

1939 5454 2208 5521 adorabis,
2237 5463 2285 5509 et
2310 5453 2391 5508 illi
2413 5452 2513 5510 soli
2536 5454 2745 5509 servies.
2784 5471 2803 5504 ι
2835 5451 2903 5507 Ει
2926 5451 2981 5507 in
3003 5450 3143 5507 libro
3174 5450 3241 5507 de
3269 5449 3531 5507 Doctrina

1938 5546 2246 5604 Christiana
2275 5546 2402 5620 (lib.
2437 5563 2483 5613 ι,
2517 5564 2563 5602 c.
2595 5547 2651 5618 5)
2679 5563 2694 5602 :
2736 5564 2756 5597 ι
2783 5545 3026 5602 Trinitas
3052 5545 3169 5602 haec
3189 5558 3331 5601 unus
3354 5544 3529 5612 Deus,

1936 5662 2004 5703 ex
2029 5661 2139 5717 quo
2166 5644 2349 5701 omnia
2367 5684 2384 5710 ,
2413 5659 2511 5716 per
2550 5658 2713 5714 quem
2734 5642 2914 5698 omnia
2934 5681 2951 5711 ,
2995 5641 3049 5697 in
3078 5656 3188 5713 quo
3213 5639 3414 5697 omnia.
3448 5637 3532 5696 lta

1936 5739 2101 5797 Pater
2140 5748 2197 5796 et
2250 5736 2422 5794 Filius
2461 5752 2528 5795 ac
2580 5736 2818 5810 Spiritus
2864 5744 3117 5803 sanctus,
3182 5743 3240 5792 et
3280 5732 3530 5805 singulus

1936 5831 2165 5902 quisque
2201 5830 2431 5897 borum,
2475 5827 2635 5902 plena
2675 5827 3008 5896 substantia,
3054 5834 3111 5885 et
3148 5825 3309 5884 simul
3337 5838 3530 5890 omnes

225 5931 467 6020 aqualis
506 5931 670 5991 ﬁebat
696 5931 788 5995 illa
819 5931 1001 6017 imago
1034 5930 1163 6009 Dei,
1212 5943 1471 6019 tanquam
1512 5943 1617 5989 non
1647 5928 1716 6007 ab
1745 5927 1843 5985 illa
1939 5937 2043 5983 una
2073 5921 2395 6001 substantia.
2445 5919 2608 5979 Pater
2635 5934 2739 5996 nec
2781 5918 2950 5989 Filius
2989 5926 3103 5990 est,
3147 5932 3253 5998 nec
3291 5914 3528 6009 Spiritus
