4026 6340
538 438 644 497 595

1500 392 1832 493 lilNCMARl
1873 433 2270 493 RHEMENSIS
2306 436 2864 496 ARCIIIEPISCOPL‘
3676 444 3759 503 596

540 566 762 613 sanctus
792 571 808 624 ;
831 554 1013 610 Filius
1034 568 1137 610 nec
1158 553 1322 609 Pater
1347 562 1451 619 est,
1485 567 1584 608 nec
1614 550 1847 625 Spiritus
1867 560 2124 620 sanctus;
2159 553 2211 615 Λ
2237 570 2419 623 unum,
2448 572 2555 611 non
2582 556 2762 612 deleat
2799 554 3143 613 Sabellianus
3182 571 3377 624 sumus,
3403 555 3491 627 sed
3528 559 3667 616 ambo
3685 555 3769 619 ve?

543 648 778 722 Spiritus
802 657 1022 703 sanctus
1050 661 1150 701 nec
1173 646 1338 702 Pater
1354 657 1459 711 est,
1489 661 1591 701 nec
1614 645 1803 701 Filius.
1838 644 1944 702 Sed
1968 644 2132 700 Pater

543 750 753 798 tantum
782 740 959 804 Pater,
1007 746 1065 794 et
1091 738 1261 795 Filius
1306 748 1516 793 tantum
1551 738 1754 804 Filius,
1801 747 1856 793 et
1896 737 2132 809 Spiritus

542 843 764 891 sanctus
818 840 1029 887 tantum
1090 830 1326 901 Spiritus
1393 840 1631 888 sanctus.
1708 832 1907 886 Eadem
1961 833 2132 887 tribus

540 922 835 989 aeternitas,
863 923 1053 978 eadem
1076 922 1615 988 incommutabilitas,
1639 923 1828 979 eadem
1853 921 2127 991 majestas,

540 1017 729 1073 eadem
760 1024 1019 1087 potestas.
1062 1016 1118 1072 In
1160 1017 1319 1072 Patre
1346 1018 1546 1081 unitas,
1588 1018 1640 1072 in
1665 1017 1804 1073 Filio
1830 1017 2127 1087 :equalitas,

540 1107 598 1161 in
633 1105 839 1178 Spiritu
883 1115 1074 1164 sancto
1100 1109 1325 1163 unitatis
1353 1109 1790 1180 :equalitatisque
1816 1109 2124 1164 concordia.

540 1200 611 1256 Et
645 1201 748 1256 tria
775 1202 894 1258 haec
923 1217 1090 1256 unum
1136 1212 1357 1274 propter
1384 1202 1632 1269 Patrem,
1679 1203 1904 1273 aequalia
1947 1201 2129 1258 omnia

537 1301 765 1364 propter
806 1292 1041 1359 Filium,
1091 1307 1335 1349 connexa
1378 1296 1559 1351 omnia
1607 1304 1829 1367 propter
1871 1294 2132 1365 Spiritum

542 1393 815 1442 sanctum.
851 1404 871 1439 ι
898 1384 966 1440 Et
1002 1384 1057 1441 in
1101 1395 1333 1442 tractatu
1372 1388 1563 1458 psalmi
1605 1389 1822 1460 quinti:
1853 1408 1870 1441 ι
1904 1389 1971 1443 Ει
2020 1390 2134 1444 lucc

544 1476 787 1537 Trinitas
836 1477 1054 1533 nonnisi
1100 1494 1239 1534 unus
1295 1480 1441 1535 Deus
1492 1493 1507 1534 :
1555 1480 1680 1551 quia
1738 1495 1861 1535 cum
1910 1480 2136 1535 dixisset

539 1570 864 1642 Apostolus,
895 1570 984 1627 Ea:
1006 1590 1110 1645 quo
1138 1576 1348 1643 omnia,
1378 1592 1473 1646 per
1496 1592 1649 1647 quem
1689 1577 1897 1643 omnia,
1944 1578 1999 1632 in
2031 1593 2134 1649 quo

543 1664 743 1729 omnia,
789 1663 1112 1723 Trinitatem
1156 1667 1329 1738 ipsam
1375 1669 1681 1726 insinuasse
1721 1670 1984 1736 creditur,
2035 1686 2137 1726 nec

545 1762 726 1838 tamen
757 1754 1007 1825 subjecit,
1037 1758 1167 1830 ipsis
1196 1759 1497 1832 gloria,sed
1524 1763 1623 1833 ipsi
1648 1762 1835 1832 gloria.
1859 1782 1878 1815 ι
1902 1761 2012 1818 Soli
2044 1776 2137 1817 er-

542 1859 612 1918 go
646 1847 759 1905 Deo
787 1848 933 1905 Patri
962 1859 1019 1906 et
1043 1850 1183 1908 Filio
1209 1861 1264 1907 et
1292 1852 1519 1924 Spiritui
1546 1863 1733 1909 sancto
1757 1869 1863 1909 una
1910 1855 2138 1911 debetur

2240 650 2409 715 niant,
2438 659 2494 705 et
2521 652 2629 706 sint
2659 652 2823 707 etiam
2860 651 2967 722 ipsi
2994 651 3049 707 in
3086 650 3241 707 nobis
3282 666 3441 706 unum
3463 691 3479 718 ,
3523 652 3662 710 siculi
3686 671 3765 729 ego

2238 751 2291 797 et
2348 743 2509 800 Pater
2565 761 2732 799 unum
2792 760 2999 799 sumus.
3053 742 3196 816 Ergo
3248 743 3295 798 si
3340 744 3495 800 Pater
3542 753 3592 800 et
3626 745 3765 805 Filius

2237 841 2400 896 sunt,
2464 833 2572 889 imo
2628 834 2754 903 quia
2818 833 3190 889 indubitanter
3252 848 3415 888 unttm
3478 843 3626 901 sunt,
3683 853 3767 893 non

2235 924 2342 979 duo
2396 925 2488 980 sed
2521 942 2662 981 unus
2707 925 2872 990 Deus,
2922 934 2977 982 et
3014 925 3223 995 reliqua
3269 940 3387 995 quze
3424 924 3491 980 ibi
3528 929 3768 998 prosequi-

2239 1024 2344 1070 tur.
2383 1036 2399 1069 ι
2429 1015 2495 1070 Ει
2535 1016 2661 1071 item
2700 1018 2767 1072 de
2818 1015 2924 1071 alio
2958 1015 3231 1087 Evangelii
3275 1014 3416 1087 quod
3456 1010 3621 1085 posuit
3645 1018 3769 1071 testi-

2236 1109 2439 1174 monio,
2497 1106 2562 1162 Ut
2610 1109 2715 1163 sint
2750 1125 2952 1175 unum,
3006 1109 3139 1163 sicut
3196 1118 3245 1163 et
3292 1124 3385 1162 nos
3429 1124 3580 1161 unum
3625 1125 3773 1164 sumus

2236 1200 2420 1275 (Joan.
2447 1219 2579 1268 xvii,
2602 1203 2729 1273 2i),
2763 1203 3103 1272 Augustinus
3146 1201 3314 1258 dicit:
3352 1219 3371 1253 ‹
3405 1199 3482 1255 11ιὶ
3506 1201 3555 1255 in
3591 1215 3674 1255 sua
3696 1217 3773 1255 na-

2237 1303 2358 1349 tura
2398 1310 2563 1349 unum
2596 1295 2648 1350 in
2672 1295 2958 1360 charitate,
2992 1309 3092 1350 nos
3121 1293 3173 1348 in
3219 1301 3404 1348 nostra
3445 1307 3600 1347 unum
3626 1306 3779 1348 sumus

2238 1385 2292 1440 in
2319 1387 2527 1441 unitate
2566 1386 2880 1441 substantia:
2910 1393 2963 1440 et
2993 1385 3195 1457 gloriae.
3241 1384 3356 1456 Ego
3384 1386 3439 1439 in
3476 1385 3566 1448 eis,
3586 1394 3628 1438 et
3655 1393 3703 1438 tu
3736 1386 3779 1438 in

2236 1494 2336 1533 me.
2370 1478 2482 1547 Ego
2507 1478 2562 1533 in
2586 1478 2667 1533 eis
2695 1479 2835 1533 sicut
2864 1488 3029 1548 caput
3075 1478 3127 1533 in
3170 1477 3447 1540 membris,
3480 1484 3531 1531 et
3563 1484 3614 1531 tu
3646 1476 3691 1530 in
3716 1493 3780 1533 me

2239 1571 2380 1627 sicut
2408 1571 2571 1627 Pater
2593 1570 2721 1630 in.F
2728 1571 2853 1635 ilio;
2890 1582 2943 1624 ut
2969 1572 3071 1625 sint
3098 1571 3446 1624 consummati
3472 1570 3523 1623 in
3543 1585 3713 1633 unum,
3741 1569 3782 1623 id

2239 1673 2323 1721 est
2342 1663 2593 1735 perfecti,
2611 1666 2752 1735 quod
2771 1663 3018 1738 perﬁciet
3037 1665 3128 1735 qui
3151 1679 3253 1720 nos
3274 1662 3444 1718 voluit
3458 1678 3611 1717 unum
3625 1662 3782 1718 essein

2240 1772 2299 1812 se
2320 1765 2374 1811 et
2399 1772 2496 1826 per
2512 1773 2603 1822 se;
2632 1768 2687 1810 ut
2710 1766 2989 1827 cognoscat
3018 1757 3248 1810 mundus
3274 1755 3400 1826 quia
3429 1766 3483 1808 tu
3515 1771 3589 1809 me
3611 1755 3781 1819 misisti,

2242 1857 2289 1903 et
2310 1848 2542 1902 dilexisti
2569 1865 2656 1902 eos
2686 1849 2821 1902 sicut
2866 1856 2915 1901 et
2940 1863 3023 1901 me
3071 1847 3308 1902 dilexisti
3337 1844 3513 1918 (lonn.
3556 1861 3673 1909 xvii,
3695 1845 3780 1913 23).

544 1939 813 2008 adoratio,
845 1942 1039 2013 gloria,
1090 1953 1145 1998 et
1172 1946 1427 2012 servitus,
1471 1956 1524 2002 et
1548 1947 1848 2018 gratiarum
1878 1948 2044 2015 actio,
2087 1957 2142 2004 et

2252 1937 2493 1994 Dilexisti
2522 1951 2638 2004 eos,
2670 1946 2732 1992 ut
2780 1947 2965 1993 essent
3019 1938 3163 2008 quod
3210 1952 3320 1993 non
3354 1946 3545 2002 erant;
3593 1935 3785 1991 dilexisti

544 2049 655 2091 non
700 2037 1030 2107 separatim,
1081 2047 1141 2093 ut
1173 2038 1562 2096 Gothescalcus
1602 2040 1943 2111 blasphemat
1970 2059 1983 2095 :
2012 2041 2141 2112 quia

541 2138 606 2184 ut
630 2128 759 2185 item
784 2130 1119 2203 Augustinus
1141 2133 1192 2187 in
1217 2132 1355 2189 libro
1381 2134 1593 2205 quinto,
1617 2143 1671 2189 et
1702 2135 1754 2189 in
1783 2134 1921 2190 libro
1945 2144 2143 2190 octavo

546 2222 615 2278 de
649 2218 917 2278 Trinitate
945 2224 1116 2279 dicit:
1151 2244 1171 2277 ι
1203 2224 1475 2296 Quidquid
1504 2225 1940 2284 substantialitcr
1964 2228 2015 2281 in
2047 2226 2145 2282 Pa-

546 2325 634 2373 tre
657 2326 713 2373 et
743 2316 884 2374 Filio
909 2325 967 2374 et
993 2316 1201 2390 Spiritu
1230 2329 1422 2377 sancto
1452 2322 1669 2386 dicitur,
1698 2336 1807 2377 non
1836 2320 2141 2392 pluraliter,

546 2411 645 2468 sed
676 2410 1028 2482 singulariter
1050 2411 1179 2469 -dici
1211 2412 1373 2468 debet
1417 2421 1470 2468 et
1500 2413 1703 2485 accipi,
1750 2422 1810 2468 ut
1852 2415 1995 2469 Deus
2025 2429 2143 2468 ma-

478 2486 483 2495 ’
547 2517 707 2576 gnus,
737 2504 934 2571 bonus,
964 2504 1333 2575 omnipotens,
1366 2505 1509 2560 sicut
1532 2506 1797 2576 scriptum
1823 2515 1907 2561 est
1930 2547 1944 2567 ,
1981 2504 2061 2559 Tu
2091 2521 2144 2561 es

544 2595 689 2652 Deus
727 2598 873 2652 solus
902 2594 1076 2668 (Psal.
1106 2611 1309 2662 Lxxxv,
1347 2596 1488 2670 10);
1521 2607 1606 2663 et,
1639 2596 1809 2653 Nemo
1840 2598 2004 2653 bonus
2044 2598 2145 2653 nisi

544 2706 684 2746 unus
698 2688 1008 2762 Deus(Luc.
1036 2707 1194 2757 xviri,
1225 2692 1335 2762 l9).
1364 2710 1383 2744 ι
1409 2689 1513 2747 Uni
1542 2691 1707 2763 igitur
1736 2699 1791 2746 et
1816 2690 1916 2746 soli
1949 2692 2061 2746 Deo
2091 2700 2147 2747 ct

530 2795 652 2837 una
684 2783 879 2855 gloria,
907 2793 960 2840 et
988 2799 1095 2839 una
1120 2786 1419 2857 gratiarum
1446 2784 1590 2839 actio
1633 2784 1885 2850 debetur,
1912 2792 1974 2839 ut
2004 2784 2144 2839 idem

547 2874 886 2945 Augustinus
934 2875 1062 2932 alibi
1111 2884 1380 2931 monstrat
1426 2876 1654 2932 dicens:
1699 2875 1817 2933 Una
1865 2883 1951 2932 est
1983 2875 2149 2946 igitur

546 2966 727 3023 Patris
756 2977 810 3022 et
835 2966 957 3021 Filii
987 2977 1040 3022 et
1069 2967 1305 3037 Spiritus
1334 2968 1505 3021 sancti
1536 2969 1797 3033 essentia,
1821 2966 1876 3022 in
1910 2982 2017 3037 qua
2042 2982 2146 3022 non

551 3065 638 3112 est
667 3057 814 3113 aliud
840 3057 1021 3123 Pater,
1054 3058 1198 3113 aliud
1229 3058 1416 3122 Filius,
1462 3058 1606 3112 aliud
1639 3058 1877 3128 Spiritus
1902 3067 2146 3123 sanctus,

548 3150 797 3221 quamvis
824 3149 1184 3220 personaliter
1228 3151 1297 3205 sit
1341 3150 1479 3205 alius
1520 3150 1704 3219 Pater,
1758 3150 1896 3206 alius
1946 3150 2143 3214 Filius,

551 3242 690 3297 alius
736 3240 972 3312 Spiritus
1002 3250 1241 3298 sanctus.
1280 3242 1434 3309 Quod
1477 3244 1633 3298 nobis
1669 3243 1903 3298 maxime
1932 3243 1988 3297 in
2031 3242 2148 3313 ipso

2248 2044 2352 2094 me,
2397 2039 2455 2084 ut
2489 2044 2662 2085 essent
2714 2029 2858 2100 quod
2886 2044 3100 2099 semper
3128 2029 3237 2096 fui;
3292 2028 3522 2084 dilexisti
3566 2042 3644 2083 me
3680 2028 3787 2083 sicut

2247 2122 2633 2188 unicum,illos
2680 2121 2867 2192 utique
2911 2122 3053 2177 sicut
3101 2121 3411 2193 adoptivos.
3446 2120 3668 2176 Dilexisti
3699 2128 3787 2183 eos,

2248 2223 2306 2268 ut
2333 2228 2431 2286 per
2474 2229 2562 2269 me
2592 2213 2645 2268 in
2676 2221 2730 2268 te
2786 2223 3002 2280 essent;
3054 2213 3296 2268 dilexisti
3344 2230 3449 2280 me,
3477 2222 3535 2268 ut
3563 2227 3652 2283 per
3674 2221 3717 2267 te
3751 2213 3791 2266 in

2248 2316 2302 2363 te
2353 2323 2551 2363 essem.
2592 2328 2610 2360 ι
2655 2306 2859 2363 Contra
2916 2308 3019 2363 hoc
3074 2308 3218 2378 quod
3268 2307 3420 2364 solus
3465 2307 3600 2363 inter
3644 2300 3791 2363 onines

2247 2400 2531 2458 haereticos
2560 2400 2759 2457 dixisse
2791 2400 3024 2474 legitur:
3047 2419 3065 2452 ε
3088 2401 3191 2470 Qui
3216 2401 3353 2457 dicit
3394 2400 3791 2471 unicuilibetper-

2248 2510 2416 2555 sonte.
2447 2494 2564 2550 Tibi
2598 2495 2709 2551 Deo
2732 2495 2954 2567 gratias,
2998 2506 3163 2567 atque
3193 2510 3355 2566 :eque
3385 2496 3586 2551 caeteris
3625 2493 3791 2549 duabus

2246 2588 2493 2659 personis
2511 2604 2525 2642 :
2542 2587 2711 2644 Vobis
2739 2589 2850 2644 Deo
2874 2589 3103 2661 gratias,
3124 2604 3326 2645 revera
3348 2587 3631 2645 catholicus
3650 2595 3791 2651 est,ac

2246 2696 2408 2736 verus
2437 2680 2625 2752 utique
2653 2679 3018 2747 Christianus,
3050 2690 3104 2737 et
3150 2681 3285 2737 hinc
3312 2696 3371 2737 se
3416 2682 3602 2738 crebro
3629 2680 3792 2736 dixisse

2247 2769 2451 2826 fatetur
2478 2770 2704 2842 Spiritui
2751 2779 2941 2827 sancto
2965 2790 2979 2827 :
3006 2771 3164 2842 veni,
3216 2772 3505 2829 benedicte
3548 2772 3675 2828 Deus
3709 2771 3790 2825 Do-

2248 2864 2395 2919 mine
2418 2863 2697 2935 paraclite,
2720 2865 2844 2921 veni
2876 2864 3077 2921 missus
3108 2881 3138 2920 a
3161 2865 3454 2923 benedicto
3481 2866 3586 2923 Deo
3610 2865 3791 2920 Domino

2249 2954 2531 3026 paraclito,
2558 2956 2614 3011 in
2666 2956 2885 3012 nomine
2916 2955 3189 3012 benedicti
3234 2956 3338 3014 Dei
3383 2967 3437 3015 et
3487 2957 3682 3013 Domini
3718 2971 3791 3027 pa-

2251 3046 2461 3112 racliti;
2495 3057 2589 3104 et:
2618 3047 2701 3104 Sit
2728 3063 2951 3120 semper
2993 3064 3172 3105 omnis
3215 3049 3417 3118 honor,
3449 3048 3590 3115 laus,
3628 3058 3675 3105 et
3703 3046 3791 3118 glo-

2250 3140 2332 3195 ria
2378 3139 2576 3196 merito
2616 3140 2770 3197 vobis
2822 3141 3109 3199 benedicto
3148 3140 3261 3198 Deo
3304 3142 3532 3199 Domino
3582 3138 3793 3213 paraclito

2251 3241 2398 3297 trino
2439 3250 2495 3296 et
2541 3240 2671 3308 uni,
2710 3249 3004 3313 vestroque
3058 3239 3222 3296 simul
3282 3240 3564 3297 benedicta
3609 3234 3795 3301 nomini,

551 3342 867 3390 sanctarum
916 3334 1325 3406 Scripturarnm
1374 3336 1781 3393 demonstratur
1816 3337 2008 3402 initio,
2054 3336 2146 3393 ubi
2175 3324 2220 3388 C
2251 3348 2463 3390 necnon
2515 3341 2571 3390 et
2631 3333 2866 3389 numini.
2930 3333 3124 3388 Amen.
3174 3352 3192 3384 ι
3251 3330 3489 3389 Sanctus
3554 3328 3796 3400 Gregorius

552 3428 697 3484 Deus
719 3428 882 3484 dicit:
911 3427 1204 3485 Faciamus
1225 3429 1486 3485 hominem
1513 3430 1582 3485 ad
1613 3430 1894 3501 imaginem
1923 3438 1971 3485 et
1998 3429 2146 3485 simi-

552 3519 829 3575 litudinem
850 3531 1087 3576 nostram
1119 3520 1284 3592 (Gen.
1318 3538 1333 3575 ι
1357 3562 1373 3588 ,
1398 3520 1524 3593 26).
1553 3520 1690 3577 Cum
1715 3520 1859 3576 enim
1890 3520 2149 3594 singulari

553 3627 782 3667 nantem
824 3613 961 3667 dixit
1004 3614 1325 3685 imaginem,
1404 3615 1646 3670 ostendit
1692 3630 1854 3669 unam
1901 3623 2149 3670 naturam

552 3716 695 3767 esse,
723 3703 790 3757 ad
816 3701 971 3771 cujus
996 3703 1284 3775 imaginem
1312 3707 1475 3762 homo
1502 3706 1676 3762 lleret.
1702 3705 1836 3761 Cum
1859 3721 1990 3761 vero
2015 3706 2150 3761 dicit

553 3794 841 3867 pluraliter
869 3805 1110 3853 nostram
1132 3839 1147 3864 ,
1175 3800 1417 3855 ostendit
1442 3800 1610 3854 Deum
1631 3840 1645 3862 ,
1689 3798 1757 3855 ad
1787 3800 1940 3871 cujus
1966 3799 2154 3870 imagi-

554 3904 679 3943 nem
702 3890 866 3945 homo
894 3890 1081 3959 ﬁebat,
1108 3907 1215 3947 non
1242 3907 1406 3948 unam
1437 3907 1558 3948 esse
1583 3907 1894 3963 personam.
1924 3890 1981 3947 Si
2007 3892 2151 3947 enim

554 3969 646 4037 illa
703 3998 808 4037 una
850 3985 1084 4040 essentia
1127 3984 1307 4042 Patris
1348 3994 1404 4041 et
1448 3985 1571 4042 Filii
1602 3995 1657 4042 et
1701 3986 1940 4059 Spiritus
1978 3987 2151 4043 sancti

557 4091 665 4148 uga
691 4084 835 4131 esset
856 4092 1123 4148 persona,
1173 4093 1280 4133 non
1326 4078 1601 4133 diceretur
1629 4077 1695 4133 ad
1730 4079 2024 4148 imaginem
2053 4094 2153 4133 no-

552 4176 745 4236 stram,
777 4169 871 4225 sed
898 4171 965 4226 ad
991 4171 1282 4239 imaginem
1314 4187 1513 4237 meam;
1543 4187 1645 4226 nec
1673 4172 1923 4237 dixisset,
1949 4171 2145 4225 Facia-

553 4275 712 4326 mus,
762 4262 892 4328 sed,
940 4260 1182 4317 Faciam.
1219 4261 1279 4318 Si
1306 4277 1437 4318 vero
1474 4263 1527 4317 in
1557 4262 1662 4319 illis
1694 4264 1868 4318 tribus
1907 4262 2157 4333 personis

555 4361 671 4408 tres
700 4364 883 4410 essent
928 4355 1423 4426 intelligentite'vel
1470 4356 1755 4410 credenda
1801 4354 2153 4419 substantiae,

554 4462 665 4501 non
692 4447 962 4501 diceretur
985 4447 1053 4501 ad
1080 4447 1369 4518 imaginem
1397 4459 1663 4512 nostram,
1687 4447 1779 4502 sed
1805 4448 1871 4501 ad
1894 4446 2157 4517 imagines

556 4548 795 4594 nostras.
856 4538 940 4594 Ad
1002 4555 1165 4594 uuam
1227 4541 1427 4612 quippe
1492 4541 1785 4612 imaginem
1838 4540 1999 4596 unius
2061 4541 2155 4596 Dei

558 4634 724 4688 homo
746 4632 921 4688 factus
948 4633 1166 4701 dicitur,
1196 4644 1256 4687 ut
1285 4650 1391 4690 una
1428 4642 1631 4690 sancta:
1658 4634 1946 4691 Trinitatis
1968 4650 2155 4691 essen-

558 4725 761 4781 tialiter
787 4726 1039 4782 divinitas
1067 4727 1367 4783 intimetur.
1404 4729 1475 4784 De
1501 4729 1750 4800 exemplo
1774 4740 1954 4785 autem
1986 4745 2153 4785 eran-
2181 4701 2235 4762 D

558 4818 731 4889 gelico
754 4860 767 4882 ,
819 4818 930 4891 Ego
964 4828 1012 4873 et
1059 4818 1221 4875 Pater
1249 4837 1413 4875 unum
1441 4837 1622 4876 sumus
1668 4823 1863 4894 (Joan.
1898 4839 1966 4890 χ,
2014 4823 2116 4895 30)
2139 4864 2153 4891 ,

560 4909 722 4982 533
771 4912 1091 4968 Ambrosius
1148 4913 1337 4968 scribit
1383 4912 1497 4985 (lib.
1538 4915 1649 4969 ide
1688 4914 1844 4981 Fide,
1896 4933 2008 4987 cap.
2048 4916 2101 4988 1)
2139 4935 2151 4970 ;

566 5025 585 5056 ε
621 5004 823 5072 Unum,
857 5006 1126 5076 inquiens,
1160 5006 1314 5069 dixit,
1347 5023 1414 5062 ne
1445 5008 1537 5061 liat
1580 5006 1839 5062 discretio
1869 5007 2157 5077 potestatis

560 5109 617 5155 et
652 5111 861 5156 natura:
908 5117 922 5155 :
972 5117 1154 5155 sumus
1200 5098 1436 5165 addidit,
1484 5109 1544 5155 ut
1591 5101 1808 5157 Patrem
1855 5101 2159 5171 Filiumque

560 5208 877 5265 ctignoscas,
906 5194 1049 5265 quod
1095 5192 1369 5264 perfectus
1411 5192 1573 5248 Pater
1607 5192 1907 5265 perlectum
1958 5193 2155 5248 Filium

561 5285 811 5355 genuisse
841 5286 1117 5351 credatur,
1140 5293 1193 5339 et
1216 5282 1379 5338 Pater
1405 5298 1467 5339 ac
1492 5282 1665 5339 Filius
1691 5300 1858 5339 unum
1890 5284 2019 5347 sint,
2050 5300 2155 5338 non

560 5393 914 5449 personarum
960 5378 1318 5443 confusione,
1372 5380 1466 5433 sed
1514 5378 1721 5433 unitate
1774 5386 1999 5433 naturae.
2038 5397 2056 5429 ι
2094 5379 2160 5437 Et.

560 5470 895 5541 Augustinus
923 5471 977 5525 in
1008 5471 1148 5526 libro
1186 5481 1375 5526 contra
1405 5469 1647 5542 quinque
1673 5470 1952 5525 haereses:
1980 5490 1997 5520 ι
2029 5469 2159 5523 Pcr-

560 5567 705 5624 eant,
750 5560 945 5630 inquit,
984 5561 1258 5631 vaniloqui
1305 5569 1359 5615 et
1389 5562 1586 5617 mentis
1618 5561 1957 5625 seductores,
2004 5560 2159 5614 Aria-

562 5666 668 5707 nus
694 5659 748 5705 et
770 5650 1127 5707 Sabellianus.
1164 5651 1300 5707 Nam
1340 5651 1454 5723 Ego
1484 5662 1533 5706 et
1558 5650 1719 5706 Pater
1758 5668 1920 5706 unum
1952 5669 2155 5706 sumus.

564 5742 683 5797 Non
705 5743 861 5809 dixit,
888 5744 999 5815 Ego
1023 5754 1077 5800 et
1101 5743 1265 5800 Pater
1302 5760 1468 5799 unum
1501 5760 1642 5809 sum,
1667 5745 1760 5800 sed
1789 5761 1888 5816 ego
1918 5754 1971 5799 et
2002 5745 2161 5799 Pater

567 5849 733 5887 unum
759 5847 963 5889 sumus.
987 5835 1143 5901 Quod
1163 5835 1285 5889 dico
1306 5852 1491 5901 unum,
1516 5836 1700 5890 audiat
1721 5836 1982 5903 Arianus;
2016 5838 2158 5907 quod

567 5924 689 5981 dico
716 5941 919 5993 sumus,
951 5926 1134 5982 audiat
1164 5926 1524 5984 Sabellianus.
1550 5927 1667 5984 Non
1700 5929 1905 5986 dividat
1928 5930 2159 5986 Arianus

2252 3426 2479 3498 loquens
2518 3427 2576 3482 in
2623 3426 2847 3483 homilia
2900 3425 3111 3483 decima
3158 3435 3316 3483 sexta
3368 3424 3656 3483 Ezechielis
3702 3435 3797 3493 pro-

2251 3522 2450 3591 phetae,
2506 3520 2666 3576 aliter
2716 3535 2878 3590 quam
2931 3518 3148 3576 Veteris
3204 3534 3272 3575 ac
3327 3518 3465 3575 Novi
3516 3510 3797 3572 Testamenti

2253 3618 2408 3674 electi
2447 3618 2539 3673 Dei
2563 3617 2812 3672 homines
2840 3624 3131 3672 senserunt
3163 3630 3291 3671 eum
3316 3616 3518 3671 sentire
3554 3607 3797 3670 convincit,

2254 3709 2469 3766 dicens:
2494 3729 2511 3761 ι
2538 3708 2843 3781 Spiritalcs,
2865 3709 3062 3782 inquit,
3098 3709 3171 3763 illi
3211 3707 3407 3765 Patres
3429 3706 3797 3777 omnipotentem

2256 3801 2425 3857 Deum
2456 3800 2779 3857 Trinitatem
2811 3803 2885 3857 ita
2934 3816 3055 3856 esse
3102 3801 3481 3867 crediderunt,
3510 3799 3641 3854 sicut
3683 3807 3800 3849 eam-

2258 3897 2377 3953 dem
2428 3894 2754 3952 Trinitatem
2804 3896 2933 3951 novi
2982 3896 3178 3950 Patres
3245 3904 3439 3966 aperte
3490 3890 3643 3948 locuti
3686 3891 3798 3942 sunt.

2258 3986 2425 4043 Isaias
2483 4003 2719 4059 namque
2769 3987 2980 4043 audivit
3032 3985 3281 4059 angelica
3336 3986 3547 4057 agmina
3604 3983 3652 4038 in
3697 3974 3802 4034 caalo

2258 4080 2582 4146 clamantia,
2638 4078 2908 4145 Sanctus,
2961 4077 3223 4144 Sanctus,
3276 4078 3545 4144 Sanctus,
3595 4072 3805 4129 Domina

2258 4175 2401 4230 Deus
2429 4176 2647 4230 sabaoth
2676 4173 2812 4245 (Isa.
2840 4190 2915 4239 vi,
2943 4173 3025 4243 '5).
3054 4172 3125 4229 Ut
3154 4173 3302 4228 enim
3331 4182 3673 4243 personarum
3713 4160 3804 4218 Tri-

2260 4267 2401 4324 nitas
2427 4277 2840 4333 monstraretur,
2875 4267 3039 4322 tertio
3082 4274 3307 4323 sanctus
3365 4265 3599 4329 dicitur;
3646 4257 3725 4315 sed
3762 4258 3806 4305 ιιι

2260 4378 2365 4418 una
2398 4378 2519 4419 esse
2548 4361 2849 4419 substantia
2882 4360 3167 4416 Trinitatis
3198 4369 3483 4434 appareat,
3515 4372 3614 4413 non
3636 4343 3806 4409 Domini

2261 4458 2509 4523 sabaoth,
2537 4457 2629 4512 sed
2661 4454 2925 4511 Dominus
2965 4468 3087 4509 esse
3124 4454 3467 4526 perhibetur.
3507 4445 3649 4518 Quod
3676 4436 3807 4496 David

2261 4566 2475 4622 quoque
2523 4549 2774 4605 similiter
2803 4550 3047 4604 sentiens
3094 4548 3172 4603 ait
3204 4566 3216 4602 :
3247 4546 3535 4602 Benedicat
3583 4557 3667 4597 nos
3700 4534 3807 4622 Deut

2262 4621 2406 4699 Deus
2438 4652 2632 4706 noster,
2667 4642 2936 4697 benedicat
2968 4659 3061 4696 nos
3103 4639 3246 4696 Deus
3279 4639 3454 4713 (Psal.
3488 4650 3626 4699 Lm,
3656 4632 3721 4701 8),
3741 4621 3808 4695 (ιιιῖ

2261 4750 2383 4791 cum
2409 4734 2568 4788 tertio
2601 4733 2831 4789 dixisset
2861 4734 3053 4799 Deum,
3087 4743 3147 4789 ut
3171 4748 3339 4787 unum
3365 4732 3509 4787 hunc
3533 4740 3645 4784 esse
3668 4726 3810 4777 osten-

2262 4826 2446 4890 deret,
2492 4823 2763 4879 subdidit:
2784 4821 2853 4878 Et
2880 4833 3115 4878 metuant
3146 4840 3265 4877 eum
3305 4838 3486 4877 omnes
3516 4820 3637 4892 ﬁnes
3672 4823 3806 4867 terra.

2262 4917 2462 4974 Paulus
2494 4931 2709 4987 quoque
2743 4914 2984 4988 loquitur
3029 4915 3216 4972 dicens
3255 4933 3267 4969 :
3316 4913 3582 4980 Quoniam
3611 4923 3669 4961 et:
3706 4903 3808 4973 ipso,

2262 5018 2310 5061 et
2336 5025 2429 5079 per
2449 5008 2640 5078 ipsum,
2674 5017 2722 5061 et
2749 5009 2802 5062 in
2827 5007 2937 5078 ipso
2967 5017 3087 5060 sunt
3113 5005 3312 5060 omnia.
3342 5003 3419 5058 Ex
3446 5004 3584 5074 ipso,
3606 4991 3811 5051 videlicet

2265 5102 2504 5175 53am:
2525 5101 2716 5168 Patre;
2734 5117 2830 5171 per
2846 5101 3041 5173 ipsum,
3060 5116 3158 5172 per
3174 5099 3371 5154 Filium
3400 5096 3486 5162 ;in
3511 5096 3623 5165 ipso
3645 5094 3808 5175 autem.

2263 5196 2316 5250 in
2343 5174 2547 5265 Spiritu
2571 5202 2779 5250 sancto.
2801 5193 2971 5261 Quem
2995 5208 3126 5264 ergo
3148 5194 3323 5264 ipsum
3349 5205 3475 5245 cum
3505 5185 3654 5241 tertio
3677 5174 3811 5233 dixis-

2262 5297 2386 5354 set,
2441 5287 2717 5358 adiunxit:
2759 5284 2871 5356 Ipsi
2934 5284 3104 5357 gloria
3164 5285 3219 5339 in
3265 5279 3464 5337 sa’cula
3525 5272 3808 5333 surculorum-

2262 5378 2361 5446 Qui
2404 5380 2547 5434 enim
2602 5393 2707 5433 non
2752 5376 2884 5432 dicit
2939 5377 3100 5446 ipsis,
3160 5376 3253 5430 sed
3306 5374 3455 5444 ipsi,
3511 5363 3719 5425 dicendo
3744 5366 3809 5410 lel’

2264 5472 2462 5543 ipsum,
2495 5470 2741 5525 distinxit
2782 5484 3076 5539 personas,
3110 5477 3163 5524 et
3190 5463 3562 5536 subiungendo
3602 5456 3690 5543 ipsi
3725 5447 3811 5543 9¹⁰⁴

2268 5540 2376 5628 ria,
2412 5578 2518 5618 non
2564 5561 2743 5617 divisit
2778 5560 3158 5616 substantiam.
3206 5579 3223 5612 ι
3270 5557 3388 5623 Quo
3416 5564 3600 5611 contra
3643 5540 3805 5601 Gothe-

2267 5658 2478 5713 scalcus
2506 5696 2518 5719 ,
2571 5655 2725 5725 quasi
2759 5653 2922 5709 altius
2963 5669 3022 5708 se
3054 5652 3357 5721 intelligere
3387 5646 3613 5704 ellerens
3648 5639 3810 5694 sancte

2268 5748 2550 5803 Trinitatis
2578 5724 2933 5816 personarum
2980 5745 3316 5800 divinitatem
3342 5782 3357 5805 ,
3402 5752 3561 5811 quam
3591 5724 3807 5816 ιιηεθηίίίξ

2269 5840 2553 5910 Scraphim
2588 5841 2642 5894 in
2673 5838 2811 5894 coelo
2837 5839 3077 5896 virtutes.
3105 5836 3246 5890 inter
3275 5847 3415 5904 quas
3439 5839 3492 5884 et
3522 5829 3676 5917 Deunt
3703 5809 3807 5917 ulti“

2269 5931 2357 5986 alii
2390 5932 2611 6003 spiritus
2639 5931 2925 5996 intersunt,
2958 5937 3014 5985 et
3038 5927 3128 5984 illa
3158 5928 3322 5985 etiam
3357 5921 3564 5997 agmina
3587 5912 3806 5975 ccelestia.
