4026 6340
248 430 351 491 597
1250 419 1370 479 ’ΒΕ
1408 418 1551 478 UNA
1591 419 1680 476 ET
1708 417 1849 491 NON
1889 417 2101 476 TBINA
2141 415 2456 474 DEITATE.
3415 408 3519 465 598

244 562 366 619 qua:
388 539 670 617 plemtudo
706 535 950 599 scientia:
986 535 1361 617 nominantur,
1392 534 1653 608 dignitate
1686 548 1827 605 praa-
1855 538 1910 601 Α
1933 532 2064 588 lium
2095 543 2437 603 separemus;
2474 543 2668 600 neque,
2697 524 2756 585 u't
2781 528 2972 597 Judaei,
3005 536 3193 585 natum
3230 543 3299 584 ex
3333 525 3516 594 Patre,

242 638 469 698 uellant.
498 635 566 697 Et
589 632 747 707 quasi
769 632 971 691 rectius
991 630 1359 703 interpretans
1379 629 1522 701 quod
1549 626 1654 687 illa:
1685 626 1833 683 velut

239 749 354 792 non
398 727 763 803 intelligentes
810 725 936 799 quid
967 725 1211 785 dicerent
1256 732 1636 792 cantaverunt,
1665 738 1830 795 quam

235 826 433 892 lsaias,
470 821 564 895 qui
606 820 822 881 easdem
846 819 1078 877 virtutes
1124 818 1379 877 caelestes
1424 819 1685 893 hymnum
1716 817 1832 873 Deo

235 917 463 988 dignum
492 920 777 971 cantantes
798 910 1005 967 audivit
1030 928 1048 976 ;
1078 920 1135 968 et
1180 911 1508 983 profundius
1547 926 1710 968 sensu
1737 924 1831 965 ca-

231 1011 397 1084 piens
432 1006 705 1067 canticum
744 1003 936 1076 psalmi
982 1004 1248 1071 Davidici,
1276 1019 1440 1076 quam
1485 1004 1601 1075 ipse
1634 1001 1824 1069 David,

229 1104 331 1176 qui
358 1115 524 1172 super
550 1097 795 1156 seniores
815 1111 967 1163 suos,
989 1105 1046 1152 et
1075 1110 1237 1168 super
1253 1110 1445 1152 omnes
1479 1095 1739 1151 docentes
1769 1106 1829 1147 se

230 1196 547 1262 intellexit;
614 1201 673 1248 et
719 1192 884 1249 altius
919 1199 1121 1249 .meute
1163 1191 1470 1265 percipiens
1523 1204 1645 1261 quae
1690 1190 1827 1244 dans

229 1293 356 1351 sine
384 1298 568 1348 mente
593 1302 785 1347 sonum
815 1285 1016 1345 Paulus
1059 1285 1220 1350 dixit,
1248 1284 1341 1356 qui
1393 1296 1566 1354 usque
1610 1281 1678 1337 ad
1711 1289 1824 1336 ter-

229 1384 373 1439 tium
398 1382 600 1441 ctelum
630 1388 818 1451 raptus
840 1376 963 1444 fuit,
990 1386 1047 1433 et
1074 1378 1128 1437 in
1156 1376 1409 1449 paradiso
1431 1391 1631 1433 arcana
1657 1373 1826 1429 verba

226 1476 464 1540 audivit,
496 1482 552 1529 et
595 1488 693 1546 per
720 1488 905 1543 quem,
936 1479 997 1526 ut
1027 1469 1201 1527 isdem
1232 1468 1560 1535 conﬁtetur,
1608 1468 1824 1524 locutus

224 1576 317 1623 est
351 1566 627 1633 Christus,
656 1579 766 1623 non
792 1564 876 1619 sic
917 1562 1257 1633 insipienter,
1290 1561 1431 1617 sicut
1458 1562 1677 1617 videtur
1721 1560 1825 1617 sibi

225 1658 413 1713 visum
441 1656 606 1713 fuisse
627 1695 643 1723 ,
684 1664 746 1711 ut
778 1653 995 1725 agmina
1033 1653 1291 1711 dixerunt
1334 1652 1580 1709 caelestia
1611 1670 1623 1705 :
1655 1650 1823 1706 Plena

224 1760 306 1806 est
334 1750 509 1806 omnis
535 1759 677 1804 terra
724 1746 895 1818 gloria
926 1746 1064 1818 ejus,
1099 1745 1183 1801 vel
1225 1747 1369 1805 sicut
1398 1745 1524 1801 inde
1554 1744 1823 1802 catholica

223 1843 395 1898 docta
418 1848 603 1898 cantat
626 1839 872 1897 Ecclesia
908 1853 923 1893 :
956 1836 1110 1894 Pleni
1143 1847 1266 1895 sunt
1309 1837 1422 1895 cali
1450 1846 1497 1892 et
1524 1847 1678 1909 iterra
1714 1836 1825 1908 glo-

1935 630 2059 679 ante
2091 630 2335 695 tempora
2378 630 2433 676 et
2471 636 2536 677 cx
2563 619 2786 692 Virgine
2824 629 3007 693 postea
3050 621 3253 677 editum
3288 620 3516 690 denege-

1932 731 2086 783 mus;
2134 728 2333 786 neque,
2367 721 2427 769 ut
2459 711 2747 780 Sabellius,
2784 713 2998 769 Patrem
3037 712 3433 769 confundamus
3462 717 3519 766 et

1932 810 2202 877 Verbum,
2238 818 2298 867 ut
2325 810 2570 866 eumdem
2601 808 2817 865 Patrem
2852 821 3164 864 asseramus
3193 813 3248 860 et
3274 802 3472 858 Filium
3499 818 3514 868 ;

1931 921 2128 976 neque,
2169 912 2228 960 ut
2260 903 2543 970 Photinus,
2576 900 2788 957 initium
2823 899 2945 956 Filii
2985 914 3049 955 ex
3082 898 3305 970 Virgine
3343 894 3512 966 depu-

1932 1010 2141 1066 temus;
2190 1013 2383 1070 neque,
2417 1005 2477 1051 ut
2506 995 2697 1060 Arius,
2735 993 2920 1065 plures
2950 992 3222 1049 credendo
3260 999 3315 1047 et
3352 988 3513 1045 dissi-

1930 1092 2085 1149 miles
2108 1099 2421 1164 potestates,
2444 1088 2625 1160 plures
2657 1087 2788 1143 deos
2809 1085 2997 1158 gentili
3021 1099 3207 1141 errore
3228 1083 3523 1148 faciamus,

1929 1186 2056 1257 quia
2086 1184 2344 1254 scriptum
2371 1190 2455 1238 est
2480 1200 2493 1236 :
2528 1179 2693 1246 Audi,
2721 1177 2909 1242 Israel,
2942 1176 3199 1231 Dominus
3225 1173 3368 1230 Deus
3395 1183 3518 1228 tuus

1928 1278 2070 1334 Deus
2102 1294 2237 1332 unus
2265 1286 2339 1333 est
2368 1274 2547 1348 (Deut,
2576 1288 2651 1340 v1,
2675 1270 2753 1345 4).
2806 1271 2950 1326 Deus
2978 1269 3123 1325 enim
3166 1276 3221 1323 et
3258 1266 3520 1323 Dominus

1928 1386 2124 1428 nomen
2170 1367 2607 1441 magniﬁcentia,
2654 1378 2855 1421 nomen
2900 1369 2987 1417 est
3030 1358 3334 1433 potestatis,
3381 1357 3521 1413 sicut

1928 1463 2044 1535 ipse
2071 1462 2202 1517 dicit
2228 1478 2241 1515 :
2276 1459 2532 1515 Dominus
2562 1456 2705 1512 Deus
2737 1471 2924 1510 nomen
2949 1462 3023 1508 est
3049 1450 3177 1505 mihi
3205 1446 3401 1510 (Exod.
3433 1463 3518 1513 ιιι,

1929 1555 2043 1628 15),
2082 1564 2137 1610 et
2173 1553 2312 1609 sicut
2343 1550 2468 1607 alibi
2506 1548 2769 1622 propheta
2802 1543 3044 1610 asserit,
3092 1541 3347 1596 Dominus
3375 1536 3521 1593 Deus

1928 1648 2247 1717 omnipotens
2292 1661 2479 1699 nomen
2521 1650 2597 1697 est
2637 1644 2684 1696 ei
2716 1638 2914 1710 (Exod.
2938 1650 3030 1702 xv;
3065 1630 3177 1689 Isa.
3206 1630 3360 1703 xui).
3417 1629 3524 1685 Do-

1927 1740 2106 1796 minus
2139 1751 2267 1810 ergo
2308 1743 2363 1791 et
2401 1735 2560 1797 Deus,
2590 1732 2677 1788 vel
2719 1730 2863 1803 quod
2908 1727 3216 1784 dominetur
3242 1720 3520 1787 omnibus,

1926 1831 2011 1887 vel
2043 1831 2183 1902 quod
2225 1833 2432 1901 spectet
2468 1825 2684 1891 omnia,
2731 1832 2788 1878 et
2828 1822 3086 1877 timeatur
3113 1832 3145 1872 a
3172 1813 3404 1871 cunctis.
3456 1811 3520 1867 Si

223 1935 312 1988 ria
342 1944 471 1998 tua;
508 1948 617 1990 non
660 1931 970 2005 intelligens
1013 1931 1197 1987 dicere
1225 1949 1238 1986 :
1268 1929 1413 2002 pleni
1434 1937 1561 1987 sunt
1604 1928 1728 1984 caeli
1766 1926 1898 1989 etB
1924 1941 2054 1997 ergo
2097 1939 2237 1980 unus
2285 1923 2444 1985 Deus,
2494 1935 2663 1975 unum
2709 1930 2929 1981 nomen,
2970 1927 3077 1969 una
3118 1916 3384 1983 potestas,
3411 1918 3522 1960 una

224 2034 383 2083 terra
412 2027 580 2099 gloria
622 2035 840 2092 vestra;
884 2036 985 2085 et:
1018 2026 1258 2085 Metuant
1302 2039 1448 2094 eum,
1476 2032 1530 2080 et
1570 2038 1677 2080 non
1710 2038 1824 2080 me-

223 2126 395 2175 tuant
418 2133 516 2174 vos
543 2132 734 2177 omnes
764 2117 903 2175 lines
945 2127 1137 2183 terrae;
1170 2125 1225 2172 et
1254 2115 1357 2188 ipsi
1394 2115 1562 2188 gloria
1582 2155 1597 2180 ,
1616 2106 1687 2170 'et
1713 2129 1825 2169 non

225 2214 390 2269 vobis
418 2212 618 2285 gloria,
672 2212 811 2269 dixit
848 2213 905 2269 in
952 2211 1301 2269 conclusione
1325 2226 1460 2273 ,suze
1498 2207 1826 2266 laudationis

222 2316 397 2379 atque
416 2306 701 2374 orationis,
732 2306 861 2379 quin
889 2306 1072 2379 potius
1087 2303 1568 2380 blasphemalionis
1594 2320 1608 2358 :

947 2439 1129 2497 XVIII.

303 2593 369 2636 σο-
401 2596 420 2631 ι
441 2577 527 2635 Sit
546 2591 762 2652 semper
784 2577 936 2635 vobis
965 2576 1163 2643 honor,
1189 2574 1329 2643 laus,
1343 2583 1401 2653 et
1420 2573 1610 2647 gloria,
1627 2573 1827 2630 merito

227 2692 252 2726 s
286 2672 448 2729 vobis
463 2670 750 2733 benedicta
774 2671 886 2727 Deo
914 2668 1146 2726 Domino
1160 2667 1427 2741 paraclito
1459 2667 1601 2723 trino
1622 2674 1675 2721 et
1704 2666 1826 2734 uni,

228 2786 250 2820 ι
284 2767 588 2837 vestroque
640 2761 803 2821 simul
863 2761 1152 2820 benedicto
1202 2760 1409 2819 nomini
1461 2769 1517 2816 et
1575 2758 1827 2826 numini,

229 2879 251 2914 ι
286 2859 489 2915 Amen.
517 2877 536 2911 ι
562 2857 804 2929 itemque
824 2864 948 2927 post
978 2854 1204 2929 praefata
1225 2853 1611 2925 subsequitur:
1642 2872 1659 2905 ι
1691 2851 1828 2908 Cum

230 2972 250 3006 ι
288 2953 370 3010 sit
396 2967 462 3007 ex
485 2949 774 3019 Trinitate,
821 2965 919 3006 ceu
950 2949 1154 3020 liquet,
1205 2939 1544 3020 unaquaeque
1592 2962 1828 3020 persona

230 3064 253 3099 ι
289 3060 394 3118 per
421 3059 482 3100 se
516 3044 778 3101 Dominus
807 3044 968 3099 Deus.
1005 3064 1027 3098 ι
1064 3043 1131 3099 Et
1151 3042 1311 3113 paulo
1338 3049 1501 3113 post:
1536 3061 1555 3095 ‹
1594 3040 1744 3098 Sicut
1774 3049 1831 3098 et

231 3156 250 3188 ι
287 3137 346 3195 in
382 3134 646 3195 Psalmo:
679 3134 868 3192 Nonne
917 3135 1026 3192 Dea
1077 3134 1314 3206 subjecta
1340 3136 1437 3195 erit
1466 3135 1644 3190 animo
1675 3134 1830 3188 mea?

232 3248 251 3283 ι
292 3229 367 3284 de
394 3227 558 3287 Patre
596 3227 810 3293 dicitur,
844 3237 905 3283 ut
936 3227 1194 3313 declarat
1242 3227 1371 3284 illud
1420 3227 1561 3299 quod
1599 3227 1665 3282 de
1690 3226 1828 3282 Filio

1926 2029 2011 2078 est
2030 2017 2287 2073 Trinitas.
2318 2014 2559 2086 Denique
2585 2014 2700 2084 ipse
2724 2010 2893 2067 dicit:
2928 2006 3033 2073 Ite,
3064 2005 3322 2077 baptizate
3346 2008 3524 2073 gentes

1925 2115 1981 2177 in
2011 2113 2219 2168 nomine
2250 2109 2433 2166 Patris
2480 2119 2529 2164 et
2571 2106 2705 2163 Filii
2746 2113 2797 2161 et
2836 2102 3070 2177 Spiritus
3097 2099 3269 2157 sancti
3298 2096 3517 2173 (Matth.

1925 2223 2120 2274 xxvm,
2151 2205 2261 2278 19).
2315 2202 2382 2259 In
2411 2202 2620 2257 nomine
2646 2199 2867 2271 utique,
2908 2212 3014 2253 non
3044 2195 3098 2250 in
3131 2189 3460 2249 nominibus.
3494 2207 3514 2241 ι

1925 2297 2044 2355 Non
2082 2299 2248 2373 igitur
2274 2303 2495 2353 sanctus
2520 2292 2840 2349 Ambrosius
2875 2288 2968 2344 uni
3005 2303 3072 2343 ex
3101 2283 3368 2341 Trinitate
3398 2295 3525 2353 per-

1926 2407 2073 2448 sonte
2115 2388 2430 2461 singillatim
2460 2384 2725 2449 solitarie,
2770 2382 2912 2437 sicut
2939 2375 3351 2441 Gothescalcus,
3393 2386 3523 2443 sup-

1925 2483 2176 2556 plicando
2206 2482 2405 2539 debere
2434 2478 2541 2534 dici
2567 2475 2751 2532 docuit
2777 2492 2790 2529 :
2830 2472 2949 2528 Tibi
2979 2471 3087 2526 Deo
3117 2468 3340 2540 gratias,
3368 2472 3424 2521 et
3452 2477 3521 2519 ne

1927 2578 2098 2635 simus
2127 2575 2339 2633 caeteris
2366 2574 2574 2630 duabus
2597 2567 2845 2642 personis
2872 2562 3091 2637 ingrati,
3117 2567 3370 2633 oportere
3393 2557 3522 2614 sub-

1919 2671 2049 2740 jici,
2080 2668 2248 2725 Vobis
2278 2666 2389 2724 Deo
2420 2663 2663 2736 gratias:
2702 2660 2830 2732 quia
2869 2659 3028 2714 unius
3068 2655 3163 2711 Dei
3201 2667 3400 2710 nomen
3434 2658 3522 2707 est

1890 2806 1894 2810 .
1926 2763 2088 2818 Pater
2111 2766 2168 2816 et
2191 2759 2362 2815 Filius
2384 2765 2440 2813 et
2463 2755 2718 2827 Spiritus.
2751 2752 2906 2808 Sicut
2932 2747 3264 2805 Athanasius
3294 2745 3359 2799 in
3378 2742 3521 2798 libro

1926 2857 2102 2930 primo
2130 2856 2196 2910 de
2224 2852 2356 2909 Fide
2383 2848 2621 2907 ostendit
2649 2846 2838 2903 dicens
2862 2863 2875 2899 :
2911 2863 2930 2898 ‹
2965 2843 3093 2898 Haec
3118 2847 3218 2905 est,
3246 2836 3521 2910 inquiens,

1927 2926 2168 3005 materiae
2190 2941 2421 3000 formula
2446 2942 2501 2997 in
2526 2937 2871 2996 conclusione
2895 2931 3299 2997 haereticorum,
3325 2934 3381 2983 et
3404 2926 3522 2982 haec

1928 3039 2073 3099 tituli
2104 3038 2332 3096 victoria
2366 3038 2420 3091 in
2450 3033 2787 3091 absolutione
2814 3028 3231 3091 catholicorum,
3262 3036 3423 3094 quam
3455 3019 3527 3076 si-

1929 3132 2150 3207 gniﬁcat
2183 3126 2481 3204 principale
2512 3125 2826 3185 mandatum
2857 3120 2994 3178 Dei:
3034 3116 3233 3173 Eantes
3264 3114 3526 3207 baptizata

1931 3243 2108 3282 omnes
2152 3235 2327 3297 gentes
2369 3222 2427 3276 in
2468 3220 2677 3275 nomine
2720 3214 2901 3272 Patris
2945 3225 2992 3270 et
3035 3210 3169 3267 Filii
3208 3220 3255 3265 et
3293 3206 3526 3281 Spiritus

232 3339 251 3375 ι
288 3320 665 3391 sequiturzdb
692 3323 807 3392 ipso
835 3308 974 3378 enim
998 3320 1232 3377 salutare
1252 3337 1444 3377 meum.
1474 3318 1618 3375 Nam
1643 3330 1689 3375 et
1714 3320 1822 3390 ipse
1850 3301 1895 3365 Ο
1926 3320 2097 3376 sancti
2124 3317 2337 3390 (Matth.
2364 3328 2559 3380 xxvm,
2585 3310 2722 3384 19).)
2773 3308 2915 3364 Audi
2962 3307 3016 3362 in
3061 3306 3167 3361 hoc
3206 3299 3527 3358 admirabile

233 3432 255 3465 ι
294 3411 441 3469 Deus
462 3427 607 3467 meus
635 3421 682 3467 et
705 3410 959 3468 salutaris
1000 3427 1168 3478 meus,
1194 3412 1299 3466 hoc
1341 3418 1425 3467 est
1465 3409 1623 3467 Jesus
1651 3424 1822 3466 meus.

234 3524 257 3560 ι
296 3503 405 3561 Ubi
424 3503 555 3560 dum
578 3518 686 3563 non
714 3501 1097 3559 dicitur:Nam
1118 3502 1234 3575 ipse
1249 3502 1392 3558 Deus
1421 3516 1594 3568 meus,
1613 3500 1707 3556 sed
1732 3515 1828 3573 po-

235 3619 257 3653 s
296 3598 614 3667 tius,etipse
640 3594 783 3651 Deus
811 3610 976 3663 meus,
994 3594 1184 3667 procul
1207 3593 1368 3651 dubio
1391 3591 1647 3668 patefecit
1669 3600 1724 3648 et
1739 3606 1830 3663 pa-

235 3711 256 3746 ι
294 3687 896 3762 tefacitDeusSpiritus
923 3696 1163 3753 sanctus,
1179 3686 1323 3757 quod
1347 3686 1487 3743 sicut
1512 3685 1653 3741 Deus
1668 3670 1839 3739 Pater

232 3806 257 3841 s
296 3794 387 3843 est
411 3800 510 3856 per
539 3799 598 3843 se
619 3784 783 3851 Deus,
812 3783 891 3843 sic
913 3792 997 3840 est
1024 3791 1080 3841 et
1107 3781 1297 3838 Filius.
1327 3780 1495 3855 Igitur
1523 3778 1830 3850 ubicunque

233 3899 257 3934 s
303 3879 473 3937 tacito
502 3878 597 3933 Dei
644 3876 727 3935 vel
778 3875 993 3935 Domini
1038 3874 1257 3931 nomine
1296 3873 1613 3933 nominatur
1660 3869 1828 3927 Pater

232 3992 258 4029 ι
295 3979 357 4028 et
399 3969 572 4031 Filius
594 3980 651 4026 et
675 3969 916 4042 Spiritus
953 3975 1197 4033 sanctus,
1225 3975 1287 4022 ut
1313 3973 1400 4022 est
1431 3965 1560 4023 illud
1592 3982 1605 4019 :
1646 3963 1829 4036 Bapti-

236 4081 260 4117 ι
302 4070 596 4119 sonteseas
624 4060 680 4117 in
721 4060 929 4116 nomine
972 4056 1178 4125 Patris,
1206 4065 1253 4113 et
1284 4054 1453 4123 Filii,
1496 4064 1545 4111 et
1600 4054 1830 4127 Spiritus

234 4176 261 4212 ι
298 4155 495 4222 sancti,
522 4167 861 4226 unaquaeque
900 4165 1134 4224 persona
1163 4161 1379 4221 semper
1405 4146 1665 4207 Dominus
1688 4144 1831 4201 Deus

236 4270 260 4306 s
300 4250 467 4311 debet
514 4248 766 4321 intelligi.
794 4247 927 4307 Tale
964 4256 1053 4304 est
1079 4245 1253 4302 illud:
1297 4240 1602 4301 Paraclitus
1629 4250 1829 4308 autem,

234 4363 259 4399 ε
296 4357 459 4414 quem
484 4342 650 4397 mittet
678 4338 843 4396 Pater
869 4341 925 4396 in
954 4340 1165 4396 nomine
1214 4354 1349 4395 meo.
1398 4336 1546 4393 Misit
1572 4348 1829 4406 namque,

234 4451 261 4489 ς
303 4432 494 4500 mittit,
532 4440 591 4489 et
625 4431 802 4488 mittet
831 4430 1001 4487 Deum
1049 4428 1191 4487 Deus
1218 4428 1271 4485 iu
1315 4428 1533 4484 nomine
1559 4425 1676 4483 Dei.
1705 4425 1832 4481 ideo

238 4549 261 4583 ε
299 4527 419 4587 dixi
449 4542 555 4587 non
597 4525 755 4597 longe
806 4525 1100 4597 superius:
1132 4521 1237 4579 Uni
1283 4536 1350 4579 ex
1383 4520 1651 4579 Triuitate
1699 4533 1830 4588 per-

238 4636 262 4671 s
304 4631 477 4681 suum,
493 4616 576 4675 cui
610 4615 925 4686 singillatim
948 4613 1198 4670 solitarie
1217 4611 1605 4685 supplicamus,
1631 4608 1831 4664 debere

228 4725 263 4762 »ι
307 4706 459 4765 dici:
494 4705 609 4765 Tibi
636 4706 746 4765 Deo
773 4706 996 4777 gratias.
1027 4715 1082 4763 et
1128 4719 1195 4761 ne
1232 4704 1401 4761 simus
1434 4701 1648 4759 caeteris
1696 4701 1827 4757 dua-

238 4818 262 4853 ι
306 4798 414 4855 bus
456 4798 701 4869 personis
739 4795 956 4868 ingrati,
1001 4805 1250 4869 oportere
1278 4793 1491 4863 subjici,
1533 4792 1688 4849 Vobis
1719 4791 1828 4859 Deo

238 4913 262 4947 α
310 4891 534 4961 gratias.
586 4891 723 4959 Quia
778 4891 1024 4961 quisquis
1080 4888 1307 4960 loquens
1356 4888 1424 4943 ad
1474 4901 1638 4942 unam
1699 4900 1830 4956 per-

241 5004 264 5040 s
304 4997 496 5039 sonam
550 4983 719 5051 dicit,
765 4982 883 5038 Tibi
933 4981 1180 5039 Trinitati
1235 4979 1344 5036 Deo
1399 4979 1638 5052 gratias,
1690 4991 1831 5049 pene

241 5095 263 5130 s
303 5074 386 5131 sic
434 5082 581 5131 errat
633 5085 693 5135 ut
741 5072 961 5131 Judaeus
1017 5082 1072 5130 et
1123 5071 1484 5131 Sabelliauus.
1535 5068 1708 5124 Porro
1737 5066 1830 5139 qui

242 5188 265 5223 ι
308 5167 481 5234 dicit,
536 5164 693 5225 Vobis
750 5167 853 5222 diis
887 5166 1126 5239 gratias,
1181 5175 1272 5221 aut
1316 5177 1559 5237 paganus
1604 5167 1689 5217 est
1735 5168 1827 5216 aut

243 5282 268 5316 ι
304 5260 563 5319 Arianus.
600 5259 801 5335 Atqui
859 5258 994 5317 dicit
1046 5257 1362 5316 unicuilibet
1399 5269 1668 5328 personae,
1716 5252 1829 5308 Tibi

245 5377 268 5413 α
311 5356 419 5411 Deo
457 5354 677 5427 gratias,
723 5361 888 5425 atque
924 5366 1079 5422 aeque
1112 5351 1429 5423 ceterisque
1468 5348 1679 5403 duabus
1709 5360 1830 5416 per-

247 5468 272 5502 s
313 5448 485 5515 sonis,
528 5443 686 5503 Vobis
717 5445 829 5501 Deo
859 5445 1061 5519 gratias
1083 5484 1098 5509 ,
1131 5457 1321 5500 revera
1347 5441 1647 5499 catholicus
1673 5436 1832 5512 535

246 5559 273 5596 s
308 5549 415 5606 est,
442 5554 506 5596 ac
534 5554 697 5595 verus
724 5538 911 5610 utique
937 5535 1295 5592 Christianus.
1340 5555 1360 5588 ι

319 5644 416 5690 XP.
456 5631 657 5689 Contra
686 5631 785 5688 has
812 5637 971 5688 antea
1002 5628 1272 5684 inauditas
1296 5625 1680 5698 hlasphemias,
1712 5640 1835 5681 san-

243 5736 371 5782 ctus
396 5724 715 5780 Ambrosius
744 5724 797 5778 in
825 5721 963 5778 libro
993 5721 1172 5795 primo
1197 5720 1263 5776 de
1290 5719 1421 5777 Fide
1451 5720 1628 5791 capite
1658 5718 1835 5791 primo

244 5822 422 5879 dicit:
459 5839 478 5874 ι
511 5820 773 5885 Assertio,
807 5818 1079 5890 inquiens,
1106 5825 1308 5873 nostra:
1338 5815 1464 5871 ﬁdei
1494 5815 1608 5870 haec
1641 5822 1744 5880 est,
1777 5821 1838 5868 ut

246 5929 420 5985 unum
448 5913 619 5983 Deum
643 5928 767 5973 esse
789 5913 1123 5984 credamus;
1160 5926 1373 5999 neque,
1404 5918 1465 5967 ut
1482 5918 1712 5984 gentes,
1742 5909 1834 5966 Fi‘
1857 5890 1879 5911 ⁸

1856 4673 1907 4732 D

1927 3427 1991 3468 ac
2022 3410 2203 3483 regale
2233 3408 2534 3472 decretum,
2574 3403 2628 3459 in
2672 3416 2781 3474 quo
2820 3414 2984 3457 omne
3024 3402 3427 3454 sacramentum
3468 3392 3527 3447 in

1928 3506 2135 3562 deitate
2161 3502 2447 3561 Trinitatis
2477 3500 2661 3555 uniter
2688 3495 3014 3552 continetur.
3054 3489 3159 3559 Qui
3185 3486 3327 3544 dixit
3344 3486 3401 3540 in
3430 3500 3528 3539 no-

1928 3598 2097 3663 mine,
2141 3594 2422 3652 evidenter
2451 3605 2612 3647 unam
2643 3588 2900 3645 deitatem
2944 3587 3001 3641 in
3032 3580 3299 3638 Trinitate
3342 3576 3526 3635 consi-

1930 3698 2075 3745 stere
2102 3686 2430 3752 declaravit,
2470 3691 2527 3739 et
2564 3683 2709 3753 quod
2751 3685 3075 3753 prosecutus
3100 3684 3222 3742 est,
3262 3672 3443 3729 Patris
3477 3677 3529 3725 et

1931 3779 2061 3836 Filii
2089 3788 2136 3835 et
2166 3777 2396 3850 Spiritus
2423 3776 2624 3840 sancti,
2671 3788 2769 3846 per
2797 3770 3007 3843 singula
3032 3768 3252 3826 nomina
3285 3764 3528 3837 singulas

1929 3885 2192 3944 personas
2221 3869 2398 3925 inesse
2424 3864 2690 3921 distinxit.
2721 3882 2742 3916 ι
2787 3861 2855 3918 Εῑ
2882 3861 3011 3917 item
3040 3860 3094 3915 in
3121 3859 3314 3915 eodem
3341 3855 3483 3913 libro
3508 3872 3524 3887 ·

1937 3980 1956 4016 1
1979 3959 2142 4015 Verbo
2172 3958 2387 4015 Domini
2415 3954 2528 4012 σαιιί
2558 3954 2758 4025 ﬁrmati
2787 3961 2930 4019 sunt,
2968 3961 3018 4007 et
3049 3949 3244 4021 spiritu
3271 3948 3381 4003 oris
3410 3946 3526 4017 ejus

1931 4055 2100 4113 omnis
2124 4055 2289 4110 virtus
2316 4067 2496 4108 eorum
2527 4046 2700 4123 (Psal.
2730 4064 2906 4114 xxxu,
2934 4046 3011 4120 6).
3055 4043 3254 4115 Utique
3285 4039 3526 4097 Verbum

1930 4146 2126 4204 Filium
2156 4144 2434 4211 indicavit,
2460 4142 2749 4199 Dominum
2781 4148 2959 4195 autem
2987 4135 3204 4192 Patrem
3234 4148 3356 4191 esse
3382 4132 3528 4190 desi-

1930 4242 2135 4315 gnavit,
2160 4238 2490 4312 etspirit‘um
2517 4236 2629 4291 oris
2656 4234 2772 4306 ejus
2798 4233 3063 4309 Spiritum
3089 4238 3338 4287 sanctum
3365 4227 3523 4284 dixit.

1936 4335 2098 4391 Vides
2135 4333 2191 4389 in
2231 4332 2316 4388 his
2344 4328 2593 4403 personis
2619 4328 2827 4384 unitum
2859 4341 2980 4383 esse
3011 4337 3213 4381 nomen
3241 4318 3529 4376 Trinitatis

1932 4428 1987 4484 iu
2019 4436 2242 4493 natura,
2280 4422 2705 4497 Psalmographo
2739 4434 2953 4493 quoque
2982 4417 3356 4489 approbante:
3387 4409 3528 4465 Pro-

1932 4528 2106 4592 pterea
2135 4518 2286 4575 unxit
2316 4527 2365 4572 te
2392 4515 2534 4573 Deus
2560 4515 2702 4569 Deus
2729 4523 2853 4569 tuas
2880 4508 3057 4584 (Psal.
3083 4524 3230 4576 thv,
3255 4500 3332 4576 6).
3382 4504 3527 4559 Ecce

1933 4615 2102 4673 Deum
2124 4622 2178 4669 et
2200 4613 2387 4677 Deum,
2412 4626 2519 4666 non
2544 4617 2725 4663 tamen
2750 4601 3031 4680 pluraliter
3055 4599 3300 4658 invenies
3321 4597 3527 4653 dictum

1933 4707 1986 4763 in
2013 4707 2096 4762 his
2122 4703 2369 4776 personis
2381 4705 2532 4760 deos.
2563 4722 2582 4755 ι
2609 4700 2719 4757 Sed
2743 4714 2843 4756 nec
2864 4694 3197 4753 Athanasius
3227 4691 3321 4747 nni
3343 4690 3529 4761 singu-

1934 4798 2123 4854 lariter
2149 4811 2396 4869 persona:
2434 4808 2597 4867 posse
2641 4790 2973 4865 supplicari,
3025 4796 3120 4844 aut
3148 4786 3349 4843 debere
3374 4782 3478 4839 dici
3509 4799 3524 4835 :

1934 4890 2054 4947 Tibi
2097 4890 2206 4947 Deo
2236 4890 2478 4963 gratias,
2528 4896 2584 4943 et
2627 4885 2841 4943 caeteris
2881 4882 3168 4956 personis:
3203 4877 3372 4934 Vobis
3414 4875 3529 4931 Deo

1935 4983 2162 5057 gratias,
2198 4980 2398 5037 docuit.
2437 4979 2505 5035 Et
2533 4979 2663 5034 item
2693 4976 2838 5033 idem
2867 4975 2921 5029 in
2950 4973 3091 5028 libro
3119 4970 3225 5025 alio
3253 4970 3319 5024 de
3346 4966 3529 5022 Trini-

1937 5084 2084 5133 tate:
2124 5092 2142 5125 ι
2175 5072 2426 5144 Nunquid
2461 5068 2913 5143 praevaricatores
2946 5060 3188 5119 mandati
3225 5057 3527 5113 Salvatoris

1938 5167 2168 5244 apostoli
2219 5166 2397 5224 eiiecti
2446 5173 2611 5229 sunt,
2662 5172 2718 5219 et
2763 5169 2954 5218 contra
3019 5154 3361 5212 traditionem
3410 5150 3529 5220 ejus

1938 5242 2351 5334 baptizaverunt
2376 5265 2579 5313 tantam
2607 5250 3043 5311 multitudinem?
3073 5247 3189 5303 Non
3221 5245 3364 5302 enim
3392 5242 3529 5300 scri-

1938 5362 2091 5426 ptutu
2116 5360 2201 5408 est
2224 5352 2350 5424 quia
2365 5348 2779 5423 baptizaverunt
2804 5345 2858 5399 in
2885 5342 3104 5399 nomine
3121 5337 3301 5396 Patris
3321 5345 3377 5392 et
3403 5335 3530 5391 Filii

1943 5412 1998 5501 et
2035 5412 2273 5515 Spiritus
2312 5412 2519 5509 sancti,
2564 5438 2659 5495 sed
2705 5444 2913 5493 tantum
2956 5436 3011 5490 in
3050 5432 3271 5490 nomine
3310 5429 3529 5487 Domini
3590 5412 3605 5495 ξ

1946 5535 2089 5594 lesu.
2110 5535 2218 5592 Sed
2245 5550 2349 5591 non
2376 5542 2503 5590 sunt
2522 5529 2881 5605 praevaricati,
2908 5528 3068 5585 absit.
3094 5527 3229 5582 Nam
3257 5524 3383 5581 licet
3407 5523 3529 5580 Filii

1934 5644 2141 5707 nomen
2169 5627 2332 5700 536
2357 5624 2728 5680 tantummodo
2754 5623 2983 5686 dicatur,
3015 5619 3179 5676 habet
3210 5627 3391 5673 tamen
3427 5614 3533 5670 Pa-

1946 5732 2082 5779 trem
2126 5729 2183 5777 et
2225 5719 2485 5793 Spiritum
2524 5725 2771 5774 sanctum
2802 5713 3207 5787 pronuntiatum
3236 5751 3251 5778 ,
3296 5709 3439 5766 sicut
3478 5710 3533 5764 in

1945 5812 2245 5888 Scripturis
2294 5811 2493 5868 sanctis
2538 5808 2909 5883 probavimus.
2969 5801 3153 5877 itaque
3195 5812 3250 5857 ct
3295 5801 3533 5874 Spiritus

1945 5916 2172 5966 sanctus
2216 5903 2455 5964 Sabaoth
2503 5903 2725 5977 dicitur,
2772 5909 2828 5960 et
2872 5909 2957 5959 est
2999 5914 3124 5958 cum
3168 5897 3280 5953 Deo
3314 5905 3370 5952 et
3406 5909 3531 5953 cum
