4026 6340
570 330 677 388 599

1547 329 1881 386 HINCMARI
1919 330 2317 394 RHEMENSIS
2356 335 2880 417 ARCHIEPISCOPl
3695 361 3774 418 (tot)

565 449 708 506 Filio
749 463 781 504 a
812 447 1108 520 Seraphim
1151 448 1435 516 adoratus;
1479 457 1699 520 propter
1736 451 1880 522 quod
1916 451 2032 508 haec
2066 462 2151 508 ter
2177 454 2229 515 Α
2253 455 2449 524 sancti,
2497 470 2604 512 non
2653 456 2770 513 sine
2817 456 2978 515 Patre
3030 465 3088 516 et
3112 458 3270 517 Filio.
3327 459 3463 522 Satis
3516 477 3676 527 notum
3717 487 3780 532 est

569 544 759 601 dicunt
806 541 1061 609 Sanctus,
1111 539 1368 608 Sanctus,
1421 541 1674 608 Sanctus,
1726 550 1788 599 ut
1831 543 2156 600 Trinitatem

563 636 1000 710 pronuntiarent.
1027 654 1047 687 ι
1066 632 1205 692 Hinc
1231 642 1287 691 et
1303 635 1403 691 sub
1431 636 1532 692 hoc
1546 651 1709 693 sensu
1738 637 1880 694 hanc
1903 639 2159 709 quaestio—

564 744 694 786 nem
716 729 908 785 beatus
927 724 1083 782 solvit
1105 725 1445 782 Ambrosius.
1475 725 1542 782 Et
1563 735 1784 786 sanctus
1800 729 2154 799 Augustinus,

565 821 635 880 de
669 835 778 894 quo
803 819 1194 878 Gothescalcus
1232 819 1508 875 multoties
1545 820 1678 875 dicit
1702 820 2028 892 Augustinus
2058 838 2154 877 no-

561 927 690 983 ster,
736 924 798 971 ut
835 914 1046 972 alienus
1075 929 1106 968 a
1134 912 1493 971 Gothescalco
1525 923 1581 970 et
1610 915 1685 970 illi
1717 916 2060 984 contrarius,
2102 925 2159 973 et

561 1025 674 1068 non
715 1023 849 1065 suus
887 1007 1140 1079 proprius
1177 1005 1264 1063 vel
1303 1007 1650 1072 domesticus,
1693 1016 1882 1062 contra
1924 1022 2050 1063 eum
2099 1007 2157 1063 in

560 1101 706 1158 libro
733 1107 925 1157 contra
955 1098 1194 1169 quinque
1233 1098 1469 1154 haereses
1495 1098 1662 1154 dicit:
1694 1115 1714 1150 ε
1743 1097 1847 1166 Qui
1890 1097 2156 1169 Spiritum

561 1201 816 1250 sanctum
859 1207 891 1247 a
931 1191 1094 1248 Patre
1137 1199 1193 1247 et
1231 1189 1370 1246 Filio
1403 1190 1707 1247 aeternitate
1751 1198 1807 1246 et
1853 1190 2156 1249 substantia

564 1285 649 1343 vel
674 1285 1055 1342 mmmunione
1081 1290 1325 1354 separat,
1353 1291 1408 1339 et
1433 1282 1525 1353 qui
1552 1291 1716 1354 negat
1742 1282 2005 1354 Spiritum
2035 1299 2157 1340 esse

563 1378 822 1435 et-Patris
843 1387 898 1433 et
922 1377 1064 1444 Filii,
1084 1377 1277 1448 plenus
1303 1384 1385 1431 est
1411 1375 1604 1446 spiritu
1628 1373 1928 1442 immundo,
1955 1389 2157 1432 vacuus

565 1473 775 1545 Spiritu
821 1482 1030 1530 sancto.
1058 1491 1078 1526 ι
1132 1471 1361 1528 Videtur
1404 1471 1547 1527 enim
1593 1485 1850 1541 separare
1879 1471 1935 1526 in
1965 1479 2157 1527 sancta

563 1567 830 1622 Trinitate
871 1581 1133 1636 personas
1170 1565 1588 1634 Gothescalcus,
1631 1563 1724 1635 qui
1765 1563 1934 1620 dicit:
1969 1581 1988 1615 ι
2021 1561 2155 1619 Cum

562 1660 636 1716 sit
665 1674 733 1714 ex
764 1657 1064 1726 Trinitate,
1104 1673 1207 1714 ceu
1243 1657 1446 1727 liquet,
1495 1671 1601 1712 una
1647 1670 1876 1726 quaeque
1923 1669 2154 1726 persona

560 1770 660 1826 per
690 1771 750 1811 se
781 1754 1040 1810 Dominus
1069 1753 1236 1818 Deus,
1274 1760 1330 1808 et
1363 1751 1458 1807 uni
1489 1764 1556 1806 ex
1587 1749 1855 1805 Trinitate
1884 1763 2148 1820 personae,

560 1847 647 1902 cui
704 1845 1022 1916 singillatim
1073 1844 1315 1900 solitarie
1364 1843 1731 1913 supplicamus
1778 1841 1908 1897 dicit
1956 1841 2154 1897 debere
2182 1827 2228 1888 Β

561 1939 667 1994 dici
715 1956 730 1994 :
784 1937 904 1992 Tibi
948 1937 1058 1992 Deo
1090 1936 1331 2009 gratias,
1379 1943 1434 1990 et
1481 1949 1549 1990 ne
1589 1935 1759 1989 simus
1787 1934 1999 1989 ueteris
2024 1949 2150 2005 per-

558 2031 710 2087 sonis
743 2030 972 2102 ingrati,
1003 2037 1256 2101 oportere
1285 2026 1510 2096 subjici,
1540 2026 1707 2083 Vobis
1737 2028 1849 2082 Deo
1875 2027 2147 2099 gratias...

559 2122 902 2193 Quapropter
930 2121 1074 2177 sicut
1099 2121 1432 2191 Augustinus
1450 2161 1465 2188 ,
1507 2119 1574 2176 de
1603 2133 1710 2191 quo
1747 2134 1855 2175 non
1880 2119 2154 2192 jactanter

557 2222 613 2269 et
643 2214 996 2280 mendaciter,
1028 2220 1090 2267 ut
1114 2211 1525 2277 Gothescalcus,
1564 2211 1660 2268 sed
1706 2211 1954 2267 laetanter
1981 2222 2034 2268 et
2060 2228 2154 2268 ve-

556 2308 759 2365 raciter
787 2307 1052 2364 catholica
1082 2307 1326 2364 Ecclesia
1364 2307 1704 2378 Augustinus
1751 2314 1937 2362 noster
1979 2306 2147 2374 dicit,

557 2400 613 2456 in
639 2398 865 2470 praefato
889 2398 1027 2454 libro
1049 2398 1272 2464 fatetur,
1296 2397 1490 2470 plenus
1517 2405 1600 2453 est
1620 2395 2009 2452 Gothescalcus
2034 2397 2152 2452 haec

556 2493 745 2549 dicens
794 2492 988 2563 spiritu
1035 2491 1356 2557 immundo,
1413 2505 1619 2546 vacuus
1673 2487 1880 2559 Spiritu
1937 2498 2144 2546 sancto.

555 2584 756 2641 Contra
798 2586 902 2640 hoc
936 2586 1080 2656 quod
1114 2584 1246 2640 dicit
1275 2581 1666 2639 Gothescaleus
1694 2596 1899 2637 vacuus
1938 2580 2148 2652 Spiritu

555 2689 777 2737 sancto:
803 2698 821 2730 ι
841 2679 978 2736 Cum
1006 2679 1080 2734 sit
1101 2694 1171 2735 ex
1192 2676 1460 2733 Trinitate
1485 2692 1586 2733 ceu
1613 2675 1784 2745 liquet
1809 2689 2147 2746 unaquaeque

553 2788 812 2844 persona,
842 2773 933 2828 cui
959 2769 1274 2843 singillatim
1306 2768 1547 2825 solitarie
1577 2766 1962 2838 supplicamus,
1998 2785 2016 2819 ι
2051 2781 2149 2836 per

555 2883 615 2922 se
642 2866 906 2921 Dominus
933 2865 1097 2930 Deus,
1140 2863 1274 2919 dicit
1309 2863 1502 2935 plenus
1533 2859 1738 2932 Spiritu
1771 2870 1960 2916 sancto
1991 2859 2147 2916 Iesus

553 2961 816 3017 Dominus
851 2960 994 3016 Deus
1019 2977 1031 3013 :
1063 2958 1178 3030 Ego
1206 2967 1254 3014 et
1285 2956 1449 3012 Pater
1477 2971 1638 3010 unum
1669 2972 1851 3010 sumus
1880 2955 2058 3028 (Joan.
2086 2971 2144 3020 x,

553 3052 663 3123 50).
686 3052 752 3108 Et
781 3051 913 3108 item
940 3071 954 3106 :
980 3049 1246 3120 Philippe,
1269 3048 1360 3120 qui
1393 3047 1530 3102 videt
1563 3062 1646 3101 me
1672 3047 1807 3101 uidet
1833 3057 1878 3102 et
1904 3043 2141 3100 Patrem.

555 3143 830 3209 Quomodo
859 3153 917 3197 tu
944 3142 1108 3197 dicis:
1134 3139 1362 3196 Ostende
1389 3137 1536 3193 nobis
1556 3134 1771 3191 Patrem
1799 3137 1823 3190 ,9
1873 3136 2000 3192 Non
2027 3153 2141 3191 cre-

551 3235 634 3289 dis
663 3237 789 3305 quia
818 3250 910 3306 ego
939 3233 996 3289 in
1025 3230 1206 3298 Patre,
1237 3241 1285 3287 et
1328 3229 1492 3284 Pater
1519 3230 1572 3283 in
1607 3245 1690 3284 me
1713 3237 1787 3284 est
1822 3228 2004 3296 (Joan.
2033 3245 2144 3294 x1v,

552 3330 606 3394 9,
634 3328 723 3398 10)
746 3327 772 3381 ?
803 3325 958 3394 Quod
976 3327 1170 3388 beatus
1189 3323 1523 3396 Augustinus
1551 3321 1743 3378 eodem
1782 3319 1988 3391 Spiritu
2026 3337 2151 3378 san-

551 3430 642 3478 cto
681 3420 890 3477 aﬂlatus
919 3434 1198 3492 exponens
1225 3417 1356 3473 dicit
1397 3416 1574 3488 (tract.
1611 3415 1665 3470 in
1691 3413 1880 3487 Joan.)
1927 3429 1942 3468 :
1991 3433 2011 3468 σ
2040 3414 2148 3471 Cur

551 3515 944 3587 inseparabiles
985 3512 1280 3584 separatim
1320 3511 1601 3566 desideras
1639 3510 1844 3565 nosse?
1876 3528 1895 3562 ι
1944 3509 2149 3565 Deinde

550 3624 661 3665 non
693 3609 758 3664 ad
787 3607 960 3663 solum
987 3605 1329 3676 Philippum,
1373 3602 1467 3659 sed
1508 3602 1575 3657 ad
1623 3617 1717 3659 eos
1754 3602 2042 3673 pluraliter
2070 3601 2148 3658 lo-

549 3705 773 3775 quitur:
806 3721 824 3755 ‹
854 3699 1024 3756 Verba
1051 3717 1169 3772 qua:
1195 3716 1289 3771 ego
1317 3698 1504 3770 loquor
1531 3697 1694 3763 vobis,
1727 3715 1759 3752 a
1786 3714 1870 3752 me
1895 3698 2009 3768 ipso
2041 3713 2148 3753 non

551 3795 777 3866 loquor:
817 3792 980 3848 Pater
1008 3802 1182 3847 autem
1213 3792 1268 3845 in
1309 3807 1390 3844 me
1426 3806 1641 3844 manens
1677 3790 1786 3860 ipse
1816 3789 1945 3859 facit
1988 3806 2146 3860 opera

553 3885 754 3958 (ibid).
817 3883 960 3952 Quid
1000 3892 1086 3939 est
1115 3897 1146 3938 a
1178 3897 1265 3938 me
1296 3881 1413 3952 ipso
1445 3895 1551 3936 non
1580 3880 1792 3951 loquor,
1839 3879 1945 3935 nisi
1987 3895 2016 3934 a
2057 3895 2146 3936 me

549 3979 670 4049 ipso
708 3991 816 4032 non
849 3991 967 4031 sum
1001 3975 1095 4046 qui
1125 3973 1358 4044 loquor?
1414 3972 1474 4028 Ei
1521 3972 1720 4044 quippe
1767 3971 1959 4028 tribuit
1999 3972 2145 4043 quod

549 4068 718 4134 facit,
769 4068 835 4124 de
873 4083 983 4138 quo
1012 4077 1097 4123 est
1127 4067 1243 4138 ipse
1272 4064 1556 4135 qui'facit.
1610 4063 1776 4120 Pater
1813 4063 1958 4120 enim
1999 4065 2144 4121 Deus

549 4178 656 4218 non
689 4171 775 4218 est
813 4161 879 4216 de
916 4161 1120 4232 aliquo,
1154 4159 1327 4215 Filius
1376 4167 1558 4214 autem
1605 4159 1749 4215 Deus
1794 4167 1878 4214 est
1922 4159 2143 4229 quidem

549 4253 696 4309 Patri
729 4250 974 4323 aequalis,
1008 4253 1103 4307 sed
1133 4251 1199 4306 de
1227 4250 1389 4306 Patre
1417 4250 1546 4306 Deo.
1581 4249 1707 4306 ldeo
1737 4250 1829 4306 ille
1859 4250 2023 4316 Deus,
2049 4250 2145 4306 sed

549 4363 658 4401 non
685 4347 751 4402 de
780 4345 912 4411 Deo,
942 4352 998 4400 et
1023 4343 1225 4406 lumen,
1251 4343 1345 4399 sed
1375 4359 1481 4398 non
1513 4343 1580 4399 de
1609 4342 1848 4406 lumine;
1887 4342 1991 4397 iste
2012 4357 2143 4399 vero

548 4438 692 4493 Deus
723 4437 790 4491 de
815 4435 948 4502 Deo,
979 4434 1162 4490 lumen
1191 4435 1258 4489 de
1283 4433 1505 4489 lumine.
1540 4453 1558 4485 ι
1600 4433 1842 4504 Denique
1871 4434 2141 4508 adjungit,

548 4539 601 4585 et
633 4532 745 4584 ait:
779 4549 797 4581 ‹
831 4529 956 4584 Νοη
982 4527 1192 4582 creditis
1224 4526 1348 4598 quia
1380 4542 1472 4597 ego
1511 4527 1567 4580 in
1599 4525 1782 4593 Patre,
1815 4535 1863 4581 et
1894 4524 2061 4581 Pater
2085 4527 2142 4582 in

473 4691 476 4694 ἢ
547 4638 629 4674 me
658 4620 781 4674 est?
830 4618 1064 4687 alioquin
1112 4626 1322 4688 propter
1365 4633 1521 4687 opera
1561 4617 1676 4687 ipsa
1707 4617 1902 4672 credite
1938 4618 2137 4690 (ibid.).

548 4708 720 4765 Antea
751 4710 900 4766 solus
934 4707 1214 4778 Philippus
1252 4709 1601 4778 arguebatur,
1646 4723 1790 4765 nunc
1820 4719 2000 4765 autem
2029 4727 2137 4768 non

547 4807 779 4861 nbieum
809 4806 982 4860 solum
1006 4802 1172 4858 fuisse
1195 4802 1287 4872 qui
1306 4810 1453 4859 esset
1470 4803 1780 4874 arguendus
1798 4802 2132 4860 ostenditur:

546 4902 774 4974 Propter
799 4917 956 4972 opera
983 4900 1119 4970 ipsa,
1149 4897 1353 4969 inquit,
1392 4896 1585 4952 credite
1611 4897 1737 4968 quia
1764 4913 1858 4967 ego
1887 4897 1944 4950 in
1973 4895 2137 4953 Patre

543 5005 592 5050 et
624 4993 789 5049 Pater
815 4995 869 5048 in
897 5009 978 5048 me
1001 5001 1097 5047 est.
1134 4991 1319 5061 Neque
1345 4991 1514 5056 enim,
1537 4989 1583 5045 si
1610 4989 1844 5060 separati
1869 5002 2133 5058 essemus,

543 5087 978 5160 inseparabiliter
997 5086 1213 5158 operari
1238 5084 1345 5140 ulla
1373 5084 1585 5139 ratione
1607 5099 1909 5156 possemus.
1936 5103 1955 5135 ι
1988 5083 2056 5139 Et
2079 5084 2136 5139 in

543 5197 798 5238 sermone
824 5181 890 5236 ad
915 5179 1198 5251 populum,
1228 5178 1320 5234 ubi
1367 5177 1618 5250 exposuit
1649 5193 1768 5248 quae
1797 5177 1868 5233 sit
1893 5177 2137 5234 irremis-

544 5273 715 5331 sibilis
742 5271 1082 5344 blasphemia
1112 5272 1168 5326 in
1198 5270 1460 5342 Spiritum
1490 5278 1761 5368 sanctum,
1792 5270 1869 5325 ait
1893 5271 1967 5325 ita
1994 5271 2136 5326 inter

542 5373 739 5420 caetera
778 5363 878 5436 (de
928 5361 1079 5418 Verb.
1107 5361 1264 5417 Dom.
1292 5379 1451 5418 serm.
1481 5362 1573 5427 11,
1604 5360 1718 5433 ἀφ.
1763 5361 1889 5433 l6):
1937 5380 1958 5415 ι
2005 5360 2132 5420 Haec

541 5458 618 5514 ita
646 5458 923 5523 dicuntur,
949 5465 1009 5511 ut
1036 5465 1218 5512 tamen
1241 5453 1617 5525 inseparabilis
1645 5453 1977 5524 intelligatur
1997 5469 2129 5525 ope-

543 5550 682 5606 ratio
709 5549 1028 5615 'l‘rinitatis;
1080 5549 1157 5604 ita
1202 5554 1264 5602 ut
1303 5563 1426 5604 cum
1475 5546 1720 5618 operatio
1768 5545 1948 5602 Patris
1995 5546 2131 5602 dici-

544 5650 654 5707 tur,
689 5657 794 5696 non
833 5655 956 5697 eam
992 5641 1108 5697 sine
1135 5638 1272 5695 Filio
1307 5647 1363 5694 et
1402 5638 1607 5709 Spiritu
1641 5647 1831 5694 sancto
1861 5637 2132 5709 intelliga-

546 5745 632 5788 tur
687 5732 846 5804 537
893 5733 1104 5803 operari
1130 5715 1233 5800 {et
1264 5747 1387 5787 cum
1415 5731 1661 5803 operatio
1692 5729 1841 5799 Filii,
1874 5747 1980 5786 non
2015 5731 2135 5787 sine

540 5822 705 5904 Patre
741 5834 800 5896 et
840 5825 1046 5907 Spiritu
1089 5834 1322 5906 sancto;
1372 5834 1428 5883 et
1461 5840 1586 5885 cum
1613 5825 1858 5897 operatio
1903 5823 2138 5905 Spiritus

2261 556 2412 603 recte
2459 547 2828 617 credentibus,
2867 548 2955 606 vel
2977 551 3144 608 etiam
3180 562 3239 609 ut
3261 565 3476 625 possunt
3499 559 3782 635 intelligenti-

2259 641 2381 706 bus,
2434 650 2490 698 et
2521 642 2643 700 ideo
2671 643 2802 701 illud
2861 645 3064 703 dictum
3088 662 3212 704 esse
3235 647 3303 705 de
3329 649 3498 719 Patre,
3545 653 3651 726 Ipse
3684 660 3782 728 facit

2259 751 2435 807 Opera,
2487 737 2632 809 quod
2677 739 2747 795 ab
2770 738 2862 796 illo
2885 739 2957 796 sit
2983 740 3138 813 origo
3182 741 3348 798 etiam
3387 758 3612 816 operum,
3647 765 3674 804 a
3702 767 3785 822 quo

2259 838 2345 887 est
2394 831 2699 905 existentia
2744 835 3152 905 cooperantium
3200 850 3537 907 personarum
3567 858 3580 895 :
3609 842 3716 912 quia
3743 855 3786 901 et

2259 922 2430 980 Filius
2461 925 2527 981 de
2553 939 2619 982 eo
2647 933 2808 983 natus
2836 935 2937 993 est,
2980 935 3036 983 et
3068 925 3300 999 Spiritus
3335 940 3540 986 sanctus
3569 933 3788 1006 principa-

2257 1013 2384 1071 liter
2410 1014 2478 1071 de
2506 1015 2598 1072 illo
2622 1016 2892 1088 procedit,
2915 1018 2980 1073 de
3006 1033 3114 1088 quo
3139 1027 3299 1073 natus
3326 1018 3596 1085 estFilius,
3629 1031 3788 1079 etcum

2259 1123 2367 1179 quo
2394 1107 2474 1163 illi
2502 1109 2805 1164 communis
2841 1117 2928 1165 est
2964 1109 3106 1165 idem
3150 1108 3402 1182 Spiritus.
3441 1131 3459 1164 ο
3515 1111 3640 1168 Ecce
3679 1129 3789 1185 quo-

2259 1199 2422 1256 modo
2466 1200 2728 1256 mentitur
2788 1199 3202 1267 Gothescalcus,
3258 1201 3442 1257 dicens
3489 1202 3790 1272 Augustinum

2260 1305 2381 1347 esse
2437 1306 2594 1348 suum
2620 1332 2636 1358 ,
2681 1292 3006 1363 Augustinus
3050 1291 3301 1362 inquiens
3347 1292 3605 1348 multoties
3637 1306 3791 1351 noster.

2259 1381 2396 1437 Nam
2443 1382 2614 1438 claret
2668 1382 2796 1454 quia
2841 1381 3232 1438 Gothescalcus
3276 1397 3383 1438 non
3413 1392 3493 1440 est
3536 1384 3790 1457 Augustini,

2259 1473 2514 1545 quoniam
2564 1489 2671 1528 non
2720 1474 2912 1541 credit,
2974 1490 3073 1530 nec
3117 1473 3448 1545 dogmatizat
3501 1477 3629 1532 sicut
3655 1478 3796 1549 Augu-

2207 1565 2212 1571 “
2257 1565 2455 1631 stinus,
2518 1579 2620 1621 nec
2662 1565 2995 1634 Augustinus
3039 1573 3123 1621 est
3155 1563 3510 1634 Gothescalci,
3557 1568 3673 1638 quia
3712 1570 3795 1623 dis-

2259 1659 2420 1715 sentit
2442 1674 2472 1713 a
2500 1657 2880 1725 Gothescalco,
2919 1666 2974 1714 et
3007 1658 3274 1715 catholica
3323 1660 3506 1721 sentit.
3546 1663 3674 1731 quod
3713 1677 3794 1716 non

2257 1749 2390 1805 facit
2429 1748 2839 1816 Gothescalcus,
2877 1749 3063 1806 dicens
3087 1751 3212 1821 quia
3244 1750 3408 1807 Pater
3433 1760 3515 1807 est
3550 1751 3692 1818 Deus,
3721 1754 3792 1808 sed

2255 1857 2366 1898 non
2396 1843 2463 1898 de
2503 1843 2634 1910 Deo,
2683 1841 2854 1899 Filius
2894 1850 2980 1899 est
3005 1843 3172 1909 Deus,
3216 1842 3317 1900 sed
3358 1843 3499 1901 Deus
3535 1845 3727 1911 debeo,
3757 1854 3798 1900 et

2257 1956 2365 1996 non
2395 1941 2474 1996 sic
2516 1941 2670 2008 dicit,
2719 1941 2860 1997 sicut
2888 1939 3282 1998 Gothescalcus
3325 1941 3464 1999 falso
3512 1942 3649 2007 dicit,
3697 1944 3796 2014 quia

2256 2048 2594 2105 unaquaeque
2615 2048 2686 2089 ex
2718 2031 2986 2090 Trinitate
3009 2047 3241 2104 persona
3280 2049 3383 2106 per
3410 2050 3469 2091 se
3490 2035 3558 2090 sit
3587 2034 3799 2090 Dominus

2254 2127 2418 2185 Deus.
2469 2126 2576 2184 Sed
2606 2136 2663 2184 et
2687 2127 3077 2192 testimonium,
3135 2129 3370 2184 abusum
3414 2142 3446 2183 a
3495 2127 3798 2185 Gothescalco

2257 2221 2323 2275 ad
2363 2235 2516 2276 suam
2556 2219 2987 2276 conﬁrmandam
3037 2221 3390 2288 sententiam,
3441 2235 3545 2292 quo
3574 2221 3689 2276 dicit
3716 2220 3798 2274 Do-

2255 2312 2451 2375 minus,
2511 2308 2828 2366 Paracletus
2885 2319 3061 2365 autem
3127 2310 3361 2383 Spiritus
3418 2322 3638 2379 sanctus,
3683 2327 3798 2381 quem

2255 2405 2422 2458 mittet
2467 2401 2632 2457 Pater
2680 2403 2738 2457 in
2769 2403 2978 2458 nomine
3028 2420 3166 2472 meo,
3213 2403 3377 2478 longe
3423 2404 3576 2461 aliter
3623 2403 3802 2475 exponit

2253 2501 2474 2550 sanctus
2521 2493 2819 2566 Gregorius
2880 2494 3087 2566 Spiritu
3126 2504 3320 2552 sancto
3374 2495 3633 2568 repletus,
3674 2509 3799 2564 quam

2251 2585 2636 2642 Gothescalcus
2679 2586 2874 2658 spiritu
2915 2585 3195 2643 immundo
3250 2586 3526 2659 impletus.
3565 2585 3649 2642 Ait
3689 2584 3801 2639 enim

2252 2679 2440 2736 beatus
2487 2679 2781 2752 Gregorius
2821 2679 2878 2734 in
2925 2679 3152 2735 homilia
3207 2678 3491 2752 Evangelii
3531 2678 3799 2750 trigesima:

2250 2773 2564 2830 Paracletus
2588 2783 2761 2829 autem
2784 2772 3014 2845 Spiritus
3040 2782 3279 2841 sanctus,
3311 2790 3466 2846 quem
3491 2774 3646 2828 mittet
3673 2766 3801 2823 Pater

2247 2869 2305 2924 in
2333 2868 2538 2923 nomine
2582 2884 2720 2934 meo,
2777 2865 2868 2922 ille
2917 2883 3006 2922 vos
3034 2866 3237 2921 docebit
3276 2867 3480 2933 omnia,
3529 2875 3575 2919 et
3612 2867 3801 2934 suggeret

2247 2962 2390 3018 vobis
2428 2962 2605 3017 omnia
2631 2977 2957 3034 quaecunque
2990 2961 3172 3016 dixero
3208 2961 3358 3016 vobis
3384 2959 3568 3033 (Joan.
3593 2973 3691 3022 xlv,
3713 2955 3800 3024 9.6).

2247 3055 2452 3121 Nostis,
2509 3055 2730 3124 plurimi
2776 3053 2978 3110 fratres
3013 3054 3141 3119 mei,
3187 3055 3338 3125 quod
3371 3053 3557 3110 Grzeca
3585 3049 3803 3113 locutione

2250 3145 2568 3218 paracletus,
2596 3145 2790 3202 Latina
2819 3146 3107 3200 advocatus
3139 3145 3364 3212 dicitur,
3393 3143 3477 3201 vel
3517 3138 3799 3198 consolator:

2253 3239 2382 3308 quia
2415 3239 2619 3295 idcirco
2645 3238 2942 3294 advocatus
2993 3237 3209 3301 dicitur,
3245 3239 3379 3308 quia
3404 3251 3506 3308 pro
3530 3245 3699 3291 errore
3735 3227 3804 3282 de:

2251 3330 2616 3401 linquentium
2655 3330 2798 3400 apud
2827 3329 3099 3401 justitiam
3142 3327 3336 3384 Patris
3381 3324 3678 3384 intervenit.
3729 3316 3805 3386 Qui

2251 3423 2410 3479 unius
2457 3411 2949 3479 substantiae‘cum
2980 3421 3144 3478 Patre
3197 3429 3255 3476 et
3280 3420 3453 3487 Filio,
3499 3429 3709 3476 exorare
3733 3422 3810 3482 pro

2250 3514 2684 3584 delinquentibus
2711 3513 3051 3583 perhibetur,
3108 3512 3236 3582 quia
3259 3527 3367 3568 eos
3399 3526 3536 3583 quos
3569 3501 3808 3579 repleverit

2247 3613 2535 3660 exorantes
2587 3603 2737 3660 facit.
2775 3603 2853 3660 De
2881 3619 2988 3674 quo
3016 3603 3293 3674 paracleto
3331 3603 3542 3676 Spiritu
3588 3600 3700 3655 item
3731 3593 3809 3648 De

2247 3697 2428 3751 minus
2463 3695 2594 3750 dicit
2617 3713 2632 3750 :
2665 3693 2799 3750 Cum
2826 3696 3019 3750 uenerit
3046 3693 3293 3750 Paraclet
3305 3713 3391 3763 us,
3436 3710 3587 3763 quem
3611 3705 3692 3762 ego
3713 3685 3807 3740 mit-

2248 3797 2357 3841 tam
2381 3788 2524 3843 vobis
2548 3804 2579 3841 a
2609 3785 2792 3854 Patre,
2824 3787 3068 3858 spiritum
3089 3787 3334 3843 ueritatis
3370 3786 3464 3859 qui
3494 3803 3528 3840 a
3554 3780 3700 3838 Patre
3721 3791 3809 3848 pro-

2246 3881 2402 3945 cedit,
2449 3880 2538 3936 ille
2561 3880 2917 3935 testimonium
2945 3879 3228 3951 perhibebit
3269 3881 3341 3936 de
3368 3897 3472 3946 me,
3519 3887 3566 3934 et
3587 3892 3666 3932 vos
3691 3868 3806 3927 testi-

2244 3970 2476 4026 monium
2543 3971 2876 4042 perltibebitis
2907 3969 3116 4042 .(Joan.
3166 3988 3255 4040 xv,
3317 3972 3415 4039 26,
3471 3971 3587 4040 27).
3632 3966 3683 4023 lu
3725 3974 3808 4033 qua

2245 4063 2513 4119 sententia
2552 4062 2849 4118 notandum
2887 4061 2942 4117 in
2970 4063 3164 4134 primis
3205 4073 3438 4121 sanctus
3483 4061 3624 4117 Beda
3657 4057 3810 4112 doctor

2244 4156 2510 4212 mirabilis
2538 4169 2606 4212 ex
2637 4155 3032 4212 catholicorum
3075 4157 3257 4214 verbis
3288 4167 3347 4214 et
3391 4156 3639 4214 sensibus
3662 4151 3712 4205 in
3734 4146 3809 4202 ho-
3859 4170 3866 4181 ·

2244 4249 2392 4304 milia
2437 4248 2716 4321 Evangelii
2747 4248 2900 4314 dicit,
2949 4249 3092 4319 quod
3119 4248 3389 4307 Dominus
3418 4249 3673 4322 Spiritum
3697 4237 3810 4295 veri-

2244 4344 2370 4399 tatis
2409 4353 2464 4400 et
2490 4359 2519 4398 a
2564 4358 2623 4399 se
2654 4341 2980 4397 mittendum
3011 4356 3133 4398 esse
3180 4350 3443 4410 testatur,
3497 4350 3553 4397 et
3597 4332 3808 4394 eumdem

2243 4449 2368 4489 mox
2403 4449 2434 4488 a
2481 4432 2644 4489 Patre
2672 4433 2970 4505 procedere
3015 4433 3298 4505 subiungit
3329 4453 3343 4488 :
3375 4449 3487 4490 non
3525 4430 3646 4501 quia
3695 4424 3808 4480 idem

2247 4525 2483 4600 Spiritus
2512 4526 2672 4583 aliter
2711 4541 2742 4582 a
2773 4525 2934 4582 Patre
2963 4525 3229 4598 procedit,
3275 4543 3446 4599 quam
3483 4539 3606 4581 cum
3644 4535 3673 4574 a
3701 4513 3807 4572 Filio

2245 4622 2511 4688 mittitur;
2542 4621 2636 4678 sed
2681 4620 2802 4677 ideo
2840 4620 3012 4677 Filius
3063 4635 3190 4676 eum
3222 4637 3254 4677 a
3297 4637 3362 4678 se
3405 4620 3571 4686 mitti,
3616 4632 3647 4672 a
3677 4613 3808 4668 Patre

2245 4712 2378 4769 dicit
2411 4712 2730 4783 procedere,
2774 4718 2835 4767 ut
2874 4711 3036 4767 aliam
3065 4709 3266 4780 Patris,
3326 4713 3493 4767 aliam
3521 4721 3669 4766 suam
3712 4710 3806 4756 esse

2241 4815 2533 4876 personam
2559 4788 2825 4877 designet,
2865 4805 2996 4859 etin
3023 4804 3210 4860 eadem
3263 4804 3620 4860 distinctione
3652 4807 3807 4868 perSO'

2242 4912 2459 4963 narum,
2507 4912 2668 4952 unam
2695 4912 2816 4954 esse
2844 4898 3218 4968 operationem
3239 4914 3302 4956 ac
3327 4899 3662 4954 voluntatem
3682 4898 3806 4945 suam

2242 5007 2367 5049 cum
2400 4990 2584 5048 Patris
2625 4992 2901 5048 voluntate
2923 5001 2980 5048 et
3002 4995 3324 5063 operatione
3367 4989 3666 5048 denuntiet.
3701 4983 3807 5038 Cum

2238 5087 2384 5144 enim
2413 5085 2655 5157 ejusdem
2685 5084 2920 5156 Spiritus
2945 5087 3124 5158 gratia
3154 5087 3317 5141 datur
3341 5084 3672 5145 hominibus,
3705 5073 3806 5129 mit-

2235 5179 2371 5234 titur
2399 5177 2642 5250 prol‘ecto
2688 5176 2924 5249 Spiritus
2957 5194 2988 5234 a
3017 5179 3196 5245 Patre,
3251 5179 3497 5235 mittitur
3540 5186 3594 5232 et
3614 5191 3641 5229 a
3666 5169 3804 5230 Filio;

2236 5271 2482 5342 procedit
2522 5288 2552 5326 a
2607 5271 2788 5337 Patre,
2841 5273 3088 5342 procedit
3139 5281 3196 5329 et
3229 5290 3257 5329 a
3290 5273 3458 5339 Filio,
3490 5271 3616 5342 quia
3638 5274 3688 5322 et
3713 5260 3806 5330 ejus

2236 5365 2425 5420 missio
2470 5366 2586 5436 ipsa
2621 5366 2896 5437 processio
2924 5374 3027 5434 est,
3076 5382 3182 5438 qua
3213 5382 3280 5424 ex
3305 5367 3480 5423 Patre
3507 5359 3734 5437 procedit
3766 5360 3808 5407 et

2234 5455 2392 5511 Filio.
2451 5455 2611 5512 Venit
2633 5465 2689 5513 et
2729 5473 2826 5514 sua
2853 5468 3064 5528 sponte,
3117 5460 3211 5530 qui
3241 5459 3390 5514 sicut
3425 5453 3707 5526 coaequalis
3739 5453 3805 5500 est

2236 5545 2384 5602 Patri
2425 5553 2481 5603 et
2517 5547 2676 5617 Filio,
2717 5549 2792 5605 ita
2824 5550 3071 5607 eamdem
3123 5551 3284 5608 habet
3329 5550 3666 5607 voluntatem
3704 5552 3805 5597 cum

2238 5637 2401 5694 Patre
2439 5647 2502 5694 et‘
2520 5639 2658 5695 Filio
2711 5655 3055 5697 communem
3087 5661 3101 5698 :
3161 5641 3399 5714 Spiritus
3441 5643 3579 5697 enim
3608 5636 3689 5692 ubi
3719 5627 3803 5686 ruit

2235 5733 2402 5803 spirat
2424 5733 2605 5805 (Joan.
2631 5750 2715 5800 111,
2736 5735 2814 5804 8).
2867 5736 2934 5791 Et
2977 5738 3118 5794 sicut
3161 5736 3462 5809 Apostolus
3506 5721 3804 5790 enumeratis

2189 5867 2192 5872 -
2237 5826 2395 5888 donis
2419 5828 2754 5896 coelestibus,
2792 5830 2864 5885 ait
2892 5847 2904 5884 :
2938 5831 3067 5887 Ητεε
3091 5833 3266 5888 omnia
3291 5840 3554 5904 operatur
3577 5839 3700 5882 unus
3736 5823 3800 5872 σι-
