4026 6340
234 389 336 444 601

1272 374 1360 430 DE
1402 370 1542 428 UNA
1583 370 1670 425 ET
1711 369 1846 425 NON
1887 367 2097 424 TRINA
2139 367 2462 425 DEITATE.
3252 359 3278 380 ⁸

3393 371 3498 426 602

234 500 402 574 538
444 513 544 570 que
567 497 704 552 idem
731 495 966 567 spiritus,
1005 489 1240 546 dividens
1261 487 1480 560 singulis
1529 494 1680 557 prout
1714 482 1820 537 vult
1847 486 1901 547 Α
1925 482 2088 554 539
2112 482 2253 538 Deus
2281 483 2406 552 quia
2432 483 2580 538 unita
2623 491 2708 540 est
2742 482 2938 550 deitas,
2964 482 3106 540 sicut
3136 498 3233 555 per
3259 483 3499 556 singulas

236 592 290 664 (Ι
313 592 436 646 Cor.
485 606 583 655 xu,
615 588 726 658 ll).
787 586 856 642 Ut
879 599 1010 656 ergo
1057 582 1366 654 singillatim
1393 579 1652 635 Dominus
1683 577 1824 632 Deus

234 682 603 752 omnipotens,
635 679 928 741 increatus,
957 675 1274 736 immensus,
1301 680 1552 732 mlcrnus,
1589 677 1645 722 et
1665 665 1823 737 quid-

234 771 367 843 quid
404 771 487 826 .ad
513 785 572 825 se
598 769 666 824 de
693 767 806 824 Deo
849 765 1064 830 dicitur,
1109 771 1196 820 est
1222 762 1384 818 Pater
1415 779 1428 816 :
1457 759 1554 816 sed
1591 773 1698 813 non
1729 770 1826 828 per

235 882 297 922 se
338 865 578 921 solitarie
621 863 738 919 sine
764 861 905 918 Filio
955 875 1023 916 ex
1054 874 1152 916 sua
1178 856 1476 914 substantia
1523 854 1727 927 genito,
1771 860 1828 908 et

236 958 447 1028 Spiritu
487 962 676 1012 sancto
728 953 824 1025 qui
855 967 922 1008 ex
960 953 1076 1022 ipso
1122 950 1370 1020 Filioque
1416 946 1696 1018 procedit;
1749 944 1825 1000 ita

235 1047 553 1119 singillatim
604 1043 862 1100 Dominus
909 1042 1052 1098 Deus
1092 1041 1461 1109 omnipotens,
1531 1037 1824 1102 increatus,

234 1141 559 1203 immensus,
591 1146 850 1200 :eternus,
910 1143 965 1188 et
994 1131 1252 1204 quidquid
1279 1132 1346 1186 ad
1375 1145 1434 1185 se
1480 1129 1546 1185 de
1588 1128 1698 1183 Deo
1727 1126 1827 1210 Idi-

233 1233 406 1297 citur,
431 1238 515 1285 est
540 1228 745 1294 Filius;
775 1227 868 1282 sed
897 1241 1005 1281 non
1034 1240 1132 1295 per
1163 1239 1223 1280 se
1253 1221 1494 1278 solitarie
1528 1219 1644 1276 sine
1662 1218 1828 1272 Patre

234 1339 306 1379 ex
337 1339 446 1394 quo
485 1330 590 1388 est,
635 1329 689 1376 et
733 1321 850 1376 sine
880 1316 1084 1389 Spiritu
1123 1326 1312 1374 sancto
1347 1317 1436 1386 qui
1468 1330 1533 1370 ex
1567 1314 1728 1368 Patre
1773 1319 1830 1367 et

233 1432 305 1470 ex
338 1416 457 1485 ipso
486 1412 731 1484 procedit
757 1429 774 1478 ;
807 1413 880 1466 ita
903 1409 1212 1482 singillatim
1239 1409 1500 1463 Dominus
1540 1405 1681 1462 Deus
1712 1419 1830 1459 om-

234 1509 511 1578 nipotens,
537 1505 832 1568 increatus,
859 1502 1176 1567 immensus,
1206 1509 1460 1564 aeternus,
1487 1506 1542 1553 et
1571 1495 1828 1567 quidquid

235 1600 306 1654 ad
337 1615 398 1654 se
441 1597 508 1653 de
529 1597 641 1653 Deo
665 1597 884 1661 dicitur,
916 1605 999 1650 est
1029 1593 1266 1666 Spiritus
1295 1601 1552 1657 sanctus;
1589 1591 1683 1646 sed
1721 1605 1826 1645 non

234 1705 336 1763 per
365 1704 426 1746 se
481 1689 723 1745 solitarie
758 1689 875 1744 sine
901 1687 1062 1742 Patre
1095 1694 1150 1742 et
1173 1686 1311 1740 Filio
1354 1700 1422 1740 ex
1461 1683 1658 1755 quibus
1703 1697 1830 1754 pro-

1923 589 2182 647 personas
2203 575 2464 645 scriptum
2489 583 2572 630 est
2599 590 2614 630 :
2643 584 2698 631 et
2718 576 2845 647 quia
2884 575 3062 632 nullus
3081 585 3165 634 est
3184 576 3346 642 Deus,
3391 579 3496 634 nisi

1923 682 2082 734 unus,
2123 666 2209 722 vel
2251 667 2373 733 hoc,
2426 666 2587 734 Audi,
2640 667 2833 736 Israel,
2856 668 3110 724 Dominus
3174 667 3316 725 Deus
3378 679 3498 727 tuus

1923 757 2067 814 Deus
2098 775 2231 814 unus
2269 769 2369 825 est,
2395 773 2493 830 per
2526 759 2765 831 singulas
2807 775 3071 830 personas
3115 760 3246 817 dicit
3292 760 3499 817 unitam

1923 869 2047 912 esse
2069 854 2321 913 deitatem
2347 871 2361 907 :
2391 863 2447 910 et
2471 869 2596 916 non,
2637 860 2695 908 ut
2721 853 3105 912 Gothescalcus
3126 869 3224 928 per
3239 869 3299 911 se
3318 854 3503 912 solita-

1927 947 2008 1002 rie
2035 946 2126 1001 uni
2149 961 2216 1001 ex
2253 945 2494 1000 trinitate
2543 959 2788 1016 personae
2822 947 3125 1018 supplicare
3181 947 3377 1004 debere
3417 949 3500 1004 di-

1927 1039 2035 1095 cit:
2063 1039 2130 1094 Et
2155 1039 2282 1094 item
2319 1049 2538 1096 sanctus
2558 1039 2887 1096 Athanasius
2919 1041 3050 1097 dicit
3073 1041 3190 1112 (lib.
3221 1043 3329 1098 tde
3365 1043 3499 1097 unit.

1928 1151 2069 1189 nam.
2105 1134 2319 1203 Trinit.)
2353 1152 2366 1188 :
2404 1152 2424 1186 ι
2452 1135 2534 1189 An
2579 1134 2795 1206 ignoras
2829 1133 2959 1205 quia
2991 1133 3155 1191 Pater
3188 1150 3330 1191 unus
3361 1133 3504 1192 Deus

1929 1233 2034 1291 est,
2067 1233 2123 1280 et
2142 1225 2310 1280 Filius
2331 1225 2738 1292 unusDeusest,
2778 1233 2832 1282 et
2853 1224 3090 1297 Spiritus
3129 1235 3346 1283 sanctus
3367 1244 3504 1284 unus

1931 1316 2074 1372 Deus
2093 1317 2198 1372 est?
2213 1315 2400 1372 Nonne
2414 1333 2554 1373 unus
2568 1316 2710 1374 Deus
2724 1327 2803 1373 est
2815 1359 2830 1385 ,
2847 1317 2973 1373 dum
2990 1318 3199 1374 unitum
3214 1334 3409 1376 nomen
3423 1329 3508 1376 est

1929 1408 1986 1464 in
2011 1419 2203 1464 natura
2229 1409 2394 1464 usiaa?
2419 1410 2497 1466 sic
2525 1418 2580 1464 et
2605 1425 2743 1466 unus
2765 1408 3002 1481 Spiritus
3026 1417 3130 1476 est,
3156 1409 3284 1480 quia
3325 1411 3502 1467 unitas

1929 1508 2013 1556 est
2039 1499 2280 1570 ejusdem
2309 1501 2496 1556 deitas.
2542 1499 2679 1556 Nam
2728 1501 2774 1556 si
2830 1510 2886 1557 tu
2930 1516 3028 1572 per
3051 1501 3262 1573 singula
3285 1501 3505 1556 nomina

1929 1607 2283 1664 personarum
2312 1592 2524 1648 unitum
2583 1607 2780 1650 nomen
2807 1592 3042 1664 Spiritus
3081 1601 3164 1650 ter
3193 1592 3506 1663 designasti,

1931 1687 2173 1758 nunquid
2205 1696 2315 1744 tres
2342 1688 2564 1759 spiritus
2595 1686 2777 1744 dicere
2807 1687 3052 1759 oportet?
3082 1686 3243 1743 absit.
3272 1685 3425 1754 Quod
3461 1685 3509 1742 si

235 1784 402 1838 cedit.
437 1781 760 1851 Singillatim
783 1795 1015 1851 namque
1042 1788 1098 1836 et
1120 1794 1218 1851 per
1247 1794 1305 1835 se
1333 1778 1573 1834 solitarie
1598 1777 1829 1832 dicimus
1853 1849 1886 1851 _
1932 1779 2036 1834 hoc
2068 1789 2280 1851 poterat
2300 1781 2432 1848 dici,
2484 1778 2590 1834 tale
2616 1787 2736 1835 erat
2768 1787 2827 1834 ut
2848 1787 2904 1834 et
2933 1779 3037 1834 hoc
3075 1779 3130 1833 in
3169 1775 3509 1832 confessione

236 1874 413 1929 Deum
469 1849 708 1939 Patrem,
756 1880 811 1928 et
839 1849 1102 1943 quidquid
1121 1849 1201 1926 ad
1231 1887 1290 1927 se
1341 1871 1407 1926 de
1436 1871 1546 1926 Deo
1576 1870 1773 1925 dicitur
1806 1886 1820 1923 :
1851 1849 1900 1910 Β
1929 1849 2149 1929 deberet
2179 1873 2466 1939 introduci,
2494 1881 2602 1928 tres
2628 1871 2757 1928 deos
2787 1871 2982 1942 plurali
3025 1883 3252 1925 numero
3300 1883 3510 1922 nuncu-

235 1969 366 2038 quia
397 1966 621 2022 relative
651 1966 706 2020 in
741 1965 846 2021 hac
881 1972 1072 2021 sancta
1101 1971 1156 2019 et
1184 1963 1456 2019 individua
1486 1972 1646 2034 atque
1680 1961 1825 2016 inse-

235 2057 472 2130 parabili
533 2055 804 2111 Trinitate
875 2054 1189 2126 singillatim
1261 2053 1505 2123 singulus
1577 2052 1828 2107 videlicet

238 2164 385 2202 unus
421 2154 506 2202 est
531 2145 714 2212 Pater,
771 2145 1084 2218 singillatim
1128 2145 1372 2216 singulus
1398 2143 1648 2199 videlicet
1690 2159 1828 2198 unus

236 2250 324 2297 est
378 2239 568 2305 Filius,
633 2238 944 2307 singillatim
979 2237 1220 2310 singulus
1256 2237 1508 2294 videlicet
1559 2251 1698 2291 unus
1746 2243 1830 2292 est

238 2334 479 2406 Spiritus
516 2341 757 2399 sanctus,
790 2341 844 2388 et
873 2331 1048 2388 Patris
1075 2341 1128 2387 et
1159 2331 1282 2388 Filii
1316 2341 1370 2388 et
1397 2331 1630 2403 Spiritus
1655 2329 1829 2385 sancti

236 2441 349 2481 una
368 2435 455 2481 est
475 2425 748 2491 divinitas,
767 2425 959 2491 deitas,
983 2433 1195 2489 natura,
1220 2425 1477 2490 essentia,
1505 2423 1829 2490 substantia,

236 2516 466 2586 aequalis
498 2516 688 2588 gloria,
717 2525 984 2572 coaeterna
1011 2517 1284 2587 majestas.
1331 2517 1397 2571 Et
1425 2515 1672 2587 quamvis
1697 2513 1834 2569 alius

236 2607 312 2662 sit
361 2607 540 2673 Pater,
583 2607 723 2663 alius
760 2607 950 2672 Filius,
1005 2607 1145 2662 alius
1168 2607 1404 2678 Spiritus
1433 2616 1678 2674 sanctus,
1722 2621 1830 2660 non

235 2709 321 2756 est
367 2709 550 2757 tamen
585 2700 800 2757 diversa
851 2700 1150 2756 substantia
1183 2700 1365 2756 Patris
1395 2709 1448 2755 et
1469 2699 1595 2754 Filii
1620 2707 1675 2754 et
1713 2696 1835 2768 Spi-

236 2791 380 2847 ritus
427 2793 624 2859 sancti,
666 2792 792 2864 quia
820 2807 926 2848 non
950 2792 1199 2847 estaliud
1233 2793 1414 2856 Pater,
1466 2791 1611 2846 aliud
1639 2791 1833 2846 Filius.

237 2882 388 2939 aliud
419 2883 656 2956 Spiritus
677 2893 915 2940 sanctus.
953 2884 1021 2940 Et
1042 2884 1207 2940 Pater
1241 2894 1297 2940 et
1320 2883 1488 2940 Filius
1515 2893 1569 2939 et
1598 2883 1834 2954 Spiritus

236 2984 468 3031 sanctus
509 2992 616 3032 non
641 2977 840 3032 dicitur
863 2979 1158 3033 secundum
1189 2979 1572 3045 substantiam,
1619 2979 1712 3033 sed
1751 2994 1837 3033 se-

236 3067 478 3122 cundum
500 3067 784 3123 relativum
817 3087 830 3123 :
886 3069 1029 3140 quod
1082 3077 1263 3124 tamen
1303 3068 1589 3124 relativum
1621 3085 1728 3124 non
1754 3079 1836 3125 est

237 3158 516 3226 accidens,
557 3159 684 3232 quia
706 3175 814 3214 non
841 3168 926 3215 est
955 3158 1231 3214 mutabile.
1273 3160 1330 3214 ln
1369 3161 1478 3215 Deo
1518 3161 1663 3216 enim
1696 3160 1831 3216 nihil

1926 1967 2066 2038 pari,
2102 1976 2162 2022 ut
2183 1967 2295 2038 jam
2338 1982 2446 2022 non
2479 1975 2625 2023 esset
2665 1966 2720 2021 in
2755 1965 2839 2020 his
2881 1962 3131 2037 personis
3175 1977 3282 2017 una
3310 1968 3506 2015 natura

1929 2061 2247 2126 divinitatis,
2277 2060 2372 2116 sed
2399 2057 2766 2130 unusquisque
2814 2058 2870 2113 in
2910 2057 3127 2128 prepria
3171 2055 3257 2110 vel
3294 2053 3508 2110 diversa

1928 2161 2122 2208 natura
2149 2167 2248 2209 sua
2275 2153 2616 2216 consisteret,
2641 2151 2786 2222 quod
2806 2149 2969 2206 absit.
2987 2169 3005 2202 ι
3027 2166 3046 2201 ‹
3068 2147 3339 2218 Quidquid
3359 2161 3512 2218 ergo,

1930 2245 2209 2299 ut'beatus
2237 2243 2575 2315 Augustinus
2594 2241 2747 2308 dicit,
2779 2241 2847 2297 ad
2870 2257 2931 2298 se
2954 2241 3153 2297 dicitur
3187 2239 3254 2296 de
3278 2239 3439 2294 Patre
3459 2247 3518 2294 ει

1930 2337 2069 2393 Filio
2109 2348 2164 2394 et
2205 2338 2273 2394 de
2322 2337 2528 2408 Spiritu
2567 2343 2773 2403 sancto,
2802 2334 2857 2391 id
2904 2344 2987 2391 est
3028 2332 3289 2404 quidquid
3318 2331 3517 2387 dicitur

1932 2433 2078 2503 quod
2115 2431 2474 2487 substantiam
2522 2445 2711 2486 eorum
2748 2427 3008 2492 ostendit,
3061 2441 3172 2481 non
3215 2423 3413 2480 dicitur
3450 2422 3518 2477 de

1933 2523 2040 2578 alio
2087 2525 2204 2578 sine
2257 2521 2404 2577 alio:
2437 2521 2564 2592 quia
2610 2535 2709 2575 nec
2733 2519 2895 2576 Pater
2923 2526 3007 2574 est
3032 2517 3176 2572 Deus
3220 2516 3338 2572 sine
3379 2513 3519 2570 Filio

1934 2624 1990 2670 et
2015 2616 2215 2686 Spiritu
2243 2624 2456 2680 sancto,
2487 2629 2589 2671 nec
2623 2613 2791 2669 Filius
2825 2621 2912 2669 est
2938 2613 3081 2668 Deus
3122 2611 3241 2666 sine
3276 2608 3439 2664 Patre
3462 2615 3520 2663 et

1937 2705 2140 2776 Spiritu
2181 2715 2388 2771 sancto,
2439 2719 2542 2760 nec
2586 2703 2822 2775 Spiritus
2866 2710 3086 2758 sanctus
3124 2710 3210 2756 εει
3237 2700 3380 2756 Deus
3403 2698 3520 2754 sine

1935 2795 2097 2851 Patre
2125 2804 2179 2850 et
2199 2794 2362 2861 Filio,
2389 2809 2620 2865 quorum
2643 2801 2729 2850 est
2759 2793 3005 2865 spiritus.
3030 2791 3089 2848 Si
3115 2807 3244 2864 ergo
3284 2791 3521 2846 interro-

1937 2897 2092 2961 gatus
2128 2887 2297 2944 fueris
2337 2889 2404 2944 de
2442 2888 2574 2954 Deo,
2627 2904 2728 2944 cur
2777 2889 2992 2944 dicatur
3046 2886 3232 2954 Pater,
3295 2884 3524 2941 relative

1937 2982 2222 3052 responde,
2255 2978 2390 3046 Quia
2415 2978 2610 3035 Filium
2638 2979 2802 3035 habet
2830 2997 2844 3033 :
2869 2979 2943 3034 ita
2983 2978 3150 3034 etiam
3194 2987 3250 3034 et
3306 2977 3372 3033 de
3428 2976 3522 3032 Fi-

1935 3069 2011 3125 lio
2038 3069 2266 3125 relative
2310 3069 2597 3141 responde,
2644 3068 2766 3124 ideo
2801 3083 2922 3125 esse
2965 3062 3164 3124 Filium
3193 3067 3320 3138 quia
3361 3065 3528 3122 habet

1939 3162 2176 3230 Patrem,
2201 3172 2255 3219 et
2291 3163 2356 3219 dc
2381 3161 2586 3234 Spiritu
2611 3173 2819 3228 sancto,
2847 3164 2974 3234 quia
3003 3163 3072 3219 de
3092 3161 3256 3218 Patre
3280 3161 3526 3232 Filioque

237 3251 541 3309 secundum
584 3253 838 3309 accidens
895 3252 1111 3317 dicitur,
1166 3254 1292 3324 quia
1341 3252 1475 3308 nihil
1521 3261 1605 3308 est
1653 3254 1707 3308 in
1763 3269 1828 3309 eo
1857 3223 1904 3289 C
1936 3256 2200 3329 procedit,
2245 3223 2478 3326 quorum
2502 3263 2586 3312 est
2624 3223 2882 3327 spiritus:
2908 3255 2965 3312 Si
2990 3257 3155 3312 etiam
3182 3257 3384 3313 dictum
3426 3223 3525 3311 tibi

235 3343 524 3401 mutabile.
565 3343 700 3401 Cum
733 3345 938 3416 itaque,
984 3353 1047 3400 ut
1082 3344 1414 3416 Augustinus
1447 3345 1597 3411 dicit,
1647 3354 1829 3402 tantus

235 3437 313 3491 sit
342 3435 486 3493 solus
523 3433 704 3503 Pater,
747 3435 834 3492 vel
867 3435 1016 3492 solus
1047 3435 1238 3504 Filius,
1290 3437 1373 3492 vel
1403 3437 1549 3494 solus
1593 3436 1830 3507 Spiritus

235 3537 484 3596 sanctus,
529 3537 763 3598 quantus
791 3537 871 3584 est
912 3528 1070 3584 simul
1107 3528 1269 3584 Pater
1293 3537 1347 3585 et
1373 3528 1542 3584 Filius
1573 3538 1628 3584 ct
1653 3527 1829 3600 Spiri-

238 3629 330 3674 tus
370 3629 612 3685 sanctus,
655 3629 878 3690 propter
898 3635 1060 3674 unam
1096 3621 1452 3692 eamdemque
1501 3620 1832 3677 individuam

237 3719 409 3778 atque
475 3710 911 3781 inseparabilem,
977 3710 1193 3781 plenam
1258 3712 1662 3782 perfectamque
1710 3711 1834 3768 sub-

238 3804 524 3870 stantiam,
578 3803 632 3858 id
662 3812 746 3860 est
778 3803 1056 3868 deitatem,
1097 3820 1218 3875 quae
1243 3814 1330 3862 εει
1366 3815 1476 3861 tota
1499 3807 1553 3861 in
1581 3806 1829 3879 singulis,

239 3905 360 3954 tota
388 3898 442 3952 in
469 3897 644 3952 tribus
663 3897 823 3952 simul
851 3898 1101 3968 personis
1125 3915 1139 3952 :
1169 3897 1372 3953 habent
1400 3906 1578 3953 tamen
1607 3899 1834 3971 singula:

239 3992 299 4046 in
345 3999 534 4045 sancta
563 3989 828 4044 Trinitate
868 4003 1116 4061 persona:
1149 3989 1351 4059 aliquid
1380 3990 1678 4060 proprium,
1725 4007 1833 4062 quo

240 4081 593 4154 inseparabili
615 4081 921 4152 aequalitate
956 4082 1188 4151 aliquam
1224 4083 1278 4136 in
1307 4097 1366 4137 se
1397 4083 1684 4138 ostendant
1711 4098 1836 4153 pro-

241 4175 555 4245 prietatem.
611 4173 773 4228 Pater
825 4174 973 4229 solus
1001 4174 1181 4241 Pater,
1233 4174 1401 4230 Filius
1452 4175 1599 4232 solus
1638 4175 1832 4244 Filius,

239 4278 298 4322 et
328 4267 563 4337 Spiritus
589 4276 807 4323 sanctus
828 4268 974 4324 solus
1009 4267 1243 4339 Spiritus
1283 4278 1520 4327 sanctus.
1579 4271 1648 4326 Et
1678 4271 1837 4326 Pater

241 4361 352 4415 hoc
401 4359 565 4415 habet
608 4360 905 4431 proprium,
945 4362 1070 4431 quia
1100 4362 1170 4418 ab
1199 4361 1304 4417 alio
1341 4372 1580 4430 nonest,
1637 4346 1702 4420 ac
1738 4379 1838 4435 per

241 4453 351 4508 hoc
409 4451 556 4507 solus
581 4460 664 4506 est
689 4453 744 4507 in
775 4453 1118 4523 paternitatis
1145 4467 1400 4522 persona,
1450 4469 1558 4510 non
1583 4454 1733 4511 solus
1781 4457 1835 4511 in

239 4543 469 4598 deitatis
515 4545 769 4600 essentia.
821 4543 1140 4616 Unigenitus
1184 4561 1316 4602 vero
1366 4545 1537 4602 Filius
1588 4546 1684 4602 Dei
1735 4548 1922 4659 hocD

244 4635 410 4659 L4--.
443 4635 716 4659 .._-.._=.-,.
805 4636 941 4659 -..Α
999 4652 1058 4659 -_
1103 4637 1211 4659 ηπ,
1265 4637 1421 4659 n-._-
1483 4640 1797 4659 --_---.--.--,

244 4635 416 4690 habet
443 4635 745 4706 proprium,
801 4636 942 4706 quod
995 4652 1062 4691 ex
1101 4637 1216 4692 solo
1263 4637 1424 4693 Patre
1477 4640 1835 4695 consubstan-

242 4729 454 4786 tialiter
491 4735 546 4784 et
590 4729 1018 4785 coessentialiter
1069 4730 1217 4786 solus
1269 4731 1482 4801 genitus
1513 4741 1620 4798 est,
1678 4742 1732 4787 et
1783 4733 1837 4787 in

245 4821 351 4876 hoc
381 4834 630 4890 persona:
657 4835 767 4875 sua:
820 4822 1123 4893 proprietas
1151 4831 1254 4878 est.
1318 4823 1553 4894 Spiritus
1616 4836 1838 4882 sanctus

248 4911 435 4982 itaque
484 4912 587 4966 hoc
614 4912 780 4967 habet
798 4913 1094 4982 proprium,
1135 4915 1279 4984 quod
1318 4929 1385 4969 ex
1421 4916 1583 4971 Patre
1612 4925 1668 4971 et
1700 4917 1838 4973 Filio

248 5005 536 5074 aequaliter
576 5005 837 5074 procedit,
890 5013 944 5060 et
981 5013 1066 5060 est
1115 5007 1396 5062 amborum
1434 5007 1669 5078 Spiritus
1692 5009 1837 5080 ejus-

250 5097 486 5166 demque
512 5096 828 5151 substantiaa
847 5104 903 5150 et
927 5097 1247 5152 aeternitatis
1273 5113 1394 5152 cum
1417 5098 1580 5154 Patre
1604 5109 1659 5154 et
1680 5099 1839 5160 Filio.

252 5189 364 5242 Sed
415 5189 526 5243 haec
571 5189 672 5242 tria
701 5203 828 5244 vere
865 5189 1029 5244 etiam
1058 5189 1161 5244 tria
1193 5199 1333 5253 sunt,
1388 5191 1839 5265 inellabiliterque

255 5282 388 5346 tria,
439 5290 494 5334 et
523 5280 829 5336 essentialia
856 5281 983 5348 tria,
1022 5281 1275 5338 habentia
1301 5285 1662 5355 pr0prietates
1690 5301 1838 5342 suas.

256 5373 323 5427 Et
342 5374 458 5428 hzec
477 5373 578 5427 tria
598 5389 764 5428 unum
785 5386 842 5429 et
863 5388 993 5430 vere
1007 5390 1194 5442 unum,
1210 5384 1266 5431 et
1289 5377 1391 5432 hoc
1405 5393 1570 5432 unum
1586 5386 1719 5444 tres,
1746 5379 1842 5436 sed

255 5484 363 5522 non
404 5476 515 5523 tres
538 5476 743 5540 patres,
777 5483 876 5525 nec
900 5476 1013 5524 tres
1047 5467 1162 5536 lilii,
1184 5483 1285 5524 nec
1314 5479 1426 5526 tres
1453 5471 1674 5542 spiritus
1709 5489 1839 5529 san-

257 5561 350 5624 ('ti,
383 5561 478 5615 sed
501 5570 611 5618 tres
630 5576 891 5631 personae,
933 5577 1073 5619 unus
1098 5562 1276 5629 Pater,
1312 5579 1448 5619 unus
1476 5563 1666 5631 Filius,
1709 5581 1849 5622 unus

261 5651 501 5721 Spiritus
521 5661 760 5717 sanctus,
809 5662 865 5708 et
891 5653 946 5709 hi
979 5660 1108 5718 tres,
1147 5653 1201 5708 id
1230 5663 1312 5710 est
1333 5653 1496 5710 Pater
1517 5663 1573 5710 et
1600 5654 1770 5712 Filius
1793 5665 1850 5712 et

264 5742 499 5814 Spiritus
511 5754 752 5812 sanctus,
765 5761 932 5801 unum
951 5755 1076 5802 sunt
1092 5746 1143 5801 in
1159 5754 1372 5810 natura,
1389 5747 1780 5816 ornnipotentia
1793 5755 1850 5804 et

1931 3349 1998 3406 de
2045 3348 2158 3404 Deo
2191 3347 2378 3415 fuerit,
2435 3349 2708 3418 quomodo
2741 3346 2907 3403 Pater
2937 3348 3042 3403 hoc
3063 3355 3148 3402 est
3169 3345 3313 3418 quod
3335 3343 3521 3408 Filius,

1932 3449 2026 3495 aut
2057 3439 2224 3496 Filius
2249 3439 2353 3496 hoc
2382 3448 2466 3495 est
2497 3438 2641 3510 quod
2669 3438 2855 3505 Pater,
2899 3437 3186 3510 responde,
3229 3435 3525 3493 secundum

1931 3531 2293 3588 substantiam
2325 3530 2428 3587 hoc
2474 3538 2559 3586 est
2606 3527 2777 3586 Filius
2829 3529 2972 3601 quod
3021 3528 3202 3594 Pater,
3257 3534 3314 3583 et
3358 3525 3522 3582 Pater

1932 3628 2077 3697 quod
2123 3625 2315 3692 Filius,
2354 3634 2410 3682 et
2449 3624 2684 3696 Spiritus
2732 3631 2955 3680 sanctus
2980 3623 3125 3694 quod
3158 3622 3324 3678 Pater
3350 3627 3407 3676 et
3436 3619 3530 3675 Fi-

1932 3718 2059 3784 lius,
2103 3718 2230 3788 quia
2281 3732 2422 3771 unus
2453 3725 2538 3771 est
2566 3715 2732 3782 Deus,
2775 3723 2832 3770 et
2859 3730 2968 3769 una
2993 3712 3316 3778 substantia,
3367 3709 3530 3766 Pater

1933 3819 1989 3866 et
2012 3809 2182 3865 Filius
2203 3817 2258 3864 et
2285 3808 2523 3879 Spiritus
2544 3816 2788 3862 sanctus.
2818 3806 2900 3862 Ad
2929 3820 2987 3862 se
3015 3805 3161 3860 enim
3211 3803 3357 3859 Deus
3404 3801 3531 3858 sub-

1935 3903 2267 3959 stantialiter
2289 3901 2486 3958 dicitur
2513 3913 2529 3953 :
2558 3898 2642 3954 Ad
2664 3898 2880 3954 Patrem
2907 3897 3100 3964 Filius,
3126 3895 3212 3952 vel
3237 3895 3306 3951 ad
3329 3893 3527 3950 Filium

1934 3995 2118 4062 Pater,
2147 4007 2203 4050 et
2251 3995 2319 4049 ad
2347 3993 2567 4048 Patrem
2607 4000 2663 4048 et
2694 3990 2892 4045 Filium
2923 3988 3161 4060 Spiritus
3185 3995 3409 4044 sanctus
3437 3999 3526 4040 re-

1936 4088 2100 4144 lative
2127 4086 2344 4144 dicitur.
2371 4083 2535 4140 Juxta
2577 4098 2824 4154 personae
2849 4081 3263 4152 proprietatem,
3294 4094 3402 4133 non
3445 4084 3529 4132 est

1937 4180 2099 4236 Pater
2118 4177 2422 4250 quiFilius,
2463 4193 2564 4232 nec
2595 4174 2765 4230 Filius
2793 4173 2886 4245 qui
2932 4171 3114 4236 Pater,
3163 4183 3264 4224 nec
3291 4167 3530 4237 Spiritus

1937 4280 2157 4328 sanctus
2179 4269 2269 4340 qui
2305 4268 2464 4323 Pater
2487 4275 2543 4322 et
2568 4265 2761 4321 Filius.
2798 4262 2961 4319 Juxta
3002 4259 3318 4316 substantia:
3348 4257 3528 4314 unita-

1939 4370 2070 4428 tem,
2090 4361 2194 4416 hoc
2209 4367 2292 4415 est
2305 4357 2468 4412 Pater
2483 4355 2626 4426 quod
2638 4343 2831 4422 Filius,
2846 4353 2951 4409 hoc
2963 4361 3048 4408 est
3061 4349 3296 4421 Spiritus
3307 4357 3528 4406 sanctus

1940 4453 2083 4526 quod
2121 4453 2284 4508 Pater
2309 4460 2362 4507 et
2383 4450 2573 4516 Filius,
2607 4449 2657 4504 id
2678 4456 2764 4504 est
2814 4461 2954 4502 unus
2981 4444 3124 4501 Deus
3160 4443 3525 4514 omnipotens.

1942 4546 2213 4618 Quidquid
2234 4561 2363 4618 ergo
2389 4545 2455 4601 ad
2482 4559 2540 4600 se
2561 4543 2737 4614 ipsum
2765 4541 2964 4598 dicitur
2999 4538 3165 4606 Deus,
3216 4546 3273 4594 et
3317 4537 3386 4593 de
3413 4535 3528 4591 sin-

1945 4643 2085 4716 gulis
2140 4640 2386 4712 personis
2429 4638 2652 4704 dicitur,
2695 4635 2860 4692 Patre
2914 4643 2971 4691 et
3032 4633 3171 4690 Filio
3216 4641 3273 4688 et
3319 4629 3527 4702 Spiritu

1940 4743 2150 4797 sancto,
2209 4741 2265 4787 et
2310 4731 2474 4787 simul
2503 4731 2569 4786 de
2613 4730 2728 4801 ipsa
2758 4719 3048 4792 Trinitate,
3077 4742 3186 4782 non
3215 4723 3522 4796 pluraliter,

1941 4827 2036 4882 sed
2071 4825 2417 4897 singulariter
2447 4823 2661 4878 dicitur.
2688 4843 2706 4876 ι
2740 4822 2909 4892 Igitur
2959 4817 3350 4876 Gothescalcus
3404 4830 3531 4886 pcr-

1940 4931 2098 4972 verse
2127 4915 2280 4980 dicit,
2331 4922 2391 4968 ut
2420 4928 2609 4969 revera
2641 4911 2946 4975 haereticus,
2976 4927 2997 4962 ι
3035 4923 3161 4965 cum
3189 4907 3279 4962 uni
3307 4921 3376 4961 ex
3411 4904 3532 4960 Tri-

1940 5008 2112 5063 nitate
2173 5020 2420 5078 personae
2471 5002 2783 5074 singillatim
2837 5000 3078 5056 solitaria
3140 4996 3525 5068 supplicamus,

1945 5099 2143 5155 debere
2167 5096 2276 5152 dici
2303 5113 2316 5151 :
2343 5094 2464 5152 Tibi
2508 5094 2616 5150 Deo
2647 5094 2887 5164 gratias;
2935 5102 2990 5148 et
3027 5106 3095 5148 ne
3123 5091 3292 5147 simus
3317 5090 3530 5146 caeteris

1946 5191 2155 5248 duabus
2183 5191 2432 5260 personis
2483 5189 2701 5260 ingrati,
2750 5196 3002 5259 oportere
3065 5184 3256 5256 subjici
3307 5201 3321 5238 :
3367 5182 3532 5238 Vobis

1945 5281 2056 5338 Deo
2081 5282 2302 5354 gratias.
2358 5299 2378 5333 ι
2415 5280 2530 5347 Quo
2588 5287 2776 5334 contra
2837 5278 2920 5333 vir
2966 5277 3306 5333 venerandus
3344 5274 3528 5330 Alcui-

1946 5389 2067 5439 nus,
2097 5373 2153 5429 in
2199 5373 2339 5428 libro
2387 5385 2454 5426 ex
2477 5371 2619 5426 beati
2647 5368 2934 5438 Augustini
2979 5376 3035 5426 ει
3075 5376 3397 5424 cmterorum
3433 5381 3529 5422 ca-

1954 5464 2280 5521 tholicorum
2331 5463 2490 5519 dictis
2544 5461 2612 5516 ad
2657 5459 2909 5516 Carolum
2948 5475 3203 5532 magnum
3242 5459 3532 5528 imperato-

1954 5575 2068 5616 rem
2107 5559 2332 5616 collecto
2381 5557 2512 5613 dicit
2552 5555 2668 5628 (lib.
2715 5571 2734 5611 1
2781 5555 2844 5612 de
2893 5554 3042 5611 Trin.
3087 5570 3138 5612 c.
3183 5553 3309 5628 12):
3365 5573 3383 5608 ι
3417 5555 3533 5611 Hoc

1953 5655 2120 5712 etiam
2169 5663 2331 5725 atque
2379 5652 2543 5706 etiam
2595 5651 2824 5707 ﬁrmiter
2855 5650 3144 5708 tenendmn
3175 5659 3281 5717 est,
3313 5649 3450 5705 nihil
3478 5651 3533 5706 in

1954 5755 2142 5804 sancta
2181 5744 2449 5800 Trinitate
2493 5745 2561 5800 ad
2600 5759 2659 5800 se
2699 5743 2903 5801 dictum
2942 5743 3133 5817 plurali
3165 5757 3390 5799 numero
3416 5759 3536 5799 esse

265 5839 585 5896 aeternitate.
618 5840 762 5907 Ideo,
781 5842 955 5914 inquit
978 5850 1199 5900 sanctus
1233 5841 1582 5922 Athanasius,
1609 5858 1747 5900 tinus
1767 5850 1854 5931 est
1957 5840 2265 5916 dicendum,
2295 5837 2421 5918 quia
2449 5835 2678 5911 simplex
2725 5836 2817 5894 illa
2862 5854 3088 5898 summa:
3118 5837 3416 5905 divinitatis
3442 5853 3539 5914 na.
