4026 6340
524 341 630 400 oos
727 317 758 343 '
1487 331 1818 395 HlNCMAlll
1860 323 2257 385 RHEMENSIS
2291 316 2814 414 Ancnrsrlscoﬁ
3677 334 3764 390 θοι

522 461 645 509 tura
680 451 940 524 singulari
970 465 1198 519 numero
1241 449 1514 524 designari
1559 449 1740 515 debet,
1794 444 1958 519 5&0
1997 458 2106 498 non
2135 439 2193 504 Α
2216 443 2456 510 belliani,
2479 442 3767 519 Ariani,Nestoriani,Eutychiani,hiacedoniani,

522 544 740 618 plurali.
775 544 852 601 Ae
877 543 1001 601 ideo
1023 558 1125 601 nec
1148 552 1260 600 tres
1288 544 1440 611 deos,
1477 557 1579 599 nec
1620 551 1732 597 tres
1777 539 2114 610 omnipoten-
2214 538 2371 613 54],
2399 538 2723 605 Eudoxiani,
2757 546 3075 608 exterasque
3099 546 3281 610 pestes
3316 546 3374 595 et
3408 538 3564 595 tinea:
3600 542 3766 598 catho-

524 647 630 704 tes,
659 652 760 693 nec
805 644 917 694 tres
947 638 1136 703 bonos,
1190 651 1292 693 nec
1319 645 1431 693 tres
1460 650 1707 707 magnos,
1750 647 1849 689 nec
1880 640 1994 687 tres
2025 644 2113 686 es-
2212 631 2333 688 licae
2362 631 2506 697 ﬁdei,
2537 630 2629 702 qui
2656 632 2723 687 de
2747 628 3312 686 consubstantialitate
3338 637 3500 700 atque
3524 634 3772 689 coaeterni-

524 728 730 784 sentias
763 728 816 783 in
834 728 947 783 Deo
965 728 1150 783 dicere
1172 726 1255 783 fas
1271 735 1373 783 est.
1407 726 1541 783 Cum
1574 726 1719 782 enim
1750 722 2114 796 personaliter
2219 734 2327 783 tate
2357 725 2517 782 simul
2557 734 2612 782 et
2649 724 2958 797 aequalitate
2990 723 3170 780 Patris
3219 731 3275 780 et
3321 722 3448 778 Filii
3482 732 3536 779 et
3570 723 3773 796 Spiritus

530 821 669 877 alius
684 819 1481 889 sitPater,aliusFilius,alius
1500 819 1741 890 Spiritus
1765 816 2114 882 sanetus,his
2216 822 2413 888 sancti,
2453 836 2660 876 necnon
2688 828 2745 891 et
2773 820 2839 876 de
2863 817 3239 875 Incarnatione
3278 815 3406 872 Filii
3452 817 3544 872 Dei
3590 819 3773 876 Domini

528 921 712 967 tamen
742 926 910 966 unum
940 919 1025 967 est
1050 919 1259 967 naturae
1287 926 1515 974 nomen.
1544 912 1686 983 quod
1721 908 1920 965 dicitur
1950 909 2112 974 Deus,
2217 916 2384 973 nostri
2405 913 2533 971 iesu
2554 913 2777 982 Christi,
2801 913 2956 969 aliter
2976 918 3141 984 quam
3161 911 3433 968 catholica
3455 911 3583 966 ﬁdes
3603 921 3775 977 teneat,

525 1004 612 1060 vel
625 1004 950 1071 substantia,
967 1005 1055 1061 vel
1072 1005 1332 1071 essentia,
1350 1005 1434 1060 vel
1460 1004 1875 1076 omnipotentia,
1904 1003 1989 1058 vel
2012 1002 2117 1057 alia

2253 1010 2423 1066 entire
2449 1010 2534 1065 vel
2561 1010 2746 1065 dicere
2774 1014 3259 1080 prresumpserunt.
3312 1004 3525 1060 Dicitur
3557 1006 3703 1062 etiam
3732 1006 3777 1061 in

526 1096 696 1152 multa
710 1112 832 1168 qua:
846 1097 1276 1155 substantialiter
1289 1114 1394 1154 non
1412 1098 1636 1153 relative
1652 1098 1794 1153 deeo
1807 1097 2076 1153 dicuntur.
2091 1114 2110 1149 ι
2221 1104 2327 1159 ﬁne
2354 1103 2714 1173 quarumdam
2747 1101 3053 1157 orationum
3080 1116 3109 1154 a
3137 1098 3408 1155 catholica
3438 1105 3494 1153 et
3520 1097 3778 1170 apostolica

526 1191 689 1248 Fides
707 1191 871 1264 igitur
897 1192 1186 1258 catholica,
1219 1200 1279 1247 ut
1305 1191 1636 1247 Athanasius
1668 1190 1824 1257 dicit,
1853 1189 1969 1246 haec
2010 1195 2115 1254 est,
2219 1195 2460 1252 Ecclesia
2480 1194 2734 1264 loquente
2756 1194 2821 1249 ad
2849 1193 3136 1249 Dominum
3163 1190 3351 1247 Jesum
3375 1190 3673 1248 Christum:
3697 1189 3779 1259 Qui

528 1295 590 1342 ut
614 1303 782 1343 unum
814 1288 984 1344 Deum
1009 1288 1063 1344 in
1086 1288 1331 1344 trinitate
1357 1301 1713 1360 personarum
1736 1292 1790 1340 et
1820 1283 2119 1339 trinitatem
2220 1289 2363 1344 vivis
2390 1296 2445 1344 et
2477 1302 2672 1360 regnas
2709 1302 2832 1343 cum
2877 1285 2989 1342 Deo
3028 1284 3191 1340 Patre
3234 1284 3290 1339 in
3336 1284 3547 1339 unitate
3585 1281 3783 1353 Spiritus

528 1395 886 1452 personarum
919 1381 971 1435 in
1018 1380 1228 1435 unitate
1279 1379 1499 1435 deitatis
1550 1392 1900 1441 veneremur,
1942 1389 2120 1444 neque
2224 1382 2396 1439 sancti
2425 1382 2568 1438 Deus
2594 1397 2694 1454 per
2718 1380 2901 1451 omnia
2927 1378 3122 1435 saecula
3150 1376 3473 1433 strculorum
3501 1394 3513 1430 :
3543 1373 3673 1447 quod
3697 1391 3779 1430 non

528 1470 924 1528 conmudems
951 1486 1231 1543 Personas:
1265 1481 1327 1526 ιιι
1358 1482 1469 1527 "'03
1496 1485 1603 1526 ηοη
1633 1469 1764 1533 εἶπεν
1793 1481 1968 1538 neque
1995 1465 2123 1521 θυι)-
2225 1475 2499 1532 discordat
2520 1490 2550 1529 a
2575 1471 2803 1545 praefato
2825 1471 3098 1528 canonica:
3119 1468 3525 1526 constitutionis
3548 1467 3779 1537 capitulo;

528 1562 785 1618 stantiam
828 1571 1165 1634 separantes,
1192 1573 1253 1618 ut
1285 1563 1427 1617 trina
1458 1563 1549 1618 sit.
1599 1561 1667 1616 Et
1692 1561 1747 1615 in
1778 1560 1884 1615 hac
1937 1557 2121 1613 Trini«
2226 1569 2350 1641 quia
2376 1584 2481 1623 non
2511 1583 2632 1623 cum
2662 1565 2826 1622 Patre
2846 1564 3017 1621 Filius
3039 1564 3376 1630 nominatur,
3406 1562 3501 1618 sed
3529 1560 3723 1632 proprie
3742 1560 3781 1615 in

531 1661 641 1707 tate
674 1653 805 1709 nihil
830 1663 914 1709 est
939 1656 1116 1725 prius,
1144 1655 1279 1711 nihil
1307 1653 1581 1722 posterius
1610 1671 1622 1706 :
1654 1651 1790 1707 nihil
1823 1648 2003 1720 majus
2025 1658 2124 1703 aut

2253 1678 2330 1718 iac
2366 1661 2719 1718 conclusione
2754 1667 2958 1715 sanctae
3007 1656 3298 1713 Trinitatis
3339 1669 3584 1726 personas
3623 1652 3783 1707 distin-

528 1743 730 1809 ¹¹¹ί¹¹¹¹ει
779 1745 873 1799 sed
940 1753 1068 1801 ῑοιω
1095 1754 1207 1801 "es
1240 1760 1484 1817 Ρθτδοηεθ
1518 1754 1807 1799 comici”?
1849 1743 1953 1799 Sibi
1995 1750 2123 1797 sum
2154 1808 2200 1825 ﬁ
2231 1760 2487 1825 guuntur,
2514 1760 2569 1805 et
2592 1752 2773 1806 unitas
2800 1748 3041 1820 ejusdem
3074 1754 3278 1803 sanctae
3302 1753 3360 1800 et
3389 1742 3665 1798 individute
3686 1740 3783 1795 Tri-

530 1845 584 1891 et
613 1837 942 1906 coaequales.
975 1838 1048 1893 ita
1077 1849 1138 1893 ut
1162 1854 1260 1910 per
1279 1839 1484 1901 omnia,
1511 1846 1567 1892 et
1602 1837 1784 1891 unitas
1814 1835 2037 1892 deitatis
2067 1835 2119 1889 in

2253 1847 2418 1902 litatis
2447 1845 2752 1901 substantia
2783 1840 3052 1898 catholico
3087 1838 3383 1895 confitetur
3409 1853 3421 1888 :
3463 1834 3584 1890 licet
3614 1831 3782 1889 Gothe-

532 1928 776 1984 “‘i““‘“e
815 1944 1193 2000 Personarum:
1225 1939 1281 1987 θι
1304 1931 1523 1985 "illius
1544 1944 1901 2001 Ρθνδοηεΐυω
1926 1927 1980 1984 in
2006 1927 2126 1983 uni“
2230 1940 2440 1997 scalcus
2472 1938 2716 1995 scribens
2749 1935 2817 1990 ad
2855 1933 3142 2007 quemdam
3181 1928 3505 2001 complicem
3541 1940 3683 1982 suum
3706 1925 3785 1980 hoc

533 2030 644 2076 me
671 2022 893 2077 ἀθίιθῑῖε
937 2025 1245 2080 veneranda
1293 2032 1399 2079 θεὶς
1435 2042 1453 2073 ι
1488 2022 1650 2078 Plura
1682 2023 1773 2077 hic
1795 2022 1922 2093 ροηῐ
1970 2031 2124 2094 9016-
2232 2032 2603 2104 reprehendit,
2641 2050 2659 2082 ι
2687 2029 2770 2084 Ab
2800 2026 3086 2099 imperitis,
3128 2024 3406 2095 inquiens,
3441 2036 3545 2079 non
3572 2020 3695 2075 bene
3719 2017 3784 2071 di-

534 2123 656 2169 rant
697 2114 1089 2171 catholicorum
1124 2116 1432 2171 testimonia
1486 2132 1607 2186 quae
1658 2116 1831 2171 lector
1860 2115 2035 2171 fidelis
2060 2130 2125 2171 ae
2232 2129 2391 2191 οῑιιιιι,
2419 2125 2521 2194 Qui
2551 2124 2688 2181 vivis
2715 2133 2768 2180 θι
2801 2138 2994 2194 regnas
3022 2136 3145 2176 cum
3186 2118 3302 2174 Deo
3342 2117 3504 2171 Patre
3541 2115 3592 2170 in
3616 2112 3785 2170 unitate

534 2206 763 2260 devotus
809 2206 863 2260 in
905 2207 1018 2261 suis
1047 2207 1181 2263 locis
1212 2209 1471 2277 praevalet
1503 2209 1768 2274 invenire,
1805 2218 1992 2265 contra
2028 2210 2127 2265 has
2234 2221 2468 2291 spiritus
2500 2219 2673 2275 sancti
2707 2217 2851 2272 Dens
2877 2256 2892 2281 ,
2940 2229 3008 2270 ne
3053 2212 3258 2276 Filius,
3311 2209 3457 2282 quod
3500 2207 3664 2272 absit.
3690 2216 3785 2259 ϐεδε

533 2295 707 2365 ipsius
760 2295 1146 2365 blasphetnias,
1200 2313 1339 2367 quas
1393 2299 1558 2353 etiarn
1607 2308 1661 2354 et
1700 2300 1839 2355 sacri
1890 2315 2129 2356 canones

2253 2308 2471 2382 Spiritus
2514 2309 2683 2365 sancti
2708 2308 2851 2363 Deus
2871 2314 3112 2378 putetur.
3144 2324 3163 2357 ι
3198 2302 3268 2358 Et
3292 2301 3421 2372 quia
3446 2299 3497 2355 in
3519 2299 3618 2354 hoc
3634 2295 3786 2397 catho-

532 2400 657 2440 cum
679 2396 903 2443 auctore
946 2403 1048 2443 suo
1071 2390 1403 2461 redarguunt
1423 2400 1477 2446 et
1505 2390 1767 2448 refutant.
1800 2390 1938 2447 Nam
1964 2407 2130 2447 cano-
2228 2401 2391 2456 licam
2416 2398 2760 2470 reprehendit
2780 2395 3099 2460 Ecclesium,
3125 2406 3468 2463 consequens
3487 2397 3567 2446 est
3584 2390 3784 2443 utetiam

538 2494 636 2533 nes
658 2479 1328 2553 Carthaginensisconcilii
1359 2485 1686 2543 subAurelio
1706 2487 2128 2554 constituerunt,
2235 2491 2599 2563 reprehendat
2627 2497 2789 2561 caput
2838 2497 2893 2543 et
2936 2495 3214 2542 auctorem
3254 2484 3431 2556 ipsius
3465 2482 3711 2537 dicentem
3736 2475 3787 2531 ιά

538 2580 598 2625 ιιι
625 2587 786 2627 tremo
811 2574 861 2627 in
895 2575 1148 2645 precibus
1190 2575 1275 2631 vel
1324 2574 1543 2633 Patrem
1590 2594 1687 2651 pro
1733 2579 1894 2645 Filio,
1925 2579 2008 2634 vel
2043 2577 2133 2633 Fi-
2237 2583 2489 2639 Patrem:
2536 2582 2666 2638 Ηωε
2705 2591 2778 2636 est
2813 2590 2990 2637 autem
3024 2579 3131 2634 vita
3156 2588 3393 2642 (eterna,
3431 2577 3784 2670 iit-cognoscant

537 2664 669 2720 lium
699 2683 797 2737 pro
829 2666 991 2724 Patre
1039 2669 1301 2732 nominet,
1359 2677 1414 2725 et
1461 2686 1585 2726 cum
1633 2672 1789 2726 altari
1832 2672 2129 2738 assistitur,
2237 2688 2285 2731 te
2314 2692 2490 2731 verum
2519 2686 2566 2728 et
2594 2673 2764 2727 solum
2791 2670 2977 2736 Deum,
3003 2682 3049 2725 et
3082 2684 3234 2742 quem
3262 2667 3457 2724 misisti
3480 2663 3650 2721 Jesum
3670 2660 3788 2716 Clui-

539 2773 753 2829 scmper
782 2762 849 2814 ad
878 2759 1097 2817 Patrem
1128 2777 1226 2833 per
1270 2761 1469 2817 Filium
1518 2765 1699 2820 oratio
1745 2766 2033 2836 dirigatur,
2081 2775 2137 2821 et
2238 2779 2376 2823 stum
2406 2766 2587 2838 (Joan.
2622 2781 2756 2829 xvn,
2784 2763 2862 2835 5);
2898 2771 2953 2817 et
2983 2762 3129 2819 dieat
3156 2776 3260 2816 nos
3293 2758 3587 2830 intelligere
3611 2754 3785 2812 Patrem

539 2865 786 2921 quasque
812 2851 917 2906 sibi
939 2867 1129 2922 preces
1177 2854 1459 2921 describit,
1503 2870 1613 2910 non
1653 2855 1734 2912 eis
1762 2865 1969 2925 utatur,
2029 2858 2135 2913 nisi
2241 2860 2412 2915 solum
2442 2868 2498 2914 et
2524 2873 2711 2914 verum
2744 2857 2937 2924 Deum,
2971 2863 3025 2910 et
3053 2853 3203 2909 illum
3245 2866 3413 2923 quem
3447 2848 3785 2948 misittautuui

474 3003 486 3016 ,
539 2947 692 3017 prius
712 2963 808 3003 eas
835 2963 958 3003 cum
1014 2949 1455 3007 instructioribus
1506 2951 1771 3010 fratribus
1820 2954 2131 3011 contulerit.
2240 2967 2361 3008 esse
2386 2949 2571 3007 Jesum
2599 2948 2896 3005 Christum.
2925 2943 3199 3002 Catholica
3230 2951 3416 2998 autem
3446 2937 3670 2996 Ecclesia
3690 2945 3785 2990 cum

544 3040 700 3098 Unde
757 3043 813 3098 in
844 3042 959 3098 ﬁne
996 3045 1304 3100 orationum
1354 3046 1678 3103 assistentes
1726 3064 1885 3103 sacro
1943 3048 2137 3106 altario

546 3141 735 3188 sancta
778 3133 1047 3190 catholica
1111 3135 1353 3192 Ecclesia
1407 3136 1645 3207 postulat
1692 3154 1791 3209 per
1856 3138 2136 3195 Christum

548 3223 834 3279 Dominum
864 3236 1113 3282 nostrum
1144 3244 1157 3281 :
1189 3236 1244 3283 et
1266 3228 1319 3282 in
1346 3227 1451 3283 line
1474 3229 1716 3294 canonis,
1740 3228 1842 3286 Per
1856 3230 2135 3287 Christum

548 3318 832 3376 Dominum
865 3331 1132 3389 nostrum,
1161 3338 1264 3394 per
1302 3324 1498 3395 ipsum,
1541 3332 1597 3380 et
1633 3342 1755 3381 cum
1785 3327 1925 3402 ipso,
1984 3337 2039 3383 et
2082 3329 2138 3384 in

549 3412 686 3483 ipso,
712 3422 794 3470 est
824 3414 921 3469 tibi
960 3414 1073 3469 Deo
1096 3413 1245 3470 Patri
1269 3416 1630 3489 omnipotenti
1679 3416 1734 3473 in
1781 3418 1989 3475 unitate
2021 3420 2141 3493 Spi-

550 3507 690 3561 ritus
719 3500 902 3560 sancti
920 3506 1099 3561 omnis
1144 3507 1321 3563 honor
1353 3515 1407 3563 et
1445 3508 1635 3580 gloria,
1666 3524 1768 3581 per
1814 3511 1994 3566 omnia
2042 3526 2143 3567 sa:-

551 3596 672 3652 cula
698 3598 1018 3653 s:eculorum
1050 3599 1176 3655 svel
1228 3600 1304 3656 ita
1350 3600 1505 3668 dicit,
1550 3601 1655 3658 Per
1707 3602 1999 3659 Dominum
2047 3620 2144 3660 no-

552 3697 723 3745 strum
780 3687 965 3746 Jesum
1018 3691 1296 3749 Christum
1348 3691 1545 3751 Filium
1606 3703 1781 3763 tuum,
1823 3698 1915 3769 qui
1967 3706 2142 3754 tecum

550 3781 762 3839 vivitet
792 3792 981 3856 regnat
1011 3785 1156 3843 Deus
1202 3787 1257 3842 in
1303 3788 1516 3845 unitate
1554 3787 1791 3861 Spiritus
1831 3791 2005 3847 sancti
2048 3807 2146 3863 per

555 3875 738 3931 omnia
770 3877 965 3933 saecula
1002 3878 1348 3947 saeculorum,
1381 3882 1574 3938 Amen.
1601 3880 1834 3955 Propter
1881 3883 2010 3939 illud
2037 3885 2146 3941 uti-

551 3981 659 4037 que
686 3977 1109 4037 sacramentum,
1142 3971 1285 4027 sicut
1307 3971 1361 4027 in
1405 3973 1835 4031 orthodoxorum
1872 3975 2032 4031 dictis
2062 3990 2148 4031 re-

551 4058 806 4130 legimus,
837 4062 981 4133 quod
1009 4061 1277 4121 Mediator
1302 4064 1397 4121 Dei
1432 4073 1489 4122 et
1513 4067 1805 4134 hominum
1850 4067 2029 4124 factus
2065 4076 2150 4125 est

552 4151 738 4219 homo,
766 4151 1017 4210 Christus
1040 4153 1201 4211 Jesus
1245 4159 1499 4214 sacerdos
1539 4157 1595 4213 in
1638 4167 1907 4215 aeternum
1944 4175 2147 4216 secun-

557 4240 683 4296 dum
706 4242 952 4300 ordinem
986 4243 1402 4312 Melchisedech,
1437 4247 1527 4319 qui
1568 4263 1663 4319 per
1705 4251 1986 4321 proprium
2018 4266 2148 4306 san-

558 4334 777 4405 guinem
811 4336 1055 4392 introivit
1084 4337 1137 4391 in
1170 4347 1379 4405 sancta,
1437 4356 1544 4396 non
1588 4342 1776 4415 utique
1807 4358 1970 4400 manu
2006 4344 2147 4400 facta

554 4424 889 4495 exemplaria
915 4442 1191 4491 verorum,
1231 4430 1326 4483 sed
1358 4429 1410 4483 in
1456 4430 1629 4500 ipsum
1659 4431 1879 4498 caelum,
1922 4433 2014 4488 ubi
2066 4443 2150 4490 est

2241 3044 2353 3098 Deo
2394 3041 2556 3096 Patre
2603 3040 2658 3094 in
2704 3044 2911 3094 unitate
2959 3035 3194 3108 Spiritus
3232 3033 3411 3090 sancti
3445 3031 3601 3088 Deum
3634 3025 3784 3084 Filium

2242 3135 2426 3189 vivere
2452 3140 2507 3189 et
2538 3146 2767 3201 regnare
2796 3144 2895 3200 per
2919 3127 3102 3183 omnia
3131 3125 3332 3182 saecula
3364 3123 3533 3180 credit
3570 3129 3620 3176 et
3652 3113 3782 3172 conli-

2244 3236 2388 3283 tetur
2415 3243 2427 3282 :
2461 3234 2516 3281 et
2546 3226 2775 3295 idipsum
2807 3236 2927 3278 esse
2957 3220 3230 3292 intelligit,
3265 3217 3371 3288 Qui
3396 3216 3532 3273 vivis
3557 3221 3607 3269 et
3633 3221 3785 3281 regnas

2245 3338 2367 3379 cum
2400 3321 2512 3376 Deo
2532 3319 2708 3375 Patre‘
2729 3318 2782 3372 in
2806 3318 3016 3372 unitate
3039 3314 3278 3386 Spiritus
3302 3312 3477 3369 sancti
3502 3311 3650 3373 Deus,
3676 3297 3784 3374 quod

2244 3425 2327 3473 est
2356 3430 2477 3472 cum
2509 3412 2725 3475 dicitur,
2760 3410 2862 3479 Qui
2893 3426 3017 3465 cum
3044 3408 3158 3464 Deo
3189 3406 3359 3463 Patre
3393 3407 3449 3462 in
3477 3403 3670 3460 unitate
3690 3395 3785 3465 Spi-

2245 3508 2382 3565 ritus
2408 3505 2581 3562 sancti
2612 3504 2749 3560 vivis
2778 3512 2831 3558 et
2864 3517 3061 3572 regnas
3093 3501 3258 3556 Deus.
3302 3498 3460 3555 Sicut
3499 3490 3716 3563 intelligit
3748 3483 3786 3540 id

2247 3602 2420 3674 ipsum
2459 3614 2583 3655 esse
2609 3600 2751 3670 quod
2781 3597 3042 3652 Dominus
3085 3596 3139 3651 in
3185 3592 3485 3667 Evangelia
3511 3588 3662 3647 dicit:
3689 3581 3785 3638 Hec

2246 3704 2323 3750 est
2347 3704 2519 3749 autent
2543 3693 2651 3747 vita
2677 3702 2896 3757 (eterna,
2926 3699 2982 3747 ut
3013 3698 3336 3762 cognoscant
3378 3698 3427 3743 te
3465 3684 3624 3741 solum
3654 3685 3695 3735 et
3727 3688 3786 3729 rt-

2249 3804 2367 3842 rum
2408 3784 2609 3852 Deum,
2643 3792 2690 3839 et
2717 3798 2871 3856 quem
2901 3782 3092 3837 misisti
3125 3779 3313 3838 Jesum
3363 3776 3645 3839 Christum;
3677 3764 3786 3840 ψιοά

2249 3890 2332 3937 est
2359 3899 2371 3935 :
2408 3878 2535 3935 Haec
2560 3878 2775 3935 estvita
2801 3887 3027 3944 aeterna,
3054 3885 3115 3932 ut
3140 3882 3475 3945 cognoscant
3497 3879 3567 3938 te,
3591 3875 3642 3924 et
3661 3873 3785 3935 (1⁸³⁸⁸³

2253 3975 2443 4031 misisti
2467 3973 2651 4031 Jesum
2677 3972 2979 4037 Christum,
3004 3971 3177 4027 solum
3206 3975 3261 4025 et
3283 3981 3472 4024 verum
3499 3963 3653 4019 Deum

2254 4064 2615 4135 Subsequitur
2646 4071 2829 4119 autem
2858 4061 2962 4118 sibi
2985 4060 3088 4133 ipsi
3114 4058 3398 4116 dissimilis
3419 4056 3471 4111 in
3490 4049 3661 4108 eodem
3682 4049 3786 4098 scn-

2252 4165 2345 4231 pto
2373 4172 2499 4212 mox
2531 4156 2719 4211 dicens
2744 4172 2756 4208 :
2797 4172 2815 4204 ι
2844 4152 2980 4208 Nam
3014 4167 3139 4207 cum
3169 4149 3280 4204 Deo
3307 4148 3470 4204 Patre
3496 4141 3618 4198 vivit
3647 4144 3695 4191 et

2260 4220 2279 4303 ἓ
2311 4258 2441 4323 gnat
2466 4249 2609 4305 Deus
2637 4247 2828 4313 Filius,
2852 4245 3007 4319 juxta
3036 4242 3186 4309 illud,
3220 4251 3269 4298 et
3309 4240 3527 4296 Verbum
3556 4239 3656 4290 erat
3677 4220 3784 4323 apud

2259 4361 2277 4394 ι
2309 4319 2500 4407 beam,
2525 4351 2572 4395 et
2596 4338 2739 4394 Deus
2769 4348 2878 4395 erat
2914 4336 3141 4392 Verbum
3164 4332 3350 4409 (Joan.
3376 4350 3413 4401 ι,
3440 4327 3509 4404 i).
3534 4328 3659 4383 Ecee
3678 4319 3784 4373 Deus

2257 4451 2275 4484 ι
2310 4432 2451 4504 apud
2483 4430 2676 4487 Deum.
2707 4428 2960 4485 Pariliter
2980 4428 3148 4484 etiam
3180 4424 3469 4488 credimus,
3492 4411 3785 4504 novimusrfi

556 4518 613 4573 in
659 4518 884 4573 dextera
926 4518 1045 4585 Dei,
1078 4529 1133 4575 et
1159 4498 1597 4594 interpellat—pro
1644 4524 1819 4579 nobis.
1862 4523 1976 4581 Hoc
2001 4525 2052 4581 in
2083 4542 2149 4583 eo
2178 4548 2229 4608 D
2261 4547 2280 4580 ι
2315 4498 2640 4583 conﬁtemur
2662 4524 2802 4595 apud
2830 4523 2994 4579 Deum
3024 4521 3264 4587 Patrem.
3304 4527 3362 4575 et
3392 4515 3527 4593 apud
3555 4511 3706 4608 Deunl

555 4610 907 4683 pontiﬁcatus
957 4613 1193 4670 cilicium
1247 4616 1616 4688 interpretans
1661 4619 1955 4690 Apostolus
2001 4624 2078 4679 ait
2128 4643 2142 4679 :

560 4702 666 4758 Per
714 4705 885 4776 ipsum
933 4723 1054 4777 ergo
1112 4708 1399 4779 o/feramus
1446 4711 1674 4766 hostiam
1731 4712 1905 4768 laudis
1949 4731 2150 4786 semper

566 4796 694 4860 Deo,
728 4798 782 4852 id
814 4808 887 4853 est
925 4798 1157 4868 fructum
1174 4802 1436 4857 labiorum
1461 4814 1764 4859 nostrorum
1787 4807 2151 4876 conﬁtentium

552 4886 760 4945 nomini
779 4890 1097 4965 ejus(Hebr.
1122 4909 1241 4959 xm,
1275 4895 1388 4968 i5).
1416 4895 1523 4951 Per
1549 4898 1728 4968 ipsum
1757 4914 1888 4972 ergo
1915 4900 2149 4956 hostiam

562 4982 737 5040 laudis
766 4994 930 5056 atque
975 4986 1380 5044 vociferationis
1404 4988 1702 5057 oil‘erimus,
1735 4994 1861 5061 quia
1894 5008 1994 5064 per
2033 4994 2152 5065 ejus

564 5087 794 5133 mortem
828 5079 1167 5134 reconciliati
1212 5093 1401 5137 sumus
1451 5097 1575 5137 cum
1630 5083 1833 5139 inimici
1884 5099 2149 5143 essemus.

2262 4638 2281 4672 ι
2314 4620 2468 4686 lium,
2502 4634 2729 4691 regnare
2758 4617 2927 4673 Deum
2972 4614 3236 4687 Spiritum
3275 4621 3519 4670 sanctum
3544 4624 3558 4662 :
3580 4601 3783 4704 abes-lis-

2259 4734 2278 4767 ι
2312 4728 2437 4769 men
2477 4713 2701 4768 deorum
2728 4710 3026 4782 pluralitas,
3061 4710 3152 4766 ubi
3181 4716 3266 4765 est
3294 4716 3526 4769 natura,
3548 4700 3779 4757 essenle

2260 4826 2278 4860 ι
2314 4807 2653 4873 substantim,
2679 4804 3000 4875 maiestatis,
3020 4803 3329 4878 potestatis,
3355 4797 3562 4858 deitatis
3582 4790 3729 4847 unitas
3741 4786 3783 4835 ei

2261 4917 2280 4951 ι
2316 4897 2618 4970 mqnalitas.
2655 4918 2673 4952 ι
2716 4896 2784 4952 Ει
2824 4906 2947 4968 post
2983 4896 3126 4952 hanc
3166 4893 3389 4950 unitatis
3425 4880 3777 4983 confess‘ifmelni

2257 4992 2442 5047 statim
2479 4988 2756 5059 componit
2800 4988 2942 5043 hanc
2978 4986 3250 5044 infidelem
3285 4982 3572 5042 orationem
3599 4971 3776 5027 dicens:

2263 5103 2282 5136 ι
2313 5082 2628 5139 Dominator
2653 5081 2879 5139 Domine
2910 5080 3051 5136 Deus
3080 5094 3266 5145 meus,
3294 5065 3639 5134 misericordia
3660 5067 3776 5145 mea:

2265 5197 2283 5230 ι
2314 5176 2443 5234 Jesu
2475 5175 2691 5232 Christe
2718 5190 2812 5233 rex
2841 5172 3026 5247 gloriae
3048 5214 3063 5240 ,
3109 5186 3304 5243 precor
3338 5177 3409 5235 ιθ,
3449 5159 3604 5237 Snus
3624 5141 3778 5210 “am”

2266 5289 2285 5325 ι
2322 5284 2408 5325 me
2437 5269 2732 5326 secundum
2766 5246 2912 5323 tuam
2944 5264 3318 5329 divinitatem,
3357 5267 3412 5317 et
3444 5255 3637 5312 Patrem
3664 5246 3776 5295 ωυηι

2269 5381 2289 5415 ι
2323 5362 2610 5418 Dominum
2669 5359 2840 5417 Deum
2886 5365 3133 5415 nostrum
3178 5370 3311 5426 roga
3356 5345 3625 5408 secundum
3664 5337 3775 5426 illam

2273 5473 2291 5507 ι
2326 5453 2717 5510 humanitatem
2743 5494 2757 5518 ,
2792 5460 2851 5507 ut
2882 5452 2999 5524 ipse
3026 5458 3212 5507 noster
3235 5444 3536 5503 benedictus
3559 5420 3777 5524 0⁸³⁵

2271 5569 2290 5609 t
2325 5550 2505 5605 minus
2528 5515 2841 5604 Paracletus
2863 5585 2881 5611 ,
2904 5515 2976 5600 .in
3012 5544 3231 5603 nomine
3261 5554 3352 5599 tuo
3376 5530 3536 5594 nostri

2272 5660 2292 5699 ι
2331 5640 2421 5696 Dei
2459 5639 2666 5696 Domini
2691 5610 2957 5695 Paracleti
2977 5678 2992 5703 ,
3022 5636 3114 5692 det
3136 5635 3293 5691 nobis
3314 5636 3546 5705 peraeque
3569 5610 3771 5705 Spit-itura

2274 5752 2294 5789 ι
2325 5743 2572 5790 sanctum
2602 5733 2771 5788 Deum
2803 5741 3046 5788 nostrum
3074 5728 3433 5787 Paracletum.
3455 5726 3505 5774 ει
3526 5703 3771 5814 siis???

2273 5845 2293 5885 ι
2329 5827 2509 5886 omnis
2538 5827 2737 5894 honor,
2773 5825 2913 5893 laus,
2961 5834 3017 5882 et
3060 5822 3252 5901 gloria,
3290 5816 3473 5877 merito
3498 5795 3771 5865 vobiis‘

562 5169 666 5226 Per
686 5173 861 5244 ipsum
907 5172 1076 5240 enim,
1124 5173 1219 5245 qui
1241 5190 1341 5246 pro
1374 5176 1532 5232 nobis
1560 5177 1739 5232 hostia
1786 5177 2042 5251 dignatus
2069 5190 2156 5237 est

565 5263 706 5330 ﬁeri,
736 5274 917 5335 potest
940 5266 994 5321 in
1025 5276 1321 5336 conspectu
1349 5266 1445 5322 Dei
1476 5268 1647 5323 nostri
1686 5269 1863 5324 hostia
1906 5280 2156 5340 accepta-

564 5358 687 5414 bilis
710 5358 959 5417 inveniri.
991 5360 1290 5433 Propterea
1317 5375 1415 5416 nos
1445 5363 1641 5417 beatus
1674 5362 1871 5419 Petrus
1899 5364 2157 5422 admonet

568 5454 799 5510 dicens:
835 5454 902 5509 Et
942 5473 1032 5512 vos
1076 5465 1329 5527 tanquam
1367 5454 1567 5526 lapides
1613 5457 1711 5511 vivi
1750 5456 2155 5527 cowdiﬁcamini

570 5546 633 5605 in,
658 5548 872 5604 domum
898 5549 1212 5620 spiritalem,
1270 5551 1327 5605 in
1381 5550 1736 5607 sacerdotium
1784 5562 2025 5607 sanctum
2075 5553 2157 5626 of-

568 5627 789 5710 ferentes
814 5641 1074 5710 spiritales
1099 5643 1298 5697 hostias
1334 5643 1676 5713 aeceptabiles
1705 5642 1816 5699 Deo
1845 5661 1938 5715 per
1974 5645 2158 5702 Jesum

569 5729 837 5785 Christum
855 5730 905 5804 (1
932 5731 1077 5789 Petr.
1104 5751 1163 5800 ιι,
1183 5735 1261 5805 5).
1286 5734 1340 5789 ln
1363 5751 1468 5808 qua
1491 5735 1838 5792 conclusione
1850 5738 2157 5793 orationum

569 5824 756 5905 plures
783 5827 1178 5893 convincuntur
1192 5830 1455 5897 haeretici,
1472 5829 1754 5895 Manichmi
1770 5830 2042 5900 videlicet,
2062 5832 2162 5896 Sa-
