4026 6340
220 402 327 460 605

1255 400 1352 457 DE
1385 400 1526 458 UNA
1568 399 1654 457 ET
1693 399 1833 458 NON
1856 401 2077 459 ‘TRINA
2117 404 2433 461 DEITATE.

3389 416 3493 469 613,13

223 533 240 567 ι
275 514 426 570 dicto
455 510 567 571 Deo
596 513 824 569 Domino
854 512 1169 579 Psracleto,
1210 513 1354 568 trino
1397 512 1559 587 552
1600 514 1807 586 pariter
1834 522 1881 581 Α
1912 516 2019 572 tuis
2071 531 2139 573 ne
2196 518 2353 574 alteri
2405 517 2658 589 injuriam
2709 523 2889 582 facere
2931 525 3207 585 videaris?
3257 529 3422 589 absit.
3466 551 3486 586 ι

222 627 239 659 ι
275 618 332 664 et
357 608 450 663 uni
483 616 670 663 vestro
696 606 854 663 simul
892 606 1179 663 benedicta
1206 607 1448 672 nomini,
1478 622 1688 663 necnon
1747 614 1806 664 et

216 720 238 754 ι
273 702 511 767 numiui,
538 715 719 758 amen.
749 701 919 757 Porro
944 715 1015 756 ne
1042 708 1094 757 te
1122 710 1335 757 moveat
1362 701 1513 767 illud,
1548 701 1692 772 quod
1729 701 1801 756 ibi

218 813 239 847 ι
274 792 558 865 pluraliter
593 794 822 859 dicitur,
875 808 1089 864 semper
1126 794 1305 849 omnis
1350 795 1545 860 honor,
1592 793 1710 849 laus
1749 802 1805 849 et

215 904 236 937 s
273 885 472 954 gloria,
496 885 692 942 merito
713 886 866 941 vobis
891 884 1175 941 benedicta
1198 885 1308 940 Deo
1329 884 1629 951 Paracleto,
1661 886 1804 940 trino

215 994 233 1025 ι
271 976 481 1044 pariter
504 984 563 1030 et
592 975 705 1041 uni,
737 984 1029 1045 vestroque
1057 975 1216 1031 simul
1249 974 1535 1030 benedicto
1562 974 1799 1030 nomini:

213 1085 233 1118 ι
270 1081 546 1138 cognosce
570 1067 696 1137 quia
725 1067 805 1124 sic
833 1068 1022 1137 procul
1051 1064 1215 1123 dubio
1236 1069 1488 1140 congruit
1513 1068 1641 1123 dici.
1664 1068 1803 1125 Nam

212 1178 232 1212 ι
267 1161 493 1230 quando
518 1159 790 1231 loquimur
817 1161 886 1216 ad
913 1176 1073 1216 unam
1103 1176 1169 1215 ex
1197 1161 1461 1217 Trinitate
1488 1176 1800 1232 personam,

209 1270 228 1304 ι
267 1267 378 1307 non
406 1252 472 1307 ad
501 1252 825 1309 Trinitatem
854 1254 1147 1324 loquimur,
1183 1255 1278 1310 sed
1312 1255 1382 1311 ad
1410 1270 1577 1310 unum
1605 1270 1799 1327 quem-

210 1363 230 1396 ι
266 1342 403 1398 libet
423 1358 491 1400 ex
516 1343 800 1400 Trinitate.
831 1365 851 1398 ι
882 1345 950 1401 Ει
976 1346 1065 1401 hic
1091 1346 1243 1417 plura
1270 1347 1375 1403 hoc
1404 1348 1564 1404 modo
1586 1348 1793 1403 scribit.

204 1436 505 1507 Deiloquus
530 1446 709 1494 autem
741 1438 942 1496 Paulus
972 1456 1079 1496 non
1112 1441 1293 1497 taliter
1316 1442 1514 1509 oravit,
1556 1457 1659 1498 nec
1699 1457 1797 1497 nos

199 1545 368 1586 orare
394 1530 577 1587 taliter
604 1532 808 1600 docuit,
848 1542 908 1589 ut
944 1534 1278 1606 Augustinus
1307 1537 1436 1592 hinc
1466 1536 1519 1591 in
1556 1536 1695 1591 libro
1729 1535 1797 1592 de

197 1622 356 1679 Bono
379 1626 802 1695 perseverantia:
823 1627 957 1683 dicit
985 1627 1125 1699 (cap.
1148 1629 1243 1697 25)
1270 1647 1283 1684 :
1317 1648 1335 1683 ι
1359 1628 1501 1685 Nam
1527 1631 1652 1702 quid
1681 1645 1798 1685 ore-

149 1741 152 1743 λ
198 1734 357 1783 mus,
394 1719 530 1773 sicut
565 1729 764 1791 oportet
807 1723 1098 1789 nescimus;
1135 1722 1240 1779 Sed
1271 1725 1380 1795 ipse
1416 1723 1680 1796 Spiritus,
1718 1725 1796 1781 ait

194 1812 517 1883 Apostolus,
546 1814 841 1886 interpellat
865 1834 959 1887 pro
989 1816 1136 1871 nobis
1166 1806 1441 1889 gemitibus
1463 1817 1792 1874 inenarrabi-

1907 610 2046 666 Sunt
2091 620 2148 666 et
2190 613 2356 669 multa
2405 616 2532 672 hinc
2577 619 2888 675 testimonia
2931 620 2984 676 in
3032 622 3332 695 Scripturis
3376 634 3488 685 tam

1905 701 2120 761 Veteris
2155 720 2316 775 quam
2364 706 2498 763 Novi
2549 709 2906 768 Testamenti.
2948 713 3015 771 Et
3052 722 3111 769 ut
3147 716 3341 774 beatus
3374 718 3490 773 Au-

1904 799 2155 871 gustinus
2179 800 2340 874 55.3
2364 802 2416 857 in
2445 802 2583 859 libro
2612 805 2679 860 de
2708 806 2975 863 Trinitate
3001 808 3171 864 dicit:
3208 829 3228 863 ι
3250 809 3490 867 UbIcun-

1903 908 2008 962 que
2036 893 2091 948 in
2126 893 2404 965 Scriptum
2439 905 2625 954 sancta
2674 897 2869 969 legitur
2902 900 3047 955 solus
3073 900 3236 965 Deus,
3270 918 3376 957 non
3424 903 3491 958 de

1902 986 2146 1057 qualibet
2176 1003 2403 1057 persona
2436 988 2491 1044 in
2537 999 2723 1046 sancta
2772 990 3041 1047 Triuitate
3085 992 3486 1066 intelligendum

1902 1087 2005 1145 est,
2053 1081 2148 1135 sed
2200 1081 2266 1136 de
2304 1090 2411 1137 tota
2469 1092 2655 1138 sancta
2708 1082 2993 1146 Trinitate,
3049 1101 3168 1155 quae
3212 1087 3493 1157 aequaliter

1901 1182 2159 1244 operatur
2187 1176 2368 1231 omnia
2414 1192 2748 1248 quaecunque
2800 1178 3068 1248 operanda
3113 1193 3236 1234 esse
3261 1179 3486 1248 iudicat.

1901 1265 2056 1323 Unde
2084 1268 2227 1336 quod
2272 1268 2326 1322 in
2372 1269 2595 1339 psalmis
2630 1270 2848 1336 dicitur,
2897 1270 3003 1336 Qui
3052 1271 3182 1341 facit
3226 1272 3491 1328 mirabilia

1900 1375 2092 1431 magna
2111 1360 2441 1430 solus(Psal.
2470 1364 2793 1436 ιῐχν1,15);
2822 1375 2897 1429 et,
2932 1366 3036 1432 Qui
3057 1365 3183 1436 facit
3205 1365 3492 1421 luminaria

1897 1471 2089 1525 magna
2117 1455 2261 1511 solus
2291 1456 2463 1528 (Psal.
2497 1473 2724 1524 CXXXIII,
2755 1460 2811 1528 7)
2835 1476 2850 1526 ;
2878 1468 2955 1523 et,
2983 1458 3061 1513 Tu
3088 1477 3140 1514 es
3181 1456 3320 1514 Deus
3346 1460 3491 1515 solus

1899 1546 2074 1620 (Psal.
2106 1565 2302 1615 Lxxxv,
2330 1551 2416 1624 l0)
2443 1567 2456 1616 ;
2502 1561 2588 1616 et,
2640 1551 2807 1607 Nemo
2838 1554 3002 1608 bonus
3035 1554 3138 1608 nisi
3161 1551 3303 1608 solus
3350 1552 3492 1608 Deus

1896 1640 2050 1714 (Luc.
2081 1659 2237 1709 XVIII,
2272 1643 2400 1717 19);
2445 1643 2611 1712 Audi,
2634 1642 2826 1712 Israel,
2866 1644 3126 1700 Dominus
3156 1646 3298 1700 Deus
3346 1655 3489 1712 tuus,

1894 1731 2039 1788 Deus
2068 1751 2205 1789 unus
2226 1745 2303 1789 est
2336 1733 2517 1807 (Deut.
2541 1749 2617 1801 VI,
2648 1733 2702 1805 4)
2732 1754 2745 1789 :
2776 1752 2879 1791 non
2907 1738 2973 1791 de
2996 1735 3110 1792 solo
3136 1736 3316 1802 Patre,
3346 1737 3490 1793 sicut

1899 1825 2193 1882 adversarii
2224 1827 2430 1894 volunt,
2479 1827 2799 1898 intelligitur
2839 1827 3042 1883 dictum
3075 1847 3089 1883 :
3122 1828 3217 1885 sed
3262 1828 3329 1883 de
3377 1836 3490 1886 tota

194 1905 361 1961 libus.
395 1906 501 1973 Qui
535 1908 673 1963 enim
703 1919 974 1963 scrutatur
995 1911 1181 1976 corda,
1211 1913 1311 1966 scit
1337 1911 1464 1982 quid
1490 1912 1661 1982 sapiat
1690 1912 1798 1981 apt"
1822 1905 1872 1967 Β
1899 1925 2086 1975 sancta
2117 1919 2401 1986 Trinitate,
2426 1935 2545 1990 quae
2574 1928 2657 1976 est
2679 1936 2818 1975 unus
2854 1920 3000 1977 solus
3032 1923 3194 1976 Deus.
3229 1920 3494 1977 Similiter

194 2004 358 2063 ritus,
403 2002 530 2072 quia
575 2004 864 2058 secundum
906 2003 1075 2059 Deum
1119 2005 1416 2076 interpellat
1461 2023 1554 2077 pro
1598 2008 1793 2062 sanctis

193 2092 385 2164 (Rom.
429 2108 560 2161 VIII,
600 2094 717 2167 26).
766 2095 906 2163 Quid
954 2106 1040 2152 est
1085 2098 1194 2168 ipse
1228 2098 1443 2169 spiritus
1478 2098 1790 2171 interpellat,

192 2187 302 2243 nisi
339 2187 689 2259 interpellare
718 2188 848 2245 facit
877 2190 1167 2261 gemitibus
1197 2191 1674 2258 inenarrabilihus,
1697 2191 1792 2247 sed

194 2281 510 2348 veracibus,
547 2282 803 2353 quoniam
849 2283 1052 2340 veritas
1098 2292 1182 2339 est
1226 2283 1497 2355 Spiritus?
1545 2285 1664 2356 ipse
1710 2293 1793 2341 est

191 2375 370 2440 enim,
398 2376 466 2431 de
484 2392 594 2447 quo
623 2378 675 2431 in
706 2377 814 2433 alio
840 2377 962 2433 loco
993 2378 1145 2442 dicit,
1178 2377 1328 2433 Misit
1366 2378 1504 2435 Deus
1539 2378 1791 2451 Spiritum

192 2463 332 2520 Filii
374 2469 460 2522 sui
497 2469 552 2523 in
596 2469 757 2524 corda
794 2481 975 2526 nostra
1017 2472 1330 2527 clamantem
1364 2489 1382 2527 :
1423 2472 1598 2535 Abba,
1631 2470 1795 2527 Pater

192 2557 346 2632 (Gal.
375 2575 447 2623 Iv,
483 2560 559 2633 6).
593 2561 660 2617 Et
685 2561 773 2618 hic
801 2564 930 2633 quid
957 2572 1040 2619 est
1068 2566 1398 2629 clamantem,
1426 2564 1529 2619 nisi
1559 2564 1794 2621 clamare

193 2652 539 2709 facientem?
575 2661 732 2725 tropo
763 2655 855 2711 illo
883 2672 992 2727 quo
1020 2656 1252 2711 dicimus
1281 2656 1460 2711 laetum
1493 2657 1657 2722 diem,
1698 2657 1792 2726 qui

192 2742 354 2800 betos
390 2744 540 2801 facit.
578 2746 731 2814 Quod
771 2747 899 2803 alibi
940 2747 1275 2813 manifestat,
1325 2748 1416 2803 ubi
1464 2748 1619 2813 dicit,
1668 2746 1792 2801 Non

193 2839 339 2893 enim
369 2840 642 2911 accepistis
668 2842 912 2911 spiritum
951 2842 1214 2896 servitutis
1243 2842 1433 2895 iterum
1471 2841 1528 2895 in
1566 2840 1791 2895 timore:

192 2933 287 2988 sed
346 2934 619 3004 accepistis
661 2936 903 3006 spiritum
944 2934 1244 3004 adoptionis
1293 2933 1562 3003 filiorum,
1600 2934 1655 2988 in
1689 2948 1791 3004 quo

193 3024 491 3082 clamamus
521 3041 541 3080 :
569 3026 738 3093 Abba,
792 3024 954 3082 Pater
999 3026 1179 3099 (Rom.
1221 3041 1344 3091 vm,
1382 3024 1494 3096 i5).
1540 3023 1613 3079 lbi
1657 3023 1795 3079 dixit

195 3116 536 3181 clamantem,
569 3117 658 3173 hic
684 3132 816 3173 vero
846 3119 902 3172 in
937 3135 1038 3189 quo
1070 3117 1363 3172 clamamus
1389 3130 1408 3169 :
1438 3116 1687 3187 aperiens
1714 3115 1794 3170 vi-

195 3210 396 3266 delicet
438 3212 709 3282 quomodo
755 3211 959 3267 dixerit
997 3211 1342 3273 clamantem,
1396 3210 1449 3264 id
1497 3216 1599 3275 est,
1648 3208 1791 3265 sicut

1897 2012 1963 2068 de
2003 2012 2163 2068 Patre
2206 2013 2320 2069 solo
2350 2029 2454 2069 non
2484 2021 2567 2069 est
2596 2013 2998 2085 intelligendum
3032 2015 3174 2084 quod
3201 2014 3491 2083 Apostolus

1896 2104 1990 2166 ait,
2016 2104 2212 2161 Beatus
2241 2115 2289 2160 et
2324 2105 2467 2161 solus
2512 2117 2717 2177 potens,
2756 2107 2869 2162 Rea:
2915 2123 3095 2179 regum
3141 2116 3187 2161 et
3234 2106 3489 2161 Dominus

1895 2195 2303 2263 dominantium,
2331 2200 2421 2269 qui
2451 2197 2595 2252 solus
2621 2199 2775 2253 habet
2819 2198 3285 2262 immortalitatem,
3322 2208 3371 2253 et
3409 2198 3493 2251 lu-

1894 2305 2003 2344 cem
2043 2290 2244 2345 habitat
2275 2291 2718 2357 inaccessibilem;
2741 2309 2893 2363 quem
2929 2308 3079 2347 nemo
3113 2291 3382 2346 hominum
3424 2292 3494 2346 vi-

1893 2384 1991 2449 dit,
2017 2399 2109 2437 nec
2138 2383 2310 2439 videre
2332 2394 2497 2454 potest
2523 2384 2575 2456 (1
2594 2383 2729 2439 Tim.
2748 2400 2825 2451 vI,
2846 2385 2954 2457 l5).
2982 2384 3040 2439 In
3065 2384 3263 2454 quibus
3286 2382 3489 2448 verbis,

1892 2489 1994 2529 nec
2036 2473 2196 2530 Pater
2226 2477 2446 2547 proprie
2490 2477 2799 2533 nominatus
2829 2486 2932 2542 est,
2984 2492 3085 2533 nec
3129 2477 3330 2544 Filius,
3388 2490 3489 2531 nec

1895 2566 2132 2637 Spiritus
2173 2578 2425 2635 sanctus;
2461 2570 2556 2626 sed
2585 2570 2832 2626 absolute
2868 2572 3059 2626 beatus
3097 2580 3150 2626 et
3202 2571 3346 2626 solus
3394 2587 3491 2642 po-

1896 2665 2035 2724 tens,
2063 2658 2180 2714 Rex
2210 2675 2396 2732 regum
2424 2669 2480 2716 et
2502 2661 2764 2718 Dominus
2794 2664 3208 2729 dominantium,
3240 2664 3383 2735 quod
3404 2675 3489 2723 est

1893 2766 2035 2805 unus
2079 2751 2247 2817 solus,
2291 2753 2504 2819 beatus,
2536 2763 2749 2824 potens,
2797 2754 3105 2822 invisibilis,
3132 2770 3294 2811 verus
3322 2756 3485 2824 Deus,

1893 2844 2006 2913 ipsa
2043 2843 2302 2911 Trinitas,
2348 2861 2469 2916 quae
2513 2848 2795 2918 aequaliter
2842 2850 2998 2905 beata
3053 2857 3155 2916 est,
3208 2850 3491 2921 aequaliter

1890 2946 2107 3009 potens,
2139 2938 2248 2994 imo
2290 2940 2654 3010 omnipotens,
2699 2942 2862 2998 etiam
2909 2951 2964 2998 et
3018 2943 3328 3013 unipotens,
3358 2944 3486 3014 quia

1891 3046 1996 3084 una
2047 3030 2287 3100 potentia
2343 3040 2429 3087 est
2484 3032 2650 3088 totius
2698 3039 2900 3089 sanctas
2953 3033 3256 3090 Trinitatis.
3303 3033 3489 3106 Neque

1891 3122 2057 3188 enim,
2085 3123 2210 3194 quia
2255 3125 2369 3194 ipse
2399 3123 2569 3181 Filius
2597 3125 2723 3181 alibi
2771 3125 2998 3197 loquens
3025 3142 3160 3181 voce
3185 3127 3481 3196 sapientiae,

1892 3214 2007 3286 ipse
2030 3223 2113 3270 est
2139 3215 2281 3271 enim
2306 3216 2574 3287 sapientia
2606 3218 2722 3284 Dei,
2761 3217 2838 3273 ait
2865 3236 2879 3272 :
2910 3217 3111 3290 Cyrum
3136 3219 3251 3275 caeli
3273 3219 3489 3275 circuiri

187 3309 302 3380 jam
332 3311 581 3381 exposui,
608 3311 847 3367 clamare
880 3311 1189 3368 facientem.
1225 3331 1244 3364 ›
1296 3311 1411 3368 Non
1461 3319 1640 3367 tamen
1686 3309 1790 3365 iste
1817 3285 1863 3349 Ο
1893 3285 2008 3363 sola
2050 3308 2241 3381 (Eccli.
2268 3285 2418 3376 xxiv,
2450 3310 2531 3379 8),
2562 3313 2833 3382 separavit
2858 3328 2887 3367 a
2914 3285 2977 3367 se
2999 3312 3213 3368 Patrem
3242 3332 3254 3369 :
3282 3322 3488 3384 quanto

191 3403 438 3475 spiritus,
465 3406 557 3476 qui
583 3422 682 3461 nos
704 3406 944 3462 clamare
976 3406 1107 3462 facit
1135 3406 1308 3474 Abba,
1337 3406 1517 3472 Pater,
1543 3406 1788 3476 ingratos

190 3513 295 3552 nos
323 3496 472 3561 facit,
505 3498 647 3554 sicut
673 3498 1065 3555 Gothescalcus
1094 3502 1344 3572 superius
1383 3501 1533 3567 dicit,
1577 3498 1789 3556 caeteris

190 3591 465 3661 personis,
504 3591 555 3646 id
583 3601 671 3648 est
695 3608 942 3663 persona:
972 3593 1113 3659 Filii,
1157 3602 1211 3648 et
1247 3609 1377 3660 suae,
1407 3609 1529 3648 cum
1557 3592 1789 3649 dicimus

187 3681 371 3747 Abba,
400 3680 583 3749 Pater,
622 3686 741 3740 sine
766 3686 1138 3743 nominatione
1162 3686 1283 3742 Filii
1315 3697 1372 3743 et
1395 3686 1635 3756 ejusdem
1667 3684 1790 3756 Spi-

190 3775 336 3829 ritus
352 3776 547 3830 sancti.
575 3775 642 3831 Et
665 3776 795 3833 item
818 3777 1151 3849 Augustinus
1173 3793 1242 3833 ex
1262 3777 1525 3849 Apostolo
1550 3777 1791 3832 testimo-

189 3868 347 3922 nium
368 3868 521 3938 ponit
555 3868 766 3938 dicens,
808 3887 830 3921 ί
867 3869 1163 3942 Accipimus
1204 3870 1446 3940 spiritum
1491 3868 1787 3940 adoptionis

184 3961 449 4028 ﬁliorum,
484 3962 657 4032 iu’quo
689 3962 1019 4018 clamamus:
1045 3963 1209 4028 Abba,
1234 3961 1411 4018 Pater.
1441 3981 1467 4015 ιν
1487 3950 1640 4029 Quod
1656 3961 1790 4016 vidit

190 4050 457 4106 etlteatus
468 4051 804 4107 Ambrosius.
825 4052 1070 4108 Aiteuim
1091 4071 1135 4107 :t
1159 4053 1224 4108 Et
1250 4068 1406 4107 orare
1425 4051 1788 4122 Dcumgraliie

188 4143 460 4213 spiritalis
477 4153 581 4209 est,
604 4146 744 4201 sicut
763 4147 1026 4217 scriptum
1051 4155 1153 4213 est,
1176 4146 1347 4202 Nemo
1366 4147 1510 4209 dicit,
1533 4146 1789 4200 Dominus

187 4236 375 4302 Iesus,
419 4238 521 4292 nisi
558 4239 615 4292 in
649 4236 850 4310 Spiritu
894 4249 1076 4294 sancto
1116 4239 1165 4312 (1
1203 4239 1329 4295 Cor.
1380 4256 1480 4304 XII,
1520 4239 1599 4309 5).
1652 4239 1789 4295 Hinc

184 4330 527 4401 Augustinus
551 4339 606 4386 et
628 4331 951 4387 Ambrosius
983 4349 1047 4389 ex
1073 4332 1315 4402 Apostoli
1345 4332 1658 4388 testimonio
1678 4346 1786 4385 non

185 4422 391 4477 docent
422 4437 518 4478 nos
548 4424 601 4478 in
626 4425 871 4480 oratione
901 4425 1187 4496 loquentes
1214 4428 1281 4481 ad
1316 4443 1477 4481 uuam
1504 4441 1566 4480 cx
1602 4423 1784 4479 Triui-

186 4524 301 4571 tate
324 4531 616 4587 personam
642 4527 828 4589 postea
854 4518 1053 4575 debere
1079 4520 1260 4575 dicere
1281 4520 1496 4575 cmteris
1515 4518 1785 4590 personis,

183 4607 253 4664 Et
284 4610 443 4665 vobis
474 4611 678 4681 gratias
706 4612 938 4680 agimus,
986 4611 1054 4666 Et
1097 4613 1251 4668 vobis
1296 4612 1680 4682 supplicamus.
1716 4611 1783 4665 Et
1814 4636 1862 4695 υ

185 4700 317 4756 alibi
358 4702 493 4757 dicit
531 4703 840 4774 Apostolus,
896 4701 1000 4758 Vos
1040 4704 1165 4759 estis
1219 4704 1467 4775 templum
1522 4703 1616 4768 D.ei
1661 4702 1779 4768 vivi,

182 4795 323 4849 sicut
363 4794 493 4849 dicit
537 4794 678 4851 Deus
715 4811 735 4851 :
782 4796 1044 4864 Quoniam
1097 4797 1400 4851 inhabitabo
1446 4797 1501 4850 in
1550 4796 1686 4863 illis,
1732 4806 1779 4851 et

180 4887 528 4942 inambulabo
556 4904 575 4943 :
602 4899 651 4943 et
681 4906 770 4943 ero
798 4888 1013 4944 illorum
1057 4888 1221 4953 Deus,
1264 4900 1312 4943 et
1350 4889 1452 4960 ipsi
1478 4900 1630 4945 erunt
1655 4890 1782 4944 mihi

178 4978 413 5049 populus
457 4979 540 5051 (II
585 4978 707 5036 Cor.
731 4997 835 5047 ,VI,
881 4980 988 5051 16).
1048 4980 1164 5035 llas
1205 4982 1369 5052 igitur
1409 4984 1780 5053 promissiones

183 5072 1127 5140 habentes,charissimi,'mundemus
1144 5092 1237 5130 nos
1268 5076 1331 5130 ab
1359 5076 1501 5130 omni
1529 5076 1780 5147 inquina-

181 5174 363 5219 mento
380 5165 555 5220 carnis
578 5176 628 5220 et
643 5167 880 5237 spiritus,
894 5166 1218 5238 perﬁcientes
1238 5168 1708 5236 sanctiﬁcationem
1729 5168 1783 5222 in

180 5257 378 5310 timore
405 5255 601 5312 Christi
629 5256 717 5333 (II
738 5256 862 5313 Cor.
883 5274 977 5325 vII,
1006 5258 1079 5330 l).
1110 5259 1178 5314 Et
1200 5276 1306 5315 non
1335 5260 1512 5314 timuit
1537 5260 1784 5330 ingratus

180 5363 310 5402 esse
360 5349 578 5405 caeteris
624 5352 905 5421 personis,
959 5352 1107 5408 Patri
1156 5352 1404 5407 videlicet
1452 5360 1506 5407 et
1553 5352 1781 5422 Spiritui

180 5449 400 5509 sancto,
442 5443 569 5513 quia
609 5452 814 5500 tantum
862 5446 918 5500 in
967 5448 1161 5502 timore
1205 5445 1408 5501 Christi
1458 5462 1555 5501 nos
1599 5446 1783 5501 docuit

176 5533 457 5603 perlicere
502 5536 1013 5610 sancﬁtiﬁ’cationem.
1050 5559 1069 5592 ι
1097 5539 1164 5594 Et
1184 5546 1405 5594 sanctus
1451 5538 1784 5610 Augustinus

181 5626 244 5678 in
287 5624 430 5681 libro
470 5636 659 5684 contra
705 5629 940 5697 Iudaeos,
985 5639 1040 5687 et
1078 5647 1349 5703 paganos,
1400 5639 1563 5701 atque
1608 5630 1821 5720 hanc:

182 5718 372 5774 tieos:
411 5739 432 5771 ι
459 5720 598 5788 Quid
642 5724 792 5795 agis,
841 5724 1049 5794 inquit,
1098 5724 1239 5779 Loth
1280 5724 1504 5781 sancte?
1550 5724 1783 5796 Angelos

181 5812 362 5878 vides,
412 5823 467 5869 et
505 5831 610 5871 non
649 5834 815 5873 unum
866 5820 958 5875 sed
1002 5819 1161 5886 duos,
1206 5827 1261 5874 et
1301 5816 1457 5887 dicis,
1514 5820 1785 5877 Domine?

179 5902 275 5961 Ad
310 5920 478 5962 unum
518 5908 744 5968 verbum
787 5910 945 5979 facis,
994 5927 1162 5968 unum
1205 5914 1468 5987 precaris,
1518 5929 1625 5970 non
1672 5929 1785 5971 me-

1890 3400 2065 3472 magis
2114 3416 2245 3472 ergo
2271 3416 2379 3456 non
2427 3411 2513 3457 est
2557 3418 2780 3459 necesse
2822 3411 2883 3458 ut
2926 3402 2995 3459 de
3040 3402 3201 3460 Patre
3250 3412 3486 3460 tantum-

1888 3495 2071 3559 modo,
2098 3502 2299 3564 prmter
2330 3493 2526 3550 Filium
2572 3503 2627 3549 et
2672 3495 2934 3566 Spiritum
2980 3504 3251 3562 sanctum,
3284 3495 3485 3552 intelli-

1889 3594 2047 3656 gatur
2072 3584 2212 3655 quod
2247 3584 2450 3640 dictum
2477 3593 2581 3650 cst,
2615 3583 2772 3641 Solus
2815 3586 2968 3641 habet
3009 3585 3482 3655 immortalitatem,

1887 3685 1963 3742 et,
1994 3675 2162 3731 lucem
2200 3677 2402 3731 habitat
2447 3676 2898 3732 inaccessibilem?
2944 3676 3036 3735 Sic
3084 3693 3187 3735 nec
3245 3686 3489 3735 tantum-

1889 3773 2050 3826 modo
2077 3771 2144 3826 de
2168 3769 2329 3835 Filio,
2351 3778 2551 3840 praeter
2571 3769 2787 3826 Patrem
2811 3771 2895 3827 vel
2918 3770 3181 3841 Spiritum
3210 3781 3483 3840 sanctum,

1889 3879 2014 3921 cum
2041 3864 2237 3920 dicitur
2259 3860 2530 3934 Sapientia
2562 3863 2907 3934 superborum
2937 3876 2985 3919 et
3011 3865 3316 3921 sublimium
3348 3865 3486 3921 colla

1888 3961 2104 4031 propria
2132 3962 2322 4017 virtute
2353 3962 2596 4018 calcavit.
2642 3962 2734 4019 Sic
2779 3978 2883 4019 nec
2922 3964 2988 4019 de
3038 3963 3244 4033 Spiritu
3299 3973 3488 4026 saneto

1892 4055 2284 4121 tantummodo,
2317 4065 2518 4128 praeter
2539 4054 2756 4112 Patrem
2785 4064 2837 4112 et
2870 4055 3090 4121 Filium,
3116 4070 3239 4110 cum
3266 4057 3481 4123 dicitur,

1891 4142 2119 4215 Spiritus
2143 4144 2353 4199 Domini
2384 4146 2596 4217 replevit
2623 4146 2798 4201 orbem
2821 4155 3101 4209 terrarum,
3133 4154 3182 4199 et
3210 4145 3483 4216 hoc,quod

1889 4236 2115 4290 continet
2141 4240 2339 4305 omnia,
2365 4240 2637 4294 scientiam
2662 4239 2816 4294 habet
2856 4239 2992 4293 vocis
3020 4236 3173 4307 (Sap.
3200 4253 3241 4303 I,
3270 4238 3344 4309 7).
3389 4236 3481 4293 Sic

1890 4330 2246 4387 nihilominus
2284 4332 2691 4405 intelligendum
2739 4342 2824 4388 est
2868 4332 3014 4403 quod
3060 4331 3301 4386 dicitur:
3336 4330 3484 4386 Sicut

1891 4416 2054 4474 Pater
2083 4421 2328 4491 viviﬁcat,
2354 4424 2429 4477 sic
2468 4433 2516 4477 et
2546 4421 2721 4478 Filius
2749 4441 2880 4495 quos
2911 4424 3016 4480 vult
3043 4426 3266 4495 viviﬁcat
3297 4421 3482 4495 (Joan.

1887 4527 1940 4577 v,
1969 4511 2084 4583 2|).
2120 4510 2235 4567 Non
2263 4521 2441 4570 tamen
2471 4513 2608 4571 alios
2639 4515 2726 4570 vel
2763 4514 2925 4570 aliter
2951 4515 3133 4581 Pater,
3159 4524 3214 4570 et
3238 4514 3373 4569 alios
3400 4513 3486 4569 vel

1889 4605 2048 4661 aliter
2070 4605 2240 4661 Filius
2268 4624 2281 4661 :
2313 4607 2407 4663 sed
2450 4608 2668 4663 eosdem
2704 4623 2842 4678 quos
2866 4606 3029 4664 Pater
3054 4607 3308 4674 viviﬁcat,
3343 4606 3483 4663 vivi-

1888 4700 2014 4754 ﬁcat
2039 4710 2094 4755 et
2123 4699 2312 4756 Filius.
2348 4698 2613 4756 Similiter
2639 4715 2741 4756 nec
2767 4698 3005 4770 Spiritus
3032 4708 3253 4756 sanctus
3281 4699 3350 4755 ab
3382 4699 3483 4755 hac

1886 4794 2251 4849 viviﬁcatione
2301 4793 2671 4849 secernendus
2696 4801 2779 4848 est
2824 4810 2838 4847 :
2884 4793 3009 4864 quia
3042 4808 3209 4848 unum
3238 4807 3372 4862 opus
3399 4799 3485 4847 est

1886 4883 2066 4940 Patris
2096 4894 2154 4940 et
2187 4884 2311 4941 Filii
2339 4893 2395 4941 et
2422 4884 2659 4956 Spiritus
2699 4884 2896 4949 sancti,
2927 4883 3070 4940 sicut
3093 4899 3200 4939 una
3230 4881 3480 4937 substan-

1887 4980 1963 5034 tia
1987 4988 2150 5049 atque
2179 4978 2415 5035 essentia
2447 4988 2553 5035 est.
2585 4978 2728 5050 Ergo
2754 4976 2919 5033 Pater
2945 4978 3133 5033 vivens
3155 4976 3286 5040 vita,
3309 4974 3479 5032 Filius

1888 5070 1998 5125 vita
2029 5071 2217 5126 vivens
2244 5089 2274 5126 a
2300 5070 2535 5138 vivente,
2569 5070 2806 5143 Spiritus
2850 5078 3072 5126 sanctus
3101 5070 3209 5125 vita
3252 5077 3307 5123 et
3343 5068 3482 5124 vivi-

1892 5164 2085 5219 ﬁcator
2108 5164 2422 5230 viventium,
2451 5173 2506 5220 et
2530 5179 2639 5219 non
2664 5172 2780 5219 tres
2804 5163 2946 5227 vitae,
2972 5162 3069 5218 sed
3091 5178 3196 5245 una
3225 5161 3336 5216 vita
3364 5168 3499 5216 est:-

1889 5268 1945 5313 et
1980 5256 2142 5312 Pater
2182 5257 2356 5313 virtus
2384 5266 2440 5312 et
2479 5256 2772 5327 sapientia,
2809 5263 2865 5311 et
2910 5254 3101 5320 Filius,
3130 5268 3297 5325 quem
3318 5261 3483 5310 vocat

1888 5350 2181 5421 Apostolus
2229 5349 2494 5405 Christum
2535 5348 2632 5403 Dei
2670 5348 2938 5413 uirtutem,
2963 5357 3012 5403 et
3040 5346 3136 5401 Dei
3169 5345 3481 5417 sapientum

1891 5444 1945 5518 (I
1975 5442 2099 5500 Cor.
2127 5460 2166 5509 I,
2198 5442 2315 5513 ‘24),
2344 5442 2597 5497 similiter
2627 5441 2800 5496 virtus
2829 5449 2884 5495 et
2911 5439 3171 5511 sapientia
3205 5456 3217 5492 :
3247 5452 3354 5492 non
3396 5445 3477 5490 ta-

1891 5552 2011 5592 men
2039 5544 2150 5592 tres
2178 5536 2429 5598 virtutes,
2462 5548 2562 5588 nec
2587 5542 2699 5587 tres
2719 5531 3019 5603 sapientia},
3053 5531 3148 5591 sed
3171 5544 3275 5585 una
3306 5537 3482 5583 Virtus

1888 5640 1943 5685 et
1972 5647 2074 5686 una
2104 5629 2388 5699 sapientia,
2418 5626 2582 5681 Pater
2603 5611 2859 5683 etFilius
2884 5635 2938 5681 et
2962 5625 3198 5697 Spiritus
3226 5632 3478 5687 sanctus;

1886 5726 2014 5797 quia
2045 5727 2161 5781 haec
2189 5722 2407 5779 nomina
2433 5723 2810 5779 substantialis
2839 5731 2964 5778 sunt
2996 5730 3052 5778 et
3092 5738 3198 5776 non
3232 5720 3479 5786 relative,

1887 5820 2029 5876 sicut
2077 5833 2182 5874 una
2216 5816 2532 5879 substantia,
2564 5824 2620 5870 et
2663 5830 2767 5869 una
2807 5814 3220 5886 omnipotentia,
3268 5822 3323 5869 et
3373 5812 3479 5866 alia

1888 5929 2010 5993 qum
2039 5913 2106 5971 de
2143 5911 2444 5969 substantia
2465 5909 2767 5967 divinitatis
2795 5909 3048 5966 dicuntur
3079 5926 3092 5965 :
3127 5916 3183 5967 et
3205 5916 3291 5964 est
3316 5905 3481 5971 Pater
