4026 6340
588 410 687 466 607

1459 399 1463 402 λ
1546 400 1879 459 HINCMARI
1928 363 2324 458 RHEME'NSIS
2361 399 2888 462 ARCHIEPISCOPI
3713 417 3792 474 οοε

598 535 786 577 verum
816 519 1028 584 lumen,
1059 525 1115 574 et.
1157 516 1325 574 Filius
1372 531 1561 572 verum
1615 516 1795 572 lumen
1839 531 1908 572 ex
1959 513 2178 579 lumine,
2208 514 2261 578 Λ
2287 522 2395 581 tus,
2426 516 2566 571 sicut
2591 517 2756 573 etiam
2779 519 2846 573 de
2863 515 3004 575 Filio
3033 521 3227 576 tradita
3248 522 3313 578 ab
3339 526 3577 594 apostolis
3599 528 3796 602 Symboli

595 613 832 685 Spiritus
861 621 1082 668 sanctus
1106 622 1290 666 verum
1319 610 1502 667 lumen
1521 619 1577 667 et
1604 626 1732 667 vera
1760 611 2102 679 illuminatio,
2125 619 2181 666 et

591 723 700 763 non
727 707 828 762 tria
867 705 1090 772 lumina,
1135 706 1230 762 sed
1268 721 1435 760 unum
1485 705 1682 761 lumen.
1733 705 1889 763 Unde
1914 706 2178 777 scriptum

593 809 696 866 est,
727 800 794 854 In
833 800 1028 854 Iuntina
1058 809 1147 855 tuo
1178 799 1464 855 videbimus
1493 799 1667 854 lumen
1720 797 1894 864 (Psat.
1946 815 2177 866 xxxvm,

596 891 708 962 10),
741 892 881 947 sicut
909 897 966 945 et
991 906 1096 947 una
1124 891 1318 958 virtus,
1348 900 1403 947 et
1434 907 1540 947 una
1567 891 1830 962 sapientia
1880 907 1896 946 :
1943 893 2071 963 quia
2121 892 2179 947 in

593 981 681 1038 illa
712 982 1060 1054 simplicitate
1086 983 1280 1039 divinae
1304 995 1512 1038 natura;
1537 999 1642 1039 non
1684 992 1768 1040 est
1806 985 1950 1040 aliud
1989 1001 2182 1058 sapere

595 1092 755 1148 quam
801 1093 943 1144 esse,
990 1093 1098 1133 non
1141 1087 1224 1134 est
1255 1077 1419 1151 5M
1445 1077 1589 1133 aliud
1625 1093 1746 1134 esse
1791 1095 1952 1150 quam
1999 1095 2178 1150 posse,

593 1183 696 1224 nec
739 1169 885 1225 aliud
927 1185 1088 1241 posse
1116 1186 1281 1241 quam
1309 1171 1512 1227 vivere.
1561 1171 1758 1227 Eadem
1811 1173 1885 1228 ibi
1915 1174 2181 1244 sapientia

593 1277 714 1332 quae
741 1263 1000 1329 essentia,
1038 1265 1227 1319 eadem
1254 1265 1368 1320 vita
1416 1280 1537 1335 quae
1579 1275 1634 1322 et
1681 1268 1938 1333 essentia,
1979 1277 2032 1324 et
2066 1269 2184 1324 haec

595 1357 778 1412 omnia
813 1373 980 1412 unum
1007 1367 1064 1413 et
1089 1373 1228 1414 unus
1249 1358 1410 1414 Deus.
1447 1379 1466 1411 ι
1503 1359 1572 1414 Ει
1597 1360 1724 1415 item
1755 1369 1974 1417 sanctus
2001 1361 2184 1434 Augu-

601 1452 774 1506 stinus
802 1451 855 1505 in
885 1450 1143 1507 Tractatu
1166 1452 1363 1522 psalmi
1399 1453 1716 1525 octogesimi
1749 1455 1925 1525 quinti
1952 1474 1964 1509 :
1996 1436 2023 1507 ἶ
2054 1455 2184 1510 Nul-

594 1541 706 1596 lum
751 1542 923 1611 majus
950 1543 1150 1598 donum
1177 1553 1439 1614 praestare
1469 1556 1651 1615 posset
1679 1546 1820 1601 Deus
1849 1547 2181 1614 hominibus,

593 1651 754 1705 quam
784 1646 842 1691 ut
868 1635 1102 1694 Verbum
1133 1652 1312 1704 suum,
1360 1654 1462 1708 per
1505 1639 1651 1710 quod
1697 1641 1938 1696 condidit
1978 1641 2182 1709 omnia,

593 1727 797 1782 faceret
826 1727 931 1784 illis
972 1737 1152 1800 mput,
1185 1739 1238 1785 et
1277 1730 1396 1786 illos
1422 1731 1470 1786 ei
1505 1739 1760 1802 tanquam
1807 1733 2050 1789 membra
2092 1749 2184 1789 co-

591 1826 820 1889 aptaret,
853 1829 914 1875 ut
949 1829 1095 1877 esset
1138 1819 1309 1878 Filius
1338 1821 1470 1887 Dei,
1521 1832 1577 1878 et
1625 1823 1767 1880 ﬁlius
1812 1824 2070 1891 hominis,
2127 1835 2183 1880 et

2281 606 2550 664 confessio
2579 617 2727 666 tenet
2754 611 3007 678 dicentis,
3038 611 3201 668 Sedet
3237 613 3304 670 ad
3339 616 3598 675 dexteram
3637 622 3797 694 Patris,

2281 698 2408 755 inde
2433 709 2694 757 venturus
2715 702 2964 773 judicare
2990 705 3142 760 vivos
3165 715 3220 761 et
3249 716 3502 766 mortuos.
3529 709 3674 770 Vides
3700 732 3802 788 ergo

2281 793 2550 862 quomodo
2587 809 2685 863 per
2725 795 2866 850 hanc
2905 795 3208 852 orationem
3234 813 3291 854 se
3324 808 3380 854 et
3401 798 3601 858 Patrem
3637 806 3681 859 in
3720 824 3802 864 una

2280 882 2603 949 substantia,
2651 893 2707 940 et
2753 886 2809 940 in
2853 902 2958 942 una
3003 888 3206 945 deitate
3253 892 3538 965 coniungit.
3579 896 3699 953 Ecce
3737 902 3805 956 ille

2281 970 2449 1028 futuri
2493 972 2685 1043 judicii
2730 976 2863 1041 dies,
2921 979 3012 1048 qui
3056 981 3241 1036 venire
3277 998 3374 1053 per
3402 985 3518 1041 Filii
3567 990 3804 1047 adventum

2280 1063 2638 1133 promittitur,
2689 1066 2756 1120 de
2804 1067 2986 1124 Patris
3030 1073 3317 1140 praesentia
3370 1079 3710 1148 praestolatus,
3755 1087 3806 1140 sit

2283 1152 2444 1226 545
2476 1153 2592 1225 jam
2649 1157 2965 1216 indubitata:
3002 1163 3225 1220 unitatis
3261 1168 3612 1226 testimonium
3635 1215 3647 1238 ,
3676 1176 3806 1231 sicut

2284 1245 2350 1299 de
2369 1244 2492 1300 Filii
2521 1246 2754 1304 adventu
2800 1249 3043 1321 loquitur
3068 1256 3372 1324 promissus
3390 1298 3405 1324 ,
3433 1260 3497 1316 de
3524 1259 3681 1317 Patris
3702 1280 3807 1334 pra:-

2283 1337 2454 1392 sentia
2493 1337 2755 1395 doceatur
2781 1341 3050 1413 impletus.
3092 1365 3112 1398 ›
3145 1347 3213 1401 Et
3255 1349 3529 1421 aliquanto
3559 1358 3804 1425 superius:

2291 1448 2311 1482 ‹
2339 1430 2396 1486 Si
2426 1446 2555 1503 ergo
2585 1433 2845 1504 majorem
2865 1437 3081 1494 Patrem
3109 1448 3165 1497 et
3188 1443 3453 1500 minorem
3483 1446 3661 1502 Filiqu
3689 1451 3805 1515 dicis,

2284 1523 2510 1595 gradum
2541 1525 2708 1595 facis,
2751 1538 2805 1584 et
2846 1532 3108 1587 unitatem
3151 1535 3331 1602 tollis,
3365 1547 3561 1593 etcum
3603 1539 3739 1596 offers
3769 1544 3806 1598 in

2285 1616 2588 1685 oblatione,
2620 1637 2728 1677 non
2755 1631 2909 1692 potes
2939 1625 3154 1693 dicere,
3189 1626 3371 1684 Oifero
3402 1630 3520 1696 tibi,
3549 1631 3805 1700 Deus,sed,

2286 1706 2464 1765 Oll‘ero
2487 1711 2662 1781 vobis,
2699 1712 2807 1782 dii;
2837 1717 2979 1786 quod
2999 1726 3088 1772 est
3117 1719 3414 1776 absurdum
3443 1731 3498 1777 et
3528 1723 3806 1779 inauditum:

2287 1808 2380 1854 aut
2409 1811 2589 1867 certe,
2623 1804 2669 1858 si
2697 1805 2907 1862 vicibus
2941 1816 2998 1863 et
3031 1809 3350 1881 singillatim
3373 1812 3591 1880 oiferas,
3611 1825 3660 1869 et
3684 1816 3810 1870 semel

591 1927 730 1968 unus
759 1912 902 1968 Deus
944 1927 1066 1968 cum
1093 1913 1279 1980 Patre,
1321 1929 1462 1970 unus
1488 1915 1652 1970 homo
1682 1931 1803 1971 cum
1833 1916 2171 1985 hominibus;
2207 1885 2258 1947 Β
2286 1889 2484 1985 (factas
2511 1892 2691 1959 Ρίητίν
2721 1897 2888 1953 semel
2913 1897 3108 1955 οίῗθτθδ
3133 1900 3271 1958 Filio
3290 1944 3305 1970 ν
3344 1919 3466 1959 cum
3502 1905 3637 1960 Ρθινί
3658 1907 3806 1971 οίῖθτεγ

591 2014 651 2061 ut
679 2016 733 2061 et
775 2006 991 2076 quando
1033 2007 1306 2078 loquimur
1332 2008 1400 2063 ad
1435 2008 1604 2064 Deum
1648 2009 2020 2079 deprecantes,
2067 2027 2177 2067 non

591 2097 716 2152 inde
746 2097 943 2153 Filium
979 2113 1290 2170 separemus
1319 2117 1332 2154 :
1367 2108 1421 2156 et
1442 2101 1661 2170 quando
1689 2111 1944 2171 precatur
1979 2116 2177 2172 corpus
2227 2144 2230 2148 η

590 2189 780 2257 Filius,
827 2207 934 2248 non
978 2208 1010 2248 a
1045 2209 1102 2250 se
1148 2203 1364 2266 separet
1413 2204 1575 2266 caput
1624 2211 1803 2261 suum,
1834 2196 2011 2267 sitque
2041 2213 2178 2254 unus

589 2283 704 2352 ipse
752 2281 1001 2340 Salvator
1049 2287 1292 2358 corporis
1343 2287 1427 2342 sui
1484 2287 1744 2344 Dominus
1791 2297 1978 2344 noster
2019 2287 2178 2346 Jesus

587 2373 834 2460 Christus
861 2375 1030 2433 Filius
1051 2377 1167 2445 Dei,
1201 2381 1293 2449 qui
1323 2387 1378 2435 et
1403 2387 1523 2436 oret
1547 2394 1646 2450 pro
1685 2381 1863 2448 nobis,
1895 2389 1952 2438 et
1975 2390 2094 2440 oret
2123 2383 2178 2439 in

588 2471 766 2536 nobis,
796 2479 851 2526 et
878 2480 1064 2528 oretur
1090 2488 1120 2528 a
1153 2472 1308 2530 nobis
1346 2492 1358 2528 :
1391 2481 1514 2530 orat
1561 2489 1661 2545 pro
1707 2476 1864 2531 nobis
1900 2485 1960 2531 ut
1999 2492 2180 2533 sacer-

584 2563 684 2620 dos
712 2575 919 2631 noster,
946 2574 1066 2622 orat
1096 2567 1151 2622 in
1180 2567 1338 2624 nobis
1360 2576 1420 2623 ut
1447 2577 1608 2638 caput
1631 2577 1904 2637 nostrum,
1930 2579 2120 2626 oratur
2146 2587 2178 2628 a

585 2656 759 2720 nobis,
797 2665 853 2712 ut
893 2657 1033 2715 Deus
1064 2667 1268 2715 noster.
1311 2679 1328 2712 ›
1379 2659 1447 2714 Ει
1490 2660 1545 2714 ἰη
1576 2675 1828 2718 sermone
1859 2662 1924 2718 de
1956 2663 2179 2720 Unitate

585 2745 764 2803 Patris
792 2757 847 2803 et
882 2749 1008 2804 Filii
1041 2759 1096 2806 et
1126 2750 1365 2822 Spiritus
1391 2753 1567 2807 sancti
1604 2761 1791 2808 contra
1823 2755 2056 2810 Arianos
2096 2754 2181 2810 di-

584 2839 660 2894 cit
689 2857 702 2894 :
738 2857 757 2891 (
791 2839 929 2908 Quia
958 2841 1304 2898 ministrante
1345 2843 1572 2899 Domino
1600 2843 1772 2901 habes
1814 2846 2174 2901 abundantem

583 2931 850 2988 Dominici
903 2935 1052 2990 verbi
1103 2951 1322 3007 panem,
1354 2952 1496 3007 pone
1541 2938 1717 2994 adhuc
1744 2954 1908 3010 super
1935 2955 2174 2995 mensam

585 3025 765 3081 cordis
795 3025 936 3082 illius
963 3043 1158 3098 panem
1189 3045 1406 3100 quoque
1453 3030 1749 3098 Dominicze
1795 3033 2076 3099 orationis,
2123 3042 2180 3088 et

585 3135 952 3175 commemora
981 3120 1157 3188 illum,
1188 3124 1444 3193 quoniam
1487 3126 1750 3180 Dominus
1793 3126 1846 3180 in
1885 3125 2175 3197 Evangelio

585 3212 745 3277 dixit,
775 3211 1047 3284 Quidquid
1071 3215 1126 3268 in
1151 3215 1360 3269 nomine
1383 3232 1496 3269 meo
1519 3233 1549 3269 a
1575 3215 1736 3270 Patre
1776 3218 2048 3286 petieritis,
2082 3235 2173 3288 ego

585 3321 616 3358 ιι
650 3302 812 3357 Patre
845 3312 960 3374 peto
990 3312 1039 3358 et
1073 3303 1289 3358 dabitur
1308 3305 1448 3360 vobis
1475 3305 1673 3377 (Marc.
1705 3322 1784 3373 ιι,
1815 3307 1929 3376 24).
1956 3308 2022 3363 Ει
2046 3324 2179 3378 quo-

587 3393 746 3450 modo
777 3393 831 3450 in
865 3394 1232 3451 demonstrata
1277 3409 1307 3449 a
1359 3410 1417 3451 se
1462 3396 1730 3462 oratione,
1779 3397 1934 3466 quasi
1982 3397 2180 3454 oblitus

586 3488 676 3543 illa
707 3505 827 3561 quae.
856 3490 1087 3554 dixerat,
1119 3503 1178 3545 se
1213 3489 1600 3560 praetermisso,
1643 3489 1857 3545 Patrem
1888 3490 2059 3546 solum
2096 3508 2182 3547 ro-

586 3597 716 3652 gare
747 3581 900 3649 jubet
931 3582 1116 3637 dicens
1150 3599 1164 3636 :
1196 3581 1284 3635 Ita
1323 3581 1562 3649 orabitis,
1602 3581 1765 3637 Pater
1809 3592 1984 3638 noster
2007 3584 2099 3653 qui
2126 3600 2178 3639 es

585 3677 641 3730 in
667 3674 850 3730 caelis?
875 3672 1179 3746 (ΜιιιιΙι.νι,
1203 3673 1362 3745 9.)Ει
1390 3674 1481 3729 ubi
1517 3682 1600 3730 est
1626 3675 1768 3746 quod
1796 3676 1966 3730 dixit:
1992 3674 2060 3730 In
2087 3693 2182 3731 no-

589 3767 726 3820 mine
745 3782 857 3821 meo
870 3783 900 3819 a
920 3763 1080 3820 Patre
1102 3767 1275 3836 petite,
1297 3775 1344 3821 et
1365 3783 1458 3838 ego
1482 3784 1514 3821 a
1529 3765 1690 3821 Patre
1702 3769 1848 3836 peto?
1864 3767 2044 3839 (Joan.
2064 3785 2196 3836 Χνι,Δ

588 3858 704 3931 27.)
754 3857 1035 3926 Quomodo
1061 3873 1256 3915 nomen
1283 3874 1462 3926 suum,
1493 3875 1591 3930 per
1617 3860 1758 3929 quod
1786 3861 1893 3930 peti
1923 3861 2037 3930 ipse
2064 3861 2181 3932 jus-

589 3955 680 4019 sit,
707 3953 761 4008 in
787 3954 1031 4009 oratione
1061 3969 1091 4008 a
1127 3968 1187 4009 se
1229 3953 1601 4010 demonstrata
1643 3954 2026 4024 praetermisit?
2073 3953 2180 4011 Sed

591 4047 714 4116 quia
753 4047 893 4101 idem
928 4047 1041 4117 ipse
1062 4046 1291 4112 dixerat,
1327 4045 1432 4113 Qui
1453 4063 1534 4101 me
1560 4046 1866 4112 videt,videt
1891 4055 1936 4101 et
1966 4045 2181 4102 Patrem

591 4143 907 4214 (Joan.x1v,
953 4145 1032 4216 9),
1081 4143 1251 4199 voluit
1279 4144 1383 4199 hoc
1436 4141 1757 4215 mysterium
1786 4156 1817 4197 a
1847 4140 2095 4196 ﬁdelibus
2124 4140 2179 4195 in

591 4235 868 4292 Dominica
913 4237 1161 4293 oratione
1199 4236 1431 4306 impleri,
1487 4242 1548 4289 ut
1585 4249 1682 4304 per
1710 4234 1850 4288 hanc
1879 4233 2180 4288 orationem

589 4328 642 4384 in
678 4328 836 4384 Patre
861 4331 1024 4384 etiam
1057 4327 1226 4383 Filius
1257 4334 1576 4398 rogaretur:
1603 4333 1660 4381 et
1685 4325 1814 4396 quia
1840 4325 1894 4379 in
1927 4323 2184 4396 Symbolo

590 4422 784 4476 iterum
802 4431 856 4476 et
883 4430 1167 4490 separatus
1191 4436 1220 4474 a
1245 4420 1405 4475 Patre
1430 4420 1768 4485 nominatur,
1792 4433 1916 4474 cum
1944 4416 2178 4473 dicitur:

591 4511 764 4566 Credo
790 4513 844 4566 in
877 4510 1044 4566 Deum
1071 4511 1313 4577 Patrem,
1356 4518 1412 4566 et
1442 4511 1499 4566 in
1537 4497 1725 4566 Iesum
1769 4508 2045 4565 Christum
2088 4506 2181 4563 Fi-

2280 1983 2477 2040 Filium
2501 1989 2904 2057 praetermittis,
2937 2000 3143 2048 etcum
3189 1995 3330 2052 Filio
3366 1996 3555 2064 oﬂ‘ers,
3588 1999 3767 2055 Patrem
3789 2017 3809 2054 a

2279 2093 2506 2134 munere
2527 2078 2808 2138 offerentis
2830 2084 3094 2142 excludis.
3121 2085 3178 2141 Si
3202 2097 3389 2144 autem
3413 2089 3546 2146 Filio
3569 2092 3674 2147 sine
3691 2092 3811 2147 Patre

2279 2171 2476 2239 offers,
2503 2175 2618 2246 jam
2667 2191 2778 2232 non
2822 2179 3027 2248 poteris
3053 2195 3151 2251 per
3183 2183 3486 2240 orationem
3531 2186 3808 2241 Dominicam

2280 2267 2524 2337 mysterii
2554 2279 2888 2326 sacramenta
2916 2273 3190 2344 complere
3209 2316 3224 2342 ,
3255 2286 3317 2330 ut
3349 2277 3498 2335 dicas
3525 2280 3586 2334 ad
3624 2281 3808 2350 plenitu-

2281 2359 2460 2415 dinem
2494 2361 2719 2431 perfecti
2747 2363 3044 2420 holocausti
3066 2368 3375 2425 orationem
3423 2371 3743 2439 Dominicam,
3767 2373 3806 2427 id

2280 2459 2384 2518 est,
2416 2449 2580 2507 Pater
2613 2463 2802 2509 noster
2828 2455 2921 2525 qui
2951 2470 3011 2512 es
3033 2457 3088 2512 iu
3119 2458 3308 2528 caelis,
3353 2462 3479 2533 quia
3505 2463 3723 2528 Patrem,
3747 2463 3810 2518 cui

2280 2557 2389 2597 non
2412 2542 2606 2611 oﬂ‘ers,
2637 2560 2739 2602 nec
2773 2549 2976 2604 orabis.
3015 2548 3075 2604 Si
3119 2550 3320 2607 iterum
3365 2554 3511 2610 Patri
3555 2556 3810 2626 incorporeo

2279 2634 2471 2703 oil‘ers,
2502 2646 2558 2692 et
2589 2637 2787 2695 Filium
2826 2645 3230 2712 praetermittis,
3271 2646 3441 2704 oblati
3471 2650 3618 2720 panis
3657 2657 3812 2721 myste-

2280 2733 2421 2788 rium
2468 2750 2577 2791 non
2618 2737 2822 2806 poterit
2856 2739 2910 2793 in
2941 2741 3186 2812 corporis
3227 2754 3569 2802 sacramenta
3601 2745 3810 2806 transire,

2281 2842 2458 2898 neque
2487 2830 2543 2884 in
2587 2832 2997 2889 consecratione
3044 2835 3355 2894 holocausti
3396 2839 3802 2896 commemoratio-

2280 2935 2404 2975 nem
2432 2921 2729 2980 Dominicae
2754 2939 2924 2981 coenae
2960 2925 3140 2984 facere
3168 2932 3382 3000 poteris
3401 2973 3416 3000 ,
3455 2933 3574 3002 quia
3606 2931 3727 3003 quod
3748 2929 3813 2983 Fi-

2280 3013 2388 3070 lius
2419 3030 2712 3086 corporeus
2736 3033 2833 3074 suo
2857 3021 3072 3090 corpori
3099 3021 3418 3092 deputavit,
3443 3033 3496 3080 et
3514 3025 3577 3079 ad
3598 3022 3810 3094 passionis

2281 3123 2393 3164 sua:
2423 3111 2744 3166 memoriam
2779 3114 3055 3184 pertinere
3077 3113 3273 3184 jussit,
3310 3118 3459 3174 Patri
3486 3120 3760 3188 incorporeo
3775 3123 3815 3167 et

2281 3215 2310 3254 a
2341 3203 2590 3270 passione
2633 3203 2841 3271 alieno,
2879 3207 2925 3262 si
2956 3222 2985 3262 a
3017 3204 3154 3264 Filio
3198 3222 3489 3281 separatus
3535 3211 3710 3274 fuerit,
3734 3220 3812 3261 non

2282 3293 2484 3364 poterit
2525 3292 2794 3364 deputari.
2827 3294 2885 3352 Si
2931 3311 3060 3368 ergo
3095 3296 3259 3355 offers
3307 3299 3453 3356 Patri
3501 3308 3555 3355 et
3593 3299 3740 3361 Filio,
3775 3295 3812 3347 in

2281 3386 2492 3442 unitate
2521 3385 2750 3443 Deitatis
2775 3385 2940 3444 offers
2974 3390 3044 3444 ei.
3079 3389 3232 3446 Tunc
3258 3392 3578 3464 mysterium
3622 3386 3814 3459 corporis

2280 3478 2448 3534 etiam
2474 3479 2655 3536 Patris
2693 3492 3037 3538 sacramenta
3067 3485 3406 3557 suscipient,
3437 3486 3520 3542 vel
3545 3494 3660 3541 tunc
3682 3482 3814 3537 oratio

2281 3572 2563 3628 Dominica
2600 3583 2749 3630 recte
2775 3575 2829 3630 in
2857 3575 2956 3631 lilii
3001 3577 3280 3634 oblatione
3328 3579 3543 3635 dicitur.
3577 3577 3813 3648 Separatus

2283 3672 2465 3720 autem
2513 3663 2677 3722 Pater
2711 3683 2740 3722 a
2785 3667 2927 3725 Filio
2955 3668 3318 3729 offerentibus
3345 3672 3448 3729 sibi
3475 3676 3812 3728 sacramentum

2281 3759 2528 3828 corporis
2564 3776 2674 3817 non
2725 3764 2928 3834 poterit
2964 3765 3226 3821 exhibere
3267 3767 3416 3838 quod
3459 3783 3561 3824 non
3588 3766 3815 3822 habet:et

2283 3850 2489 3906 divisus
2527 3866 2560 3906 a
2604 3852 2767 3909 Patre
2801 3853 2974 3911 Filius
3004 3855 3059 3911 in
3087 3856 3371 3914 oblatione
3401 3874 3498 3915 sua
3524 3846 3616 3931 per
3653 3853 3810 3912 oratio-

2282 3956 2408 3997 nem
2453 3942 2832 4011 Dominicam,
2862 3947 3007 4016 quod
3050 3947 3104 4002 in
3148 3948 3267 4019 ipso
3317 3965 3424 4005 non
3472 3957 3550 4005 est
3577 3949 3815 4015 incongrue

2285 4034 2462 4091 Patris
2501 4052 2699 4094 nomen
2727 4038 2980 4110 accipiet.
3010 4039 3386 4097 Confiteamur
3419 4058 3545 4114 ergo
3576 4041 3758 4096 Patrem
3777 4040 3815 4086 et

2281 4126 2482 4181 Filium
2513 4145 2678 4183 unum
2704 4144 2825 4184 esse
2870 4130 3073 4197 Deum,
3103 4140 3159 4186 et
3183 4133 3349 4190 unius
3377 4148 3495 4190 esse
3519 4127 3812 4193 substantia.

2284 4229 2339 4274 et
2381 4219 2560 4275 Patris
2606 4223 2910 4292 paternitas
2937 4239 3059 4279 cum
3092 4224 3215 4280 Filii
3245 4226 3450 4284 deitate
3476 4243 3531 4283 se
3565 4225 3754 4295 jungat.
3777 4226 3816 4272 et

2283 4325 2599 4370 consecrata
2639 4315 2763 4371 Filii
2791 4332 2922 4372 caro
2953 4331 3077 4372 cum
3123 4317 3305 4374 Patris
3338 4335 3552 4391 semper
3579 4319 3750 4374 deitate
3773 4325 3815 4365 se

2282 4406 2530 4472 misceat,
2554 4415 2608 4462 et
2632 4415 2761 4462 tunc
2775 4406 2888 4476 jam
2918 4409 3011 4478 qui
3033 4416 3215 4480 potest
3237 4410 3319 4467 sic
3341 4412 3394 4467 in
3417 4427 3576 4468 unum
3597 4417 3817 4467 connexus

2281 4499 2537 4570 mysticas
2565 4498 2771 4557 formas
2799 4517 2828 4556 a
2858 4501 3077 4557 deitatis
3102 4503 3316 4560 unitate
3344 4504 3598 4562 dissolvat
3617 4545 3631 4570 ,
3649 4511 3754 4558 cum
3777 4498 3814 4551 in

592 4607 720 4660 lium
763 4605 916 4675 ejus;
947 4615 1008 4660 ut
1036 4614 1258 4676 propter
1296 4607 1557 4661 unitatem
1587 4603 1804 4659 deitatis
1851 4603 1931 4658 sic
1975 4614 2118 4659 esset
2151 4617 2180 4658 a
2207 4639 2261 4698 Β
2285 4607 2394 4647 ιιηο
2421 4593 2722 4660 εεετίίὶοίο,
2773 4604 2828 4650 el
2866 4595 3028 4651 Ρειῑθι·
3077 4596 3131 4651 in
3179 4613 3238 4654 se
3281 4606 3446 4654 totam
3491 4597 3606 4654 Filii
3639 4604 3815 4651 carnem

592 4701 754 4755 Patre
778 4699 831 4754 in
857 4698 1112 4774 Symbolo
1138 4705 1444 4769 separatus,
1471 4707 1530 4752 ut
1560 4704 1707 4753 esset
1742 4697 1937 4752 iterum
1969 4697 2019 4751 in
2053 4711 2181 4752 ora-

595 4793 738 4847 tione
786 4789 1128 4859 conjunctus,
1176 4799 1445 4862 quatenus
1496 4791 1612 4846 haec
1645 4798 1876 4861 utraque
1926 4789 2183 4862 mysteria

594 4885 839 4958 Symboli
863 4893 918 4940 et
940 4884 1223 4951 orationis,
1246 4893 1302 4939 et
1325 4883 1646 4940 Trinitatem
1680 4883 1736 4938 in
1765 4884 1973 4939 unitate
2005 4890 2183 4939 osten-

593 4979 800 5042 ilercnt,
823 4986 877 5033 et
903 4978 1097 5032 iterum
1126 4978 1388 5032 unitatem
1412 4976 1468 5031 in
1494 4975 1760 5032 Trinitate
1790 4983 2176 5032 monstrarent.

592 5070 708 5126 Non
740 5085 869 5142 ergo
899 5085 958 5126 se
988 5071 1040 5125 in
1085 5069 1330 5125 oratione
1358 5068 1721 5138 praetermisit,
1761 5067 1857 5124 sed
1902 5068 1956 5122 in
2003 5067 2181 5122 Patris

592 5165 800 5219 unitate
829 5164 1128 5240 conjunxit.
1163 5161 1315 5218 Sicut
1339 5177 1487 5234 ergo,
1527 5177 1651 5217 cum
1695 5160 1844 5216 Patri
1888 5159 2072 5225 oil‘ers,
2123 5159 2180 5214 in

591 5257 865 5312 oblatione
909 5255 1029 5310 Filii
1075 5270 1271 5326 corpus
1301 5254 1560 5319 associas,
1590 5254 1670 5310 sic
1701 5261 1757 5309 et
1795 5255 1850 5308 in
1898 5252 2178 5308 Dominica

591 5351 858 5415 oratione,
891 5358 1134 5405 mutuata
1164 5348 1408 5421 mysterii
1435 5347 1573 5410 vice,
1609 5361 1733 5402 cum
1756 5345 1970 5400 Patrem
1997 5361 2175 5416 rogas,

591 5443 715 5499 Filii
748 5457 963 5514 quoque
995 5456 1192 5496 nomen
1221 5439 1498 5511 imploras.
1542 5437 1611 5493 Et
1636 5445 1697 5492 ut
1733 5437 1907 5493 adhuc
1939 5437 2178 5505 apertius

595 5535 883 5606 intelligas,
914 5534 1038 5603 quia
1069 5533 1121 5588 in
1153 5532 1313 5588 Patre
1341 5539 1399 5587 et
1441 5546 1501 5586 se
1547 5538 1676 5586 tunc
1712 5527 1858 5584 orari
1881 5525 2066 5597 jussit,
2098 5526 2179 5580 di-

594 5625 825 5696 ligenter
852 5625 1133 5695 sequentia
1165 5609 1525 5694 perscrutare.
1568 5621 1626 5676 In
1671 5620 1840 5692 ipsius
1881 5619 2025 5674 enim
2054 5633 2183 5673 ora-

598 5717 761 5772 tionis
787 5717 1054 5788 principio
1080 5715 1296 5772 Patrem
1349 5724 1555 5770 tantum
1610 5715 1852 5769 invocari
1902 5713 2180 5785 praecepit,

598 5818 652 5863 el
682 5807 905 5863 inferius
933 5809 1083 5874 dicit,
1109 5807 1361 5862 Adveniat
1395 5823 1609 5877 regnum
1649 5815 1794 5860 tuum
1825 5804 1978 5878 (Luc.
2006 5820 2077 5868 χι,
2099 5804 2178 5875 2),

601 5917 724 5958 cum
754 5902 941 5976 utique
974 5917 1080 5958 non
1110 5901 1289 5980 Patris
1319 5901 1416 5958 sed
1455 5898 1578 5985 ilii
1607 5907 1954 5985 exspectetur
1979 5899 2182 5964 adven-

2285 4687 2549 4756 suscepit,
2582 4695 2637 4742 et
2661 4687 2831 4743 Filius
2860 4689 2915 4743 in
2941 4703 3000 4744 se
3038 4697 3212 4745 totum
3264 4690 3444 4746 Patris
3492 4703 3671 4745 nomen
3698 4695 3841 4749 assur

2284 4779 2402 4832 mit.
2437 4797 2456 4830 ι
2488 4777 2554 4833 Et
2582 4778 2711 4834 item
2743 4780 2814 4836 ibi
2845 4800 2857 4834 :
2901 4801 2920 4833 ι
2964 4780 3116 4838 Unus
3151 4784 3372 4854 quidem
3413 4798 3623 4840 carnem
3650 4781 3812 4850 portat.

2283 4869 2379 4923 sed
2405 4882 2534 4924 caro
2564 4869 2810 4927 indivisa:
2855 4872 3077 4930 deitatis
3107 4876 3370 4947 mysterio
3405 4880 3746 4931 consecratur.
3768 4865 3816 4918 Εἰ

2284 4960 2405 5016 ideo
2428 4976 2557 5016 caro
2585 4962 2637 5017 in
2664 4961 2842 5020 Patris
2875 4973 2933 5020 et
2960 4965 3085 5021 Filii
3116 4976 3460 5049 sacramento
3487 4962 3813 5030 transmigral.

2284 5062 2338 5107 et
2363 5056 2703 5111 consecratio
2729 5057 2817 5112 vel
2862 5059 3284 5115 communicatio
3312 5059 3553 5130 corporis
3589 5059 3715 5113 hunc
3737 5051 3812 5106 bo-

2283 5161 2471 5202 norem
2502 5146 2648 5204 Patri
2677 5149 2890 5206 confert
2918 5165 3083 5222 quem
3111 5160 3336 5223 przestat
3359 5163 3414 5208 et
3435 5151 3568 5207 Filio
3592 5168 3604 5204 :
3628 5157 3675 5204 et
3705 5144 3812 5200 sicut

2284 5239 2509 5296 offertur
2536 5240 2675 5296 Filio
2694 5282 2709 5308 ,
2741 5241 2821 5297 sic
2845 5239 3073 5299 offertur
3108 5251 3165 5299 et
3196 5244 3379 5311 Patri,
3409 5253 3464 5301 et
3490 5238 3712 5299 offerenti
3749 5229 3812 5288 vel

2284 5336 2708 5392 communicanti
2764 5336 2831 5390 ad
2883 5337 3095 5405 altare,
3144 5338 3200 5394 in
3249 5353 3355 5392 una
3395 5337 3675 5406 eademque
3696 5325 3812 5385 obla-

2285 5431 2460 5498 tione,
2500 5432 2643 5502 quod
2672 5439 2897 5502 praestat
2939 5431 3141 5496 Filius,
3189 5433 3290 5488 hoc
3319 5437 3540 5500 praestat
3580 5435 3630 5482 et
3669 5424 3807 5478 Paler-

2286 5521 2422 5578 Nam
2455 5523 2500 5578 si
2529 5523 2727 5578 Filium
2775 5539 2806 5578 a
2852 5522 3014 5578 Patre
3061 5537 3313 5593 separas,
3345 5536 3474 5592 ergo
3502 5516 3636 5574 Patri
3666 5513 3809 5567 incor-

2285 5629 2453 5684 porco
2480 5630 2660 5686 neque
2683 5613 2879 5682 offers,
2901 5629 3079 5686 neque
3103 5613 3468 5671 communicas
3490 5652 3505 5678 ,
3534 5609 3649 5680 quia
3673 5599 3808 5659 omnis

2286 5707 2487 5763 oblatio
2517 5707 2570 5762 in
2618 5708 2862 5778 corporis
2910 5717 3252 5763 sacramenta
3308 5703 3659 5772 transmigrat.
3705 5691 3806 5792 ρξιηι

2286 5803 2433 5858 enim
2477 5801 2696 5868 dicitur,
2746 5800 2863 5856 Hoc
2907 5811 2982 5856 est
3013 5817 3204 5872 corpus
3237 5814 3444 5863 meum,
3473 5796 3622 5851 Pater
3646 5785 3721 5857 qui
3743 5785 3808 5834 in-

2288 5912 2586 5972 corporeus
2611 5906 2698 5954 est
2719 5896 2764 5954 si
2787 5904 3075 5980 separetur
3099 5912 3129 5953 a
3151 5896 3329 5972 Filio,
3353 5900 3505 5964 extra
3529 5881 3812 5951 εεθῐαωθηιέι
