4026 6340
217 396 324 453 609

1258 396 1348 453 DE
1389 395 1530 454 UNA
1565 395 1656 453 ET
1694 393 1835 454 NON
1870 365 2089 453 riuus
2129 396 2450 455 DEI'I'ATE.

3393 403 3503 460 €i0

215 507 400 564 Patris
427 506 608 563 omnis
631 515 917 578 separatur
938 505 1163 564 oblatio.
1190 506 1328 564 Nam
1356 509 1630 581 quomodo
1655 510 1814 576 dicis,
1844 513 1896 574 Α
1923 511 2135 568 ostendi
2163 513 2292 579 tibi,
2324 528 2422 583 per
2455 511 2670 570 Patrem
2695 519 2751 570 et
2777 513 2974 571 Filium
3005 523 3060 572 et
3083 514 3342 588 Spiritum
3379 536 3505 576 san-

214 616 338 657 cum
389 600 534 656 Patri
564 598 756 664 offers,
796 598 913 654 Hoc
958 609 1033 654 est
1080 615 1269 671 corpus
1302 617 1510 668 meum,
1544 602 1592 659 si
1632 602 1811 659 Patris

212 692 398 748 deitas
425 692 750 763 incorporea
776 707 883 748 non
917 693 1082 748 habet
1128 693 1183 748 in
1226 692 1351 750 Filii
1377 709 1605 766 corpore
1636 694 1811 751 socie-

209 788 421 842 tatem?
465 786 523 842 Si
553 795 734 843 autem
761 787 942 845 Patris
971 788 1289 860 incorporea
1333 790 1510 847 deitas
1535 807 1658 848 cum
1686 792 1809 848 Filii

212 892 486 948 corporea
511 879 713 934 deitate
741 880 1022 947 miscetur,
1051 882 1191 937 sicut
1217 890 1300 938 est
1321 883 1527 938 veritas
1546 883 1808 955 mysterii,

206 968 437 1026 Patrem
467 978 524 1027 et
548 970 743 1027 Filium
769 971 870 1027 sub
897 973 1190 1030 indiscreta
1221 973 1421 1030 deitate
1448 991 1612 1030 unum
1642 976 1808 1032 Deum

205 1075 336 1118 esse
370 1064 620 1132 testaris,
646 1063 773 1136 quia
803 1081 929 1121 cum
959 1064 1123 1123 oﬁ‘ers
1149 1067 1476 1124 oblationem
1501 1083 1607 1124 non
1639 1069 1806 1136 dicis,

205 1153 398 1212 Oﬁ‘ero
423 1153 588 1229 54.6
619 1157 802 1224 vobis,
853 1156 984 1224 sed,
1015 1157 1184 1215 oﬁero
1227 1159 1358 1226 tibi,
1406 1169 1463 1216 et
1507 1161 1588 1216 sic
1629 1162 1810 1218 omnis

203 1249 418 1304 oblatio
440 1248 588 1304 Patri
615 1251 834 1320 quidem
856 1259 912 1306 et
934 1250 1073 1308 Filio
1095 1251 1342 1318 oﬁertur,
1366 1253 1460 1309 sed
1482 1254 1584 1308 sub
1604 1255 1809 1309 utrius-

202 1355 317 1411 que
344 1339 564 1395 nomine
612 1339 709 1394 uni
751 1340 864 1396 Deo
905 1350 1241 1397 monstratur
1268 1343 1468 1400 oblata.
1500 1343 1569 1399 Et
1598 1345 1725 1400 item
1752 1344 1807 1400 in

201 1432 404 1488 eodem
438 1431 706 1488 Sermone
738 1447 754 1487 :
786 1433 950 1490 Pater
980 1435 1157 1502 Deus,
1183 1435 1357 1492 Filius
1383 1437 1547 1504 Deus,
1577 1446 1807 1508 uterque

202 1534 399 1581 tamen
426 1525 544 1580 sine
568 1524 799 1580 duorum
825 1527 1046 1582 deorum
1077 1545 1311 1586 numero
1332 1547 1474 1588 unus
1495 1533 1660 1589 Deus.
1693 1532 1808 1589 Hoc

201 1624 264 1670 et
299 1615 476 1670 David
501 1616 812 1686 patriarcha
858 1621 1153 1675 conlitetur
1191 1622 1381 1678 dicens
1415 1641 1428 1678 :
1462 1623 1608 1680 Deus
1662 1625 1806 1681 Deus

199 1725 378 1774 meus,
413 1710 608 1780 respice
637 1710 691 1764 in
719 1727 800 1766 me
831 1710 1003 1783 (Psal.
1031 1730 1147 1782 χχι,
1171 1715 1259 1786 2);
1291 1724 1346 1772 et
1374 1732 1482 1773 non
1527 1719 1690 1787 dicit,
1720 1735 1807 1775 re.

198 1805 400 1876 spicite
426 1805 481 1860 in
512 1820 599 1860 me
626 1823 640 1860 :
667 1815 724 1862 et
748 1806 945 1863 iterum
974 1809 1106 1866 dicit
1132 1827 1144 1865 :
1174 1812 1316 1867 Deus
1353 1813 1494 1867 Deus
1520 1831 1699 1881 meus,
1731 1815 1802 1869 ad

1914 612 2094 673 ctum,
2142 605 2197 661 in
2241 607 2443 662 deitate
2482 607 2762 664 Trinitatis
2813 624 2980 664 unum
3029 607 3235 678 Deum,
3265 619 3326 666 ut
3358 612 3501 668 sicut

1911 710 2012 768 per
2072 696 2405 768 designatum
2479 697 2756 770 Evangelii
2810 698 3039 755 formam
3111 699 3166 756 in
3234 717 3342 758 una
3415 703 3503 758 via

1912 804 2010 860 per
2032 790 2259 861 aequalia
2292 789 2457 845 trium
2485 790 2714 846 millium
2743 793 2949 862 spatia,
2979 807 3088 848 non
3130 793 3233 848 tria
3271 791 3467 851 itinera
3486 835 3503 863 ,

1912 882 2006 937 sed
2037 897 2200 936 unum
2227 882 2331 937 iter
2371 883 2615 949 ostendi,
2643 883 2723 939 sic
2747 893 2802 939 et
2829 892 2887 939 tu
2913 893 3130 941 secutus
3154 885 3301 942 hunc
3323 887 3501 943 Evan-

1911 972 2139 1043 gelicum
2171 975 2444 1030 tramitem
2463 1016 2477 1041 ,
2508 991 2615 1033 non
2641 984 2752 1032 tres
2776 975 2908 1033 deos
2926 1018 2941 1044 ,
2977 978 3073 1034 sed
3095 995 3260 1034 unum
3287 995 3505 1052 semper

1911 1061 2082 1118 Deum
2112 1065 2168 1119 in
2199 1063 2467 1123 Trinitate
2495 1067 2714 1124 deitatis
2760 1067 3059 1140 intelligas,
3089 1079 3150 1126 ut
3178 1086 3302 1126 eum
3351 1072 3504 1128 obla-

1920 1153 2126 1209 tionem
2153 1156 2414 1225 mysterio
2458 1156 2739 1214 Trinitatis
2779 1157 2975 1226 oﬁ'ers,
3009 1175 3116 1216 non
3163 1162 3336 1218 tribus
3364 1163 3503 1231 diis,

1911 1243 2007 1299 sed
2051 1244 2146 1300 uni
2201 1246 2314 1302 Deo
2368 1245 2566 1304 oﬁ'eras
2618 1266 2632 1302 :
2681 1249 2810 1319 quia
2857 1249 3186 1320 ubicumque
3229 1252 3286 1306 in
3345 1251 3498 1308 Scri-

1909 1337 2090 1407 pluris
2130 1338 2331 1395 divinis
2373 1341 2527 1397 audis
2573 1340 2795 1398 Patrem
2824 1341 2993 1398 Deum
3013 1383 3028 1410 ,
3060 1343 3263 1399 Filium
3291 1345 3461 1400 Deum
3487 1384 3505 1414 ,

1909 1428 2070 1502 547
2102 1429 2366 1501 Spiritum
2397 1442 2648 1490 sanctum
2674 1434 2867 1501 Deum,
2913 1444 2969 1492 et
3011 1444 3193 1493 tamen
3236 1454 3504 1510 nusquam

1909 1529 2022 1576 tres
2049 1523 2196 1588 deos,
2241 1524 2338 1580 sed
2374 1540 2590 1598 semper
2619 1543 2784 1583 unum
2815 1528 2985 1584 Deum
3029 1529 3183 1602 legis,
3214 1541 3269 1586 et
3293 1547 3508 1603 semper

1909 1613 2006 1669 tibi
2035 1631 2175 1671 unus
2197 1615 2339 1688 Deus
2365 1620 2735 1676 annuntiatur.
2767 1620 2962 1678 Retine
2987 1637 3118 1696 ergo
3148 1639 3363 1696 semper
3388 1627 3507 1682 haec

1907 1705 2082 1778 signa,
2127 1723 2247 1778 quae
2283 1709 2382 1765 tibi
2419 1712 2806 1779 demonstravi,
2849 1715 2972 1786 quia
3013 1729 3112 1772 nec
3138 1715 3288 1772 Patri
3324 1718 3504 1787 possis

1905 1797 2104 1855 oﬁ‘erre
2149 1800 2268 1857 sine
2295 1801 2454 1870 Filio,
2498 1819 2675 1874 neque
2716 1805 2854 1862 Filio
2889 1807 3008 1862 sine
3051 1807 3404 1880 Patrezquia
3457 1810 3507 1867 si

199 1905 252 1948 ιε
289 1895 356 1949 de
379 1893 493 1950 ιησε
523 1895 680 1966 vigilo
707 1895 887 1969 (Ρεαι,
921 1915 1055 1967 Lm,
1091 1901 1177 1972 2);
1211 1911 1266 1958 ει
1290 1918 1398 1958 non
1425 1904 1587 1970 dicit,
1612 1904 1681 1960 ad
1710 1921 1809 1961 vos
1838 1889 1885 1950 Β
1915 1898 2126 1946 tantum
2147 1891 2295 1947 Patri
2332 1893 2652 1964 incorporeo
2686 1896 3017 1953 oblationem
3051 1898 3237 1966 oﬁ'ers,
3265 1899 3502 1956 oblatio-

198 1986 269 2041 de
299 1985 422 2042 luce
451 1986 640 2058 vigilo.
684 1987 815 2056 Quae
839 1991 1115 2048 confessio
1143 1993 1318 2050 David
1347 1995 1562 2051 Domini
1591 2011 1807 2068 quoque

197 2078 562 2148 responsione
600 2079 873 2148 ﬁrmatur,
898 2097 1019 2138 cum
1049 2087 1332 2155 respondit
1351 2088 1529 2142 oranti
1552 2095 1607 2143 et
1638 2088 1806 2156 dicit,

196 2165 349 2222 Deus
372 2167 514 2224 Deus
538 2179 658 2226 tuus
685 2189 777 2243 ego
799 2191 918 2229 sum
944 2174 1120 2245 (Psal.
1144 2193 1271 2232 χιιι
1291 2219 1305 2245 ,
1335 2179 1388 2250 7)
1411 2220 1426 2245 ,
1453 2188 1509 2235 et
1539 2196 1646 2236 non
1675 2181 1810 2237 dicit

195 2274 408 2314 sumus.
449 2261 517 2316 Et
559 2262 758 2320 iterum
804 2265 975 2322 David
1010 2269 1142 2325 dicit
1175 2287 1188 2324 :
1220 2269 1299 2325 Tu
1341 2288 1395 2328 es
1440 2272 1582 2328 Deus
1629 2273 1804 2343 solus,

193 2352 291 2421 qui
333 2351 469 2421 facis
513 2355 779 2422 mirabilia
832 2357 1006 2429 (Psal.
1067 2378 1271 2430 Lxxxv,
1329 2364 1442 2436 10).
1471 2366 1639 2423 Deum
1678 2383 1808 2440 ergo

194 2449 257 2496 et
309 2444 482 2500 Deum
546 2450 812 2519 propheta
873 2453 1164 2511 nominans
1223 2455 1442 2513 Patrem
1494 2467 1552 2515 et
1607 2460 1806 2517 Filium

195 2536 520 2607 conﬁtetur,
565 2556 690 2598 cum
734 2543 934 2601 iterum
986 2547 1157 2603 dicit:
1199 2547 1276 2604 Tu
1318 2568 1372 2606 es
1431 2552 1575 2608 Deus
1627 2553 1802 2623 solus,

194 2638 467 2704 utrosque
522 2633 579 2690 in
622 2652 727 2691 una
769 2637 971 2696 deitate
1019 2643 1420 2712 complectitur,
1483 2647 1623 2702 sicut
1661 2649 1805 2705 Deus

196 2732 257 2778 et
333 2724 514 2795 Deus,
587 2729 706 2785 sine
773 2729 1003 2787 duorum
1066 2734 1289 2792 deorum
1341 2753 1599 2806 numero,
1660 2756 1806 2796 nunc

197 2822 439 2885 uterque
504 2816 560 2872 in
625 2818 831 2876 unitate
875 2822 1241 2896 conjungitur.
1315 2825 1471 2884 Sicut
1521 2844 1650 2903 ergo
1701 2832 1804 2886 Da-

199 2907 295 2962 vid
346 2907 403 2962 in
445 2909 692 2968 oratione
741 2928 839 2969 sua
886 2923 1148 2987 utrosque
1189 2919 1469 2987 nominat,
1525 2931 1582 2978 et
1636 2940 1803 2980 unum

200 3006 394 3056 tamen
419 3010 540 3057 orat
558 3043 574 3070 ,
605 3004 684 3060 sic
710 3016 766 3060 et
795 3014 850 3061 tu
878 3022 1002 3063 cum
1043 3008 1265 3067 Patrem
1310 3021 1365 3070 et
1394 3014 1594 3070 Filium
1622 3018 1802 3072 nomi-

199 3107 343 3159 nas,
386 3093 445 3148 in
493 3095 738 3168 utrisque
775 3114 942 3156 unum
990 3101 1162 3158 Deum
1205 3112 1260 3160 et
1311 3121 1478 3160 unum
1511 3108 1800 3164 Dominum

204 3183 488 3240 conﬁtere.
533 3203 554 3239 t
587 3185 657 3242 Et
702 3187 832 3244 item
882 3190 935 3245 in
986 3194 1178 3248 eodem
1232 3209 1503 3268 sermone.
1539 3216 1558 3248 ι
1595 3186 1818 3270 Legisti

1910 1999 2037 2040 nem
2073 1985 2126 2039 in
2168 1987 2413 2057 corporis
2453 1998 2792 2045 sacramenta
2826 2006 2934 2047 non
2962 1992 3188 2064 redigis,
3215 2008 3324 2049 non
3351 2002 3507 2065 potes

1912 2077 2130 2144 dicere,
2185 2077 2368 2134 Pridie
2429 2097 2587 2152 quant
2637 2091 2904 2153 pateretur
2967 2083 3200 2141 formam
3250 2085 3506 2142 sacriﬁcii

1910 2166 2165 2236 instituit,
2190 2185 2290 2227 nec
2311 2180 2467 2243 potes
2493 2173 2701 2229 dicere:
2730 2173 2848 2231 Hoc
2859 2186 2932 2231 est
2949 2192 3136 2249 corpus
3157 2195 3352 2246 meum,
3376 2180 3505 2251 quia

1908 2258 2073 2318 Pater
2109 2277 2286 2333 neque
2334 2280 2532 2336 corpus
2575 2265 2780 2335 habuit,
2833 2284 3010 2340 neque
3052 2285 3250 2340 passus
3284 2281 3411 2327 est:
3449 2283 3506 2328 et

1910 2351 2128 2420 iterum,
2161 2355 2205 2410 si
2237 2355 2375 2412 Filio
2403 2357 2519 2413 sine
2545 2357 2710 2415 Patre
2742 2358 2963 2428 oﬁ‘eras,
2991 2364 3294 2419 orationem
3323 2363 3507 2420 Domi-

1910 2445 2093 2502 nicam
2133 2449 2202 2504 ad
2233 2451 2694 2520 complementum
2731 2453 2961 2524 perfecti
2997 2455 3299 2512 holocausti
3325 2458 3505 2513 dicere

1909 2553 2018 2596 non
2055 2549 2241 2612 potes,
2286 2544 2414 2614 quia
2457 2545 2514 2600 in
2554 2546 2804 2602 oratione
2842 2546 2965 2602 Filii
3008 2550 3246 2618 separati
3281 2565 3313 2604 a
3344 2547 3506 2604 Patre

1907 2629 2090 2688 Patris
2124 2649 2323 2690 nomen
2367 2652 2477 2692 non
2515 2645 2669 2706 potes
2707 2637 2982 2695 invocare.
3014 2640 3148 2696 Vide
3184 2655 3316 2712 ergo
3340 2657 3504 2712 quam

1909 2726 2046 2783 adeo
2091 2726 2530 2802 inexpugnabilia
2570 2739 2718 2797 sunt,
2753 2739 2810 2788 et
2837 2732 3216 2805 derelinquens
3255 2743 3365 2791 tam
3392 2736 3503 2791 hae-

1909 2816 2141 2873 reticum
2190 2834 2433 2876 errorem
2462 2862 2477 2888 ,
2531 2822 2857 2878 catholicam
2910 2838 3140 2896 sequere
3184 2827 3496 2883 veritatem.

1906 2909 2159 2982 Alioquin
2183 2903 2276 2983 qui
2305 2915 2401 2971 tibi
2423 2914 2569 2972 aliud
2592 2931 2755 2987 quam
2795 2934 2826 2973 a
2849 2933 2937 2974 me
2965 2919 3375 2976 demonstratur
3398 2921 3504 2977 iter

1906 3004 2178 3072 ostendit,
2211 3005 2358 3062 dicat
2391 3008 2486 3064 tibi
2536 3010 2810 3080 quomodo
2856 3011 3240 3080 praetermissis
3279 3012 3364 3069 his
3409 3027 3500 3070 so-

1906 3094 2177 3153 lemnibus
2217 3097 2362 3153 inter
2386 3100 2643 3170 mysteria
2679 3100 2940 3172 loquaris.
2980 3101 3077 3158 Sin
3107 3111 3288 3159 autem
3328 3103 3382 3158 in
3414 3105 3504 3160 de-

1907 3187 2116 3259 signata
2146 3205 2178 3244 a
2201 3204 2290 3245 me
2319 3189 2565 3247 claritate
2596 3191 2816 3250 luminis
2843 3193 3018 3266 caligo
3039 3195 3238 3253 defecit
3269 3197 3496 3262 erroris,

202 3289 339 3345 ergo
360 3274 579 3333 Patrem
604 3277 798 3348 Deum,
826 3281 1022 3338 Filium
1047 3283 1238 3352 Deum,
1265 3286 1527 3357 Spiritum
1550 3299 1798 3345 sanctum

1906 3279 2204 3349 pertinacia
2249 3280 2410 3338 simul
2457 3282 2692 3351 deﬁciat,
2735 3299 2805 3340 ne
2843 3284 2970 3340 dum
3018 3285 3075 3340 in
3127 3302 3316 3343 errore
3350 3287 3495 3343 vinci

205 3369 384 3426 Deum
422 3390 436 3426 :
470 3373 526 3429 iu
571 3374 677 3431 hac
706 3384 888 3434 tamen
944 3379 1166 3437 deitatis
1216 3382 1486 3441 Trinitate
1534 3403 1800 3458 nusquam

201 3461 385 3534 legisti
407 3465 544 3521 duos
567 3467 652 3522 vel
674 3477 786 3524 tres
807 3469 960 3538 deos,
983 3473 1078 3528 sed
1101 3475 1312 3531 multifa
1323 3476 1400 3533 rie
1421 3495 1587 3534 unum
1609 3481 1797 3536 Deum.

202 3553 360 3619 Quod
390 3554 567 3628 legisti
588 3559 748 3615 crede
767 3568 824 3616 et
840 3563 1100 3619 conﬁtere
1125 3583 1137 3619 :
1164 3565 1254 3621 illa
1275 3582 1404 3623 vero
1425 3568 1533 3624 noli
1558 3585 1802 3639 quaerere

200 3653 259 3700 et
283 3661 550 3718 usurpare
599 3663 719 3719 quae
760 3667 866 3706 non
897 3651 1048 3722 legis.
1088 3673 1110 3708 ι
1141 3656 1209 3713 Ει
1237 3657 1366 3713 item
1403 3675 1416 3712 ;
1461 3678 1479 3710 ‹
1518 3660 1677 3716 Visus
1721 3672 1804 3717 est

199 3735 610 3808 AbrahaeiDeus
654 3741 720 3796 ad
749 3742 926 3799 ilicem
959 3744 1233 3814 Mambre,
1276 3765 1400 3804 cum
1429 3751 1645 3807 sederet
1676 3761 1802 3809 ante

199 3831 406 3886 ostium
450 3833 779 3891 tabernaculi
827 3838 911 3893 sui
941 3838 997 3893 in
1036 3840 1215 3896 medio
1243 3841 1365 3907 die,
1413 3851 1467 3896 et
1507 3844 1804 3913 respiciens

199 3924 380 3980 oculis
415 3926 584 3996 vidit,
614 3940 672 3985 et
695 3945 825 3986 ecce
852 3940 962 3988 tres
997 3932 1101 3988 viri
1130 3933 1345 3990 stabant
1377 3951 1538 4007 super
1567 3953 1724 4004 eum;
1750 3949 1804 3994 et

199 4033 330 4075 cum
358 4017 582 4077 vidisset
602 4037 713 4089 eos,
743 4023 986 4082 occurrit
1009 4026 1226 4082 obviam
1249 4027 1374 4095 illis,
1402 4038 1457 4084 et
1481 4029 1727 4085 adoravit
1750 4040 1805 4086 et

201 4116 346 4171 dixit
377 4134 391 4170 :
426 4115 682 4186 Domine,
714 4120 761 4175 si
787 4121 958 4176 inveni
989 4123 1219 4193 gratiam
1259 4125 1316 4178 in
1365 4135 1645 4194 conspectu
1675 4135 1764 4180 tuo
1787 4167 1801 4192 ,

203 4208 317 4264 noli
353 4211 583 4266 transire
620 4228 839 4282 puerum
869 4221 1019 4267 tuum
1064 4211 1220 4286 (Gen.
1265 4231 1436 4283 XVIII,
1487 4216 1561 4286 1).
1595 4217 1805 4272 Dicitur

202 4319 369 4376 ergo,
406 4305 651 4376 apparuit
679 4305 757 4360 illi
789 4306 960 4374 Deus,
993 4318 1048 4363 et
1087 4308 1142 4363 in
1187 4309 1290 4365 hoc
1320 4325 1429 4366 uno
1474 4310 1800 4381 respiciens,

200 4402 345 4457 vidit
369 4410 483 4457 tres
506 4402 688 4469 viros,
716 4410 773 4458 et
805 4419 928 4459 cum
959 4406 1294 4462 occurrisset
1334 4407 1536 4473 tribus,
1582 4417 1638 4463 et
1676 4409 1805 4465 ado-

133 4472 167 4580 ⁷ξ
205 4504 387 4552 rasset
410 4509 577 4550 unum
602 4495 802 4564 Deum,
833 4498 1043 4570 rogavit
1069 4498 1293 4567 dicens,
1341 4499 1600 4567 Domine,
1641 4504 1687 4556 si
1728 4503 1806 4557 in-

159 4581 166 4587 ’
205 4593 323 4647 ueni
342 4591 574 4663 gratiam
602 4593 656 4645 in
679 4601 958 4662 conspectu
995 4601 1103 4648 tuo.
1135 4593 1306 4650 Nemo
1330 4593 1480 4650 illum
1509 4595 1805 4653 calumnia-

207 4692 295 4740 tus
341 4693 430 4740 est
469 4683 610 4753 quod
659 4683 715 4738 in
766 4684 937 4741 tribus
973 4685 1109 4742 viris
1155 4703 1322 4743 unum
1352 4689 1520 4744 Deum
1549 4698 1602 4745 et
1638 4706 1802 4745 unum

205 4779 502 4836 Dominum
548 4783 828 4839 adorasset
860 4801 873 4837 :
903 4790 958 4838 et
990 4782 1188 4838 iterum
1207 4825 1220 4850 ,
1259 4784 1405 4854 quod
1436 4785 1490 4840 in
1519 4801 1626 4841 uno
1655 4787 1768 4842 Deo
1787 4826 1802 4854 ,

204 4883 264 4927 et
294 4875 348 4928 in
378 4889 489 4928 uno
511 4874 739 4931 Domino
768 4884 883 4932 tres
917 4876 1065 4932 viros
1090 4877 1291 4933 vidisse
1329 4893 1388 4933 se
1431 4878 1654 4934 diceret.
1696 4879 1804 4937 Sed

205 4965 302 5033 qui
332 4964 438 5020 hoc
469 4967 785 5036 mysterium
807 4966 886 5023 sic
903 4982 1010 5023 non
1040 4967 1332 5040 intelligit,
1361 4969 1547 5026 oculos
1569 4969 1803 5027 Abrahae

204 5071 315 5112 non
363 5056 545 5112 habet.
577 5057 795 5125 Quaerat
821 5073 951 5128 ergo
980 5058 1201 5116 caeleste
1247 5060 1564 5132 collyrium,
1611 5071 1666 5118 et
1712 5077 1804 5119 su-

203 5149 535 5221 perinungat
579 5150 768 5208 oculos
816 5167 974 5218 suos,
1009 5161 1069 5208 ut
1122 5163 1329 5210 remota
1378 5155 1606 5227 caligine
1652 5156 1802 5228 igno-

205 5247 439 5313 rantiae,
499 5245 556 5301 in
605 5247 817 5303 unitate
865 5247 1083 5306 deitatis
1148 5249 1467 5320 mysterium
1520 5248 1803 5304 Trinitatis

207 5347 505 5408 agnoscat,
537 5348 593 5395 et
617 5340 674 5396 in
702 5355 812 5396 uno
839 5341 981 5408 Deo,
1013 5341 1154 5397 sicut
1175 5341 1451 5397 Abraham
1472 5381 1488 5407 ,
1519 5348 1632 5396 tres
1654 5339 1804 5396 viros

207 5431 330 5486 sine
357 5431 687 5488 discretione
711 5433 1063 5500 meritorum,
1090 5432 1175 5488 vel
1201 5433 1319 5488 sine
1356 5433 1534 5503 aliqua
1569 5432 1804 5488 diminu-

210 5523 363 5580 tione
393 5526 678 5595 potestatis
694 5527 904 5594 videat,
937 5535 992 5583 et
1023 5537 1376 5600 posteaquam
1413 5527 1586 5584 tribus
1606 5542 1801 5584 occur-

210 5620 382 5686 rerit,
415 5635 520 5676 non
550 5630 690 5692 tres,
720 5623 816 5680 sed
837 5639 1006 5678 unum
1033 5623 1202 5679 Deum
1231 5630 1288 5678 et
1324 5638 1492 5678 unum
1517 5621 1805 5678 Dominum

210 5720 399 5783 roget,
422 5722 479 5768 et
496 5729 595 5784 per
615 5713 778 5785 hujus
800 5715 1083 5772 divisionis
1103 5718 1528 5772 demonstratam
1551 5715 1804 5783 formam,

213 5801 538 5865 Trinitatem
583 5823 800 5879 semper
841 5808 1002 5865 unius
1045 5824 1167 5865 esse
1216 5808 1437 5865 deitatis
1465 5806 1746 5879 intelligat.
1784 5825 1803 5859 ι

206 5879 286 5950 Et
313 5897 447 5954 item
470 5899 540 5956 ibi
563 5917 575 5956 :
597 5919 616 5953 ι
635 5898 842 5971 Adiuro
877 5908 930 5957 te
957 5915 1054 5971 per
1070 5900 1186 5957 haec
1211 5901 1324 5972 ipsa
1348 5915 1469 5971 qum
1497 5897 1808 5971 angariatus

1904 3370 2248 3438 erubescitis,
2296 3373 2714 3442 promissionem
2763 3384 2982 3431 aeterna:
3028 3376 3154 3432 vita:
3203 3377 3270 3432 de
3296 3376 3500 3434 Christi

1905 3461 2136 3516 veritate
2173 3463 2436 3532 perdatis.
2481 3463 2538 3520 Si
2581 3465 2704 3536 quis
2747 3466 2843 3520 tibi
2889 3482 3020 3540 ergo
3065 3467 3283 3534 dixerit,
3334 3467 3499 3524 Pater

1903 3553 2080 3624 major
2135 3556 2312 3625 Deus,
2360 3557 2530 3616 Filius
2587 3561 2767 3617 minor
2795 3559 2955 3628 Deus,
2988 3562 3223 3634 Spiritus
3277 3573 3500 3623 sanctus

1907 3647 2098 3703 tertius
2142 3647 2306 3718 Deus,
2358 3659 2414 3706 et
2465 3652 2520 3706 in
2566 3652 2650 3708 his
2691 3653 2864 3710 tribus
2911 3669 3019 3710 non
3069 3665 3154 3711 est
3208 3671 3315 3712 una
3365 3658 3497 3714 sub-

1905 3743 2137 3808 stantia,
2185 3744 2278 3798 sed
2328 3747 2624 3815 separatim
2669 3747 2725 3802 in
2775 3749 2943 3804 trium
2991 3749 3216 3806 deorum
3268 3766 3498 3808 numero

1904 3835 2021 3888 sine
2081 3834 2298 3890 deitatis
2363 3837 2574 3894 unitate
2635 3839 2999 3896 consistunt:
3052 3843 3319 3912 responde
3369 3843 3498 3910 illis,

1904 3926 2080 3996 primo
2128 3926 2274 3982 illam
2319 3929 2589 3985 rationem
2626 3947 2747 4001 quae
2794 3933 2890 3988 tibi
2940 3935 3183 4005 exposita
3227 3944 3329 4004 est,
3371 3937 3502 4008 quia

1905 4027 2169 4087 separatae
2191 4035 2219 4072 a
2237 4035 2294 4076 se
2318 4020 2468 4076 Trini
2478 4023 2572 4078 tati
2599 4022 2786 4078 oﬁ'erri
2813 4041 2920 4080 non
2942 4035 3143 4096 potest,
3170 4029 3298 4098 quia
3324 4044 3504 4101 neque

1905 4108 2066 4166 Pater
2105 4127 2402 4184 corporeus
2435 4123 2540 4183 est,
2586 4128 2762 4187 neque
2798 4133 2992 4188 passus
3028 4129 3130 4186 est,
3171 4129 3232 4177 et
3265 4121 3499 4178 oblatio-

1905 4217 2029 4256 nem
2058 4201 2113 4256 in
2139 4205 2386 4273 corporis
2411 4205 2494 4260 sui
2520 4217 2864 4264 sacramenta
2890 4210 3135 4282 redigere
3162 4227 3269 4268 non
3295 4221 3499 4283 potest,

1905 4313 2082 4368 neque
2139 4307 2330 4355 testem
2375 4300 2646 4371 passionis
2696 4317 2837 4370 suae,
2881 4305 2976 4374 qui
3012 4320 3120 4361 non
3162 4314 3247 4363 est
3279 4322 3498 4378 passus,

1906 4390 2050 4445 illaut
2095 4393 2430 4449 Domimcam
2478 4410 2693 4473 caenam
2735 4399 2918 4453 facere
2960 4409 3179 4470 potest,
3220 4416 3396 4472 neque
3445 4402 3498 4457 in

1905 4485 2314 4542 consecratione
2342 4489 2587 4558 mysterii
2631 4490 2813 4545 dicere
2860 4499 3058 4562 potest,
3121 4492 3226 4561 Qui
3268 4479 3498 4549 formam

1909 4579 2162 4634 sacriﬁcii
2205 4581 2462 4650 perennis
2508 4581 2764 4639 instituit.
2819 4583 2973 4653 Quod
3016 4587 3161 4642 enim
3190 4585 3356 4642 Pater
3389 4603 3497 4644 non

1832 4644 1884 4706 Β
1909 4669 2165 4739 instituit,
2199 4644 2293 4728 sed
2321 4673 2509 4740 Filius,
2541 4677 2634 4747 qui
2677 4685 2732 4733 et
2770 4692 2968 4750 corpus
2995 4680 3184 4737 habuit
3224 4690 3280 4738 et
3308 4697 3502 4752 passus

1907 4772 2010 4831 est,
2039 4773 2096 4820 et
2117 4765 2348 4822 formam
2380 4767 2614 4824 instituit
2637 4769 2918 4838 sacriﬁcii,
2947 4772 2994 4828 si
3021 4773 3088 4828 de
3116 4773 3278 4829 Patre
3308 4791 3338 4829 a
3363 4774 3500 4830 Filio

1905 4866 2158 4928 separato
2179 4857 2412 4922 dicatur,
2443 4860 2782 4917 mendacium
2813 4871 2915 4930 est,
2945 4871 3007 4918 ut
3029 4864 3173 4935 quod
3197 4863 3360 4920 Pater
3389 4881 3496 4921 non

1907 4949 2046 5005 dixit
2078 4949 2296 5008 Patrem
2337 4953 2540 5009 dixisse
2583 4955 2916 5026 conﬁngant.
2964 4956 3068 5025 Qui
3117 4973 3248 5028 ergo
3288 4957 3498 5013 Patria

1905 5042 2043 5098 Filio
2071 5054 2323 5116 separato
2349 5045 2545 5104 offerre
2569 5051 2705 5118 vult,
2734 5050 2978 5107 relictam
3002 5052 3112 5122 jam
3146 5052 3302 5107 nobis
3328 5053 3497 5108 sacri-

1910 5133 2019 5190 ﬁcii
2049 5134 2303 5204 formam,
2330 5139 2576 5196 relictam
2597 5143 2761 5198 etiam
2786 5143 3084 5200 Ecclesiam
3121 5160 3150 5199 a
3175 5144 3414 5211 Christo,
3442 5155 3500 5201 et

1909 5227 1978 5283 ab
2003 5229 2260 5299 apostolis
2289 5230 2593 5302 fundatam,
2630 5235 2697 5289 ad
2729 5233 3072 5308 Synagogam
3100 5243 3156 5291 et
3182 5237 3249 5292 ad
3281 5235 3480 5307 templa

1909 5322 1979 5378 ad
2012 5323 2210 5380 vitulos
2245 5333 2301 5380 et
2327 5325 2396 5380 ad
2425 5326 2658 5383 arietum
2697 5328 2948 5384 victimas
2987 5329 3204 5396 sedeat,
3247 5329 3372 5400 quia
3407 5343 3497 5385 se-

1907 5427 2064 5488 parat
2102 5434 2132 5474 a
2156 5419 2292 5476 Filio
2317 5420 2534 5476 Patrem
2583 5421 2638 5476 in
2678 5421 2858 5477 Patris
2893 5420 3165 5478 oblatione
3201 5421 3500 5480 sacriﬁcio-

1907 5527 2030 5567 rum
2065 5528 2098 5568 a
2120 5512 2260 5568 Filio
2297 5513 2563 5578 instituta,
2594 5529 2703 5569 non
2725 5512 2924 5586 jungit.
2963 5513 3022 5569 Si
3052 5523 3232 5570 autem
3262 5513 3414 5568 Patri
3441 5521 3498 5570 et

1908 5607 2046 5664 Filio
2084 5607 2245 5663 simul
2286 5606 2464 5673 offert,
2499 5607 2716 5663 Patrem
2750 5615 2806 5663 et
2832 5605 3030 5662 Filium
3074 5621 3106 5663 a
3133 5606 3353 5663 deitatis
3379 5608 3500 5663 uni-

1908 5712 2024 5758 tate
2052 5717 2158 5758 non
2187 5709 2422 5772 separet.
2460 5699 2518 5756 Si
2549 5699 2750 5756 dixerit
2775 5715 2905 5770 ergo
2931 5704 3068 5758 duos
3097 5702 3248 5768 deos,
3275 5701 3403 5758 licet
3430 5703 3498 5757 ad

1907 5796 2292 5856 verecundiam
2320 5795 2491 5866 ipsius
2520 5792 2766 5850 sufﬁcere
2789 5795 2986 5850 debeat
3011 5796 3219 5851 reddita
3245 5795 3498 5851 sacriﬁcii

1912 5892 2055 5949 ratio
2079 5909 2092 5946 :
2116 5898 2296 5947 tamen
2327 5903 2693 5946 commemora
2712 5887 2863 5961 illum
2876 5887 3003 5959 quia
3020 5887 3310 5960 Apostolus
3331 5888 3464 5943 dixit
3483 5903 3494 5917 -
