4026 6340
533 388 629 445 6H

1485 378 1817 439 HINCMABI
1854 378 2254 439 RHEMENSIS
2288 376 2817 437 ARCHIEPISCOPI

3702 378 3806 435 612

534 520 667 560 απυδ
694 501 830 556 Deus
860 497 1006 572 (Gal.
1030 513 1115 564 iu,
1138 495 1254 568 30),
1284 505 1340 553 et
1364 496 1453 552 lex
1482 497 1551 551 ad
1570 496 1791 569 Moysen
1815 496 1939 551 data
1967 495 2117 560 dicit,
2147 500 2193 563 Α
2226 505 2332 551 tem
2369 495 2702 551 sutlicienter
2737 493 3029 565 aliquando
3055 491 3391 558 nominatur,
3421 491 3506 548 vel
3530 491 3695 548 Pater
3723 510 3784 548 so

535 594 787 650 Dominus
813 591 955 646 Deus
993 600 1113 645 tuus
1136 589 1278 644 Deus
1320 604 1458 643 unus
1503 597 1579 642 est
1610 587 1789 659 (Deut.
1817 601 1893 650 vr,
1927 584 1984 657 4)
2012 602 2026 638 :
2061 594 2120 640 et

533 686 622 742 ille
659 682 1039 754 hlasphemans
1080 680 1213 737 dicit
1248 677 1384 734 duos
1416 678 1501 734 vel
1534 686 1646 734 tres
1671 679 1801 733 deos
1839 678 1958 733 sine
1998 676 2119 731 uni-

534 788 645 835 tate
672 776 909 834 deitatis.
954 773 1108 842 Quod
1135 772 1183 828 si
1221 773 1401 828 adhuc
1439 773 1519 827 sic
1557 771 1747 827 dividit
1772 769 2116 835 Trinitatem,

534 881 593 927 ut
626 870 680 926 ia
711 884 875 924 unum
915 882 1025 922 non
1060 867 1291 922 resociet
1325 866 1641 937 mysterium
1679 863 1982 930 Trinitatis,
2016 862 2120 918 sal-

534 970 640 1018 tem
663 961 733 1017 ad
747 958 986 1032 Symboli
1011 960 1279 1015 rationem
1308 958 1492 1013 redeat
1513 958 1604 1013 ubi
1630 957 1848 1021 dicitur,
1863 955 2038 1011 Credo
2066 956 2119 1010 in

531 1055 701 1110 Deum
732 1053 949 1110 Patrem
979 1052 1427 1123 omnipotentem,
1464 1059 1517 1105 et
1546 1050 1600 1106 in
1631 1049 1909 1107 Christum
1933 1047 2118 1105 Jcsum

531 1148 729 1205 Filium
778 1147 913 1218 ejus,
947 1147 1041 1216 qui
1071 1155 1233 1202 natus
1259 1153 1345 1201 est
1370 1144 1440 1201 de
1467 1143 1672 1215 Spiritu
1696 1152 1905 1199 sancto.
1937 1142 2120 1198 Primo

530 1238 735 1296 Christi
778 1239 994 1294 Patrem
1026 1237 1194 1292 Deum
1236 1235 1663 1306 omnipotentem
1708 1248 1833 1290 esse
1871 1232 2118 1297 testaris;

531 1331 725 1387 deinde
789 1337 981 1384 natum
1018 1327 1297 1384 Christum
1339 1327 1407 1382 de
1456 1325 1666 1396 Spiritu
1722 1331 1915 1379 sancto
1961 1322 2117 1377 dicis.

533 1422 699 1496 558
726 1421 784 1479 Si
810 1437 940 1494 ergo
965 1436 1189 1493 separes
1212 1420 1563 1487 Trinitatem,
1591 1418 1865 1476 Christum
1891 1418 2121 1473 duorum

534 1528 748 1590 patrum
778 1517 949 1575 filium
981 1517 1184 1584 reddis,
1218 1528 1279 1573 ut
1305 1517 1373 1574 de
1398 1516 1562 1572 Patre
1585 1516 1953 1586 omnipotente
1978 1523 2035 1569 et
2056 1514 2126 1569 de

534 1609 740 1682 Spiritu
781 1618 971 1667 sancto
1007 1619 1170 1666 natus
1208 1625 1331 1666 esse
1366 1610 1597 1667 dicatur.
1636 1608 1813 1680 Junge
1840 1622 1971 1679 ergo
2000 1622 2125 1662 cum

533 1703 696 1760 Patre
718 1702 982 1773 Spiritum
1034 1711 1303 1769 sanctum,
1348 1711 1409 1758 ut
1452 1711 1600 1759 recte
1636 1702 1814 1774 possis
1847 1700 2125 1756 Christum

528 1795 893 1854 unius'Patris
914 1794 1109 1851 Filium
1134 1795 1381 1852 conﬁteri
1405 1813 1418 1849 :
1446 1803 1503 1851 et
1529 1810 1653 1851 cum
1677 1808 1777 1865 per
1804 1795 1943 1850 hanc
1966 1792 2124 1864 Sym-

2222 588 2333 654 lus,
2369 588 2455 643 vel
2478 587 2648 644 Filius
2694 587 2862 653 solus,
2896 584 3287 657 adimpleturus
3318 598 3418 639 nos
3459 584 3647 640 laetitia
3688 602 3811 639 cum

2220 680 2370 735 vultu
2399 695 2517 746 suo,
2549 696 2647 735 nec
2687 678 2812 735 inde
2842 685 3127 749 separatur
3154 677 3436 746 utriusque
3463 675 3727 747 Spiritus,
3761 678 3810 731 id

2220 781 2304 829 est
2339 771 2519 827 Patris
2551 780 2605 828 et
2634 770 2756 826 Filii
2786 769 3040 842 Spiritus.
3073 769 3175 838 Qui
3209 767 3444 840 Spiritus
3476 771 3698 839 proprie
3736 769 3789 823 di

2222 868 2363 920 citur
2396 863 2632 935 Spiritus
2658 863 2922 929 veritatis,
2955 878 3120 934 quem
3150 861 3241 917 hic
3270 860 3437 935 559
3463 861 3702 918 mundus
3725 877 3814 917 ac-

2221 958 2400 1029 cipere
2442 974 2548 1014 non
2596 966 2791 1029 potest.
2837 957 2952 1012 Hoc
2996 965 3082 1014 est
3122 957 3267 1014 enim
3310 957 3526 1027 plenum
3556 957 3820 1028 gaudium

2221 1059 2491 1118 nostrum,
2514 1066 2623 1121 quo
2648 1051 2879 1121 amplius
2906 1066 3014 1107 non
3036 1057 3137 1117 est,
3171 1048 3279 1106 frui
3303 1050 3510 1107 scilicet
3542 1048 3823 1105 Trinitate

2223 1148 2363 1211 Deo,
2394 1147 2462 1202 ad
2499 1147 2655 1218 cujus
2698 1147 2985 1217 imaginem
3015 1145 3147 1202 facti
3191 1158 3399 1200 sumus.
3445 1143 3680 1214 Propter
3718 1144 3825 1199 hor.

2223 1238 2513 1308 aliquando
2543 1238 2618 1293 ita
2648 1237 2889 1307 loquitur
2935 1239 3001 1293 de
3043 1236 3250 1308 Spiritu
3298 1245 3522 1302 sancto,
3556 1243 3819 1304 tanquam

2223 1334 2371 1390 solus
2398 1333 2515 1403 ipse
2539 1331 2772 1388 sulliciat
2803 1333 2870 1387 ad
2898 1330 3287 1389 beatitudinem
3322 1338 3592 1396 nostram,
3620 1335 3678 1385 et
3698 1328 3823 1383 idco

2224 1426 2443 1493 sufﬁcit,
2471 1427 2600 1498 quia
2632 1426 2875 1498 separari
2917 1442 2946 1481 a
2977 1425 3139 1481 Patre
3182 1432 3238 1483 et
3277 1423 3415 1481 Filio
3444 1439 3551 1481 non
3586 1430 3780 1494 potest
3809 1441 3820 1475 :

2227 1523 2369 1579 sicut
2406 1521 2572 1578 Pater
2600 1520 2750 1578 solus
2793 1520 3010 1586 suilicit,
3044 1521 3173 1591 quia
3217 1520 3460 1589 separari
3505 1535 3539 1573 a
3578 1517 3726 1574 Filio
3777 1525 3828 1573 et

2227 1613 2432 1685 Spiritu
2479 1624 2670 1670 sancto
2720 1629 2827 1670 non
2871 1621 3051 1683 potest
3091 1627 3107 1667 :
3149 1620 3205 1668 et
3244 1611 3413 1668 Filius
3456 1610 3579 1666 ideo
3623 1607 3831 1664 sufﬁcit

2227 1707 2396 1773 solus,
2430 1708 2561 1779 quia
2603 1707 2848 1778 separari
2889 1721 2923 1762 a
2960 1706 3123 1761 Patre
3151 1712 3210 1761 et
3240 1703 3446 1775 Spiritu
3476 1712 3671 1758 sancto
3718 1716 3833 1756 non

2229 1809 2429 1872 potest.
2465 1820 2483 1854 ι
2514 1800 2583 1856 Ει
2614 1801 2744 1856 item
2777 1801 2917 1870 (cap.
2949 1799 3005 1870 9)
3035 1816 3049 1853 :
3093 1816 3112 1849 α
3150 1796 3378 1866 Propter
3400 1795 3829 1852 insinuationem

529 1890 639 1948 boli
686 1891 988 1947 orationem
1034 1891 1091 1946 in
1127 1906 1293 1947 unum
1322 1890 1542 1947 Patrem
1592 1901 1648 1947 et
1681 1890 1947 1961 Spiritum
1993 1905 2123 1945 san-
2150 1879 2199 1940 B
2228 1891 2534 1958 Trinitatis,
2564 1891 2813 1962 personis
2840 1890 3006 1945 etiam
3028 1888 3257 1958 singulis
3292 1886 3611 1953 nominatis,
3636 1886 3833 1941 dicun-

531 1992 677 2041 ctum
720 1983 1038 2050 sociaveris,
1062 1983 1259 2040 Filium
1301 1999 1541 2056 quoque,
1569 2000 1729 2056 quem
1760 2000 1867 2040 non
1899 1983 2120 2039 tertium

532 2082 628 2138 sed
654 2080 889 2139 medium
930 2081 985 2136 in
1012 2081 1281 2138 Trinitate
1308 2081 1465 2148 facis,
1493 2082 1669 2154 magis
1694 2098 1725 2136 a
1748 2080 1970 2137 deitatis
1995 2079 2123 2135 uni-

530 2185 643 2233 tate
676 2191 786 2231 non
814 2190 1054 2246 separes.
1084 2195 1104 2228 ι
1149 2176 1217 2230 Et
1262 2175 1317 2230 in
1357 2175 1498 2232 libro
1543 2176 1703 2231 tertio
1730 2176 1795 2230 de
1820 2174 2118 2230 Trlnitate:

538 2286 557 2321 ι
590 2269 648 2323 ln
694 2269 891 2340 quibus
927 2268 1133 2339 angelis
1176 2275 1296 2323 erat
1340 2269 1528 2339 utique
1566 2276 1620 2324 et
1656 2268 1820 2323 Pater
1868 2275 1924 2322 et
1949 2265 2120 2321 Filius

531 2370 588 2417 et
620 2361 857 2433 Spiritus
893 2369 1146 2428 sanctus,
1191 2370 1248 2416 et
1293 2361 1589 2432 aliquando
1614 2362 1797 2427 Pater,
1832 2360 2125 2430 aliquando

532 2453 725 2519 Filius,
768 2453 1059 2525 aliquando
1096 2453 1336 2525 Spiritus
1384 2463 1627 2519 sanctus,
1673 2454 1967 2523 aliquando
2007 2452 2126 2509 sine

529 2545 637 2601 ulla
666 2545 1014 2603 distinctione
1049 2561 1299 2617 personae
1328 2547 1472 2603 Deus
1497 2562 1595 2617 per
1624 2545 1743 2603 illos
1772 2546 2122 2618 figurabatur,

530 2650 586 2698 et
614 2651 811 2698 caetera
832 2658 953 2714 quae
973 2642 1047 2698 ibi
1071 2643 1438 2714 prosequitur.
1465 2661 1486 2695 ι
1517 2641 1587 2697 Ει
1606 2642 1796 2697 beatus
1807 2640 2127 2696 Ambrosius

530 2735 587 2790 in
635 2735 902 2808 Hymnis,
955 2751 1094 2807 quos
1142 2735 1410 2792 catholica
1475 2735 1789 2806 frequentat
1841 2733 2123 2799 Ecclesia,

530 2846 675 2886 nunc
699 2830 765 2886 ad
792 2829 1028 2896 Patrem,
1063 2845 1208 2887 nunc
1238 2831 1305 2886 ad
1327 2831 1547 2899 Filium,
1578 2846 1724 2887 nunc
1757 2830 1825 2885 ad
1856 2829 2123 2900 Spiritum

532 2934 780 2981 sanctum
805 2925 1055 2996 loquens,
1105 2942 1215 2983 non
1261 2926 1503 2983 solitarie
1550 2926 1727 2983 eidem
1780 2938 2027 2996 persona:
2071 2923 2123 2976 in

530 3026 719 3073 sancta
745 3016 1033 3084 Triuitate,
1065 3018 1134 3074 ad
1171 3034 1335 3090 quam
1380 3019 1640 3090 loquitur,
1673 3018 1898 3090 gloriam
1938 3017 2126 3087 singu-

529 3106 633 3162 lari
676 3122 902 3164 numero
936 3107 1136 3176 refert,
1179 3119 1236 3165 et
1271 3118 1464 3180 postea
1499 3109 1695 3181 plurali
1729 3123 1956 3164 numero
1993 3107 2127 3162 alias

529 3214 812 3271 personas,
860 3208 921 3255 ut
967 3201 1307 3271 blasphemat
1336 3200 1748 3265 Gothescalcus,
1799 3199 2121 3269 alloquitur:

2224 1996 2314 2045 tur
2351 1988 2595 2057 quaedam
2637 1985 2961 2057 separatim,
3008 1999 3116 2039 non
3161 1991 3345 2038 tamen
3384 1981 3508 2037 aliis
3551 1981 3833 2053 separatis

2227 2081 2630 2152 intelliguntur,
2664 2088 2889 2151 propter
2915 2079 3158 2151 ejusdem
3211 2076 3495 2133 Trinitatis
3532 2076 3833 2140 unitatem,

2223 2186 2506 2244 unamque
2533 2170 2917 2238 substantiam,
2947 2178 3111 2241 atque
3134 2169 3393 2226 deitatem
3417 2166 3602 2223 Patris
3622 2175 3682 2222 et
3710 2165 3835 2221 Filii

2222 2278 2280 2325 et
2309 2268 2544 2338 Spiritus
2569 2267 2769 2323 sancti.
2813 2266 2832 2319 ἰ
2876 2285 2895 2317 ι
2931 2265 2991 2321 In
3023 2262 3280 2320 sacriﬁcii
3326 2264 3493 2318 etiam
3535 2259 3837 2331 singularis

2225 2361 2596 2418 celebratione
2621 2399 2636 2426 ,
2687 2360 2830 2415 sicut
2877 2366 2934 2415 et
2982 2358 3177 2413 beatus
3213 2354 3556 2427 Augustinus
3585 2353 3643 2407 in
3676 2351 3837 2406 libris

2226 2452 2342 2510 suis
2373 2459 2779 2515 commemorat,
2812 2450 3016 2520 gratias
3040 2448 3279 2523 Domino
3312 2448 3426 2504 Deo
3450 2454 3644 2503 nostro
3667 2457 3836 2513 agere

2227 2560 2657 2610 commonemur,
2687 2544 2814 2614 quia
2837 2551 2894 2598 et
2918 2543 3021 2599 hoc
3046 2540 3190 2612 quod
3232 2541 3375 2596 inter
3419 2554 3579 2596 sacra
3620 2546 3834 2609 myste-

2226 2645 2307 2700 ria
2340 2658 2436 2698 cor
2464 2642 2670 2698 habere
2715 2656 2935 2698 sursum
2972 2638 3254 2710 iubemur,
3285 2640 3404 2712 ipso
3444 2636 3744 2707 adiuvante
3780 2634 3834 2690 id

2228 2739 2479 2794 valemus
2523 2752 2632 2807 quo
2675 2736 2901 2811 iubente
2947 2735 3308 2790 admonemur
3354 2751 3369 2787 :
3416 2741 3474 2788 et
3516 2730 3641 2785 ideo
3690 2744 3834 2799 prm-

2228 2833 2386 2903 cipue
2411 2831 2465 2885 in
2510 2831 2626 2901 ipso
2649 2827 2920 2885 sacrificio
2939 2827 3187 2899 corporis
3209 2825 3415 2883 Christi
3455 2840 3487 2879 a
3527 2822 3832 2895 gratiarum

2230 2925 2442 2981 actione
2494 2923 2787 2993 incipimus
2813 2961 2829 2988 ,
2877 2920 3171 2976 reddentes
3214 2918 3428 2974 debitas
3475 2914 3668 2971 Iaudes
3720 2912 3832 2967 Deo

2229 3017 2417 3083 Patri,
2456 3017 2550 3088 qui
2600 3016 2655 3071 in
2703 3014 3044 3087 plenitudine
3091 3023 3400 3084 temporum
3442 3009 3595 3066 misit
3633 3006 3831 3062 Filium

2230 3126 2428 3177 suum,
2482 3110 2684 3165 factum
2735 3124 2805 3166 es
2854 3108 3118 3175 muliere,
3167 3106 3374 3162 factum
3425 3103 3528 3160 sub
3567 3101 3724 3172 lege,
3777 3106 3835 3153 ut

2232 3220 2329 3260 eos
2372 3203 2464 3274 qui
2512 3202 2614 3258 sub
2646 3202 2764 3274 lege
2805 3209 2967 3257 erant
3014 3200 3348 3265 redimeret,
3381 3204 3442 3254 ut
3480 3195 3831 3264 adoptionem

532 3263 627 3349 sed
651 3263 912 3365 quidquid
947 3263 1377 3351 substantialiter
1405 3294 1472 3351 de
1494 3294 1621 3357 Deo,
1653 3263 1904 3348 videlicet
1924 3263 2128 3347 sancta
2156 3263 2201 3327 (ἶ
2236 3263 2473 3354 ﬁliorum
2544 3263 2915 3369 reciperemus
2940 3337 2955 3363 ,
3027 3263 3343 3353 secundum
3388 3287 3834 3362 praedicationem

533 3385 799 3444 Trinitate
829 3387 981 3455 dicit,
1010 3386 1273 3458 singulari
1322 3401 1551 3442 numero
1576 3385 1770 3451 effert;
1819 3392 1875 3439 ut
1904 3389 2018 3439 εει·

629 3490 808 3541 Somno
828 3489 1028 3540 refectis
1052 3488 1273 3547 artubus,
1299 3492 1470 3551 spreto
1484 3485 1640 3551 cubili
1656 3486 1918 3547 surgimus,

630 3552 803 3613 Nobis,
827 3552 994 3614 Pater,
1014 3548 1519 3612 canentibus,'adesse
1543 3555 1597 3601 te
1614 3548 1938 3611 deposcimus.

538 3645 645 3702 Et:

633 3749 875 3811 Splendor
900 3752 1121 3811 paterna:
1136 3748 1329 3809 gloriae,
1350 3747 1415 3797 de
1441 3745 1550 3796 luce
1573 3746 1732 3811 lucem
1760 3746 2034 3811 proferens,

628 3810 738 3861 Lux
760 3810 885 3862 [ubis
903 3810 960 3862 et.
983 3810 1091 3862 fons
1109 3811 1323 3875 luminis,
1347 3811 1479 3861 diem
1503 3812 1613 3861 dies
1636 3810 1930 3860 illuminans.

535 3906 648 3964 Et:

628 3998 766 4052 Nunc
786 4006 953 4051 sancte
974 4000 1113 4051 nobis
1135 4000 1363 4059 Spiritus,
1391 4011 1517 4048 unus
1538 3998 1700 4049 Patris
1721 4011 1830 4048 cum
1860 3974 2006 4060 Filio,

631 4062 849 4126 Dignare
872 4068 1124 4126 promptus
1144 4065 1327 4124 ingeri,
1348 4070 1514 4112 nostro
1539 4060 1733 4111 refusus
1755 4060 1959 4123 pectori.

537 4146 592 4201 in
626 4160 860 4217 quorum
900 4148 1223 4219 hymnorum
1271 4146 1621 4202 conclusione
1653 4151 1856 4199 sancta:
1883 4142 2136 4199 Trinitati

536 4255 757 4312 semper
781 4256 947 4297 unam
979 4248 1034 4296 et
1062 4239 1324 4311 aequalem
1358 4240 1586 4310 gloriam
1620 4237 1785 4293 refert
1806 4238 2026 4294 dicens:

631 4333 837 4394 Prata,
862 4333 1013 4385 Pater
1051 4334 1285 4396 piissime,
1312 4333 1545 4395 Patrique
1567 4346 1758 4393 compar
1783 4335 1948 4396 unice,

626 4396 743 4448 Cum
767 4398 949 4459 Spiritu
973 4395 1223 4459 paraclito,
1250 4410 1468 4460 regnans
1488 4409 1576 4457 per
1595 4409 1743 4445 omne
1760 4395 2013 4445 saeculum.

528 4480 638 4537 .Vel
661 4499 675 4535 :

632 4573 741 4637 Deo
760 4572 892 4624 Patri
917 4575 981 4624 sit
1002 4573 1180 4635 gloria,
1205 4574 1416 4637 ejusque
1434 4572 1525 4622 soli
1554 4572 1697 4631 Filio,

632 4633 748 4685 Cum
770 4637 951 4699 Spiritu
979 4633 1307 4700 paraclitojet
1330 4633 1456 4686 nunc
1481 4644 1532 4686 et
1554 4637 1600 4684 in
1636 4641 1950 4698 perpetuum.

539 4713 636 4776 Vel
665 4737 678 4773 :

637 4808 782 4873 Laus,
809 4810 981 4871 honor,
1004 4814 1178 4870 virtus,
1202 4810 1380 4873 gloria,
1407 4813 1515 4862 Deo
1537 4812 1665 4863 Patri
1690 4823 1732 4861 et
1764 4812 1904 4873 Filio,

635 4871 738 4923 Una
768 4871 878 4925 cum
896 4886 1067 4927 sancto
1087 4871 1288 4939 Spiritu,
1312 4871 1676 4939 iu'sempitcrua
1701 4871 1900 4927 siccata.

538 4954 640 5012 Vel
664 4974 677 5011 :

634 5048 807 5117 Gloria
820 5050 925 5109 tibi,
954 5050 1182 5109 Domine.
1208 5053 1293 5114 qui
1318 5053 1583 5104 surrexisti
1612 5069 1635 5102 a
1663 5056 1887 5117 mortuis,

633 5112 751 5163 Cum
778 5113 923 5165 Patre
949 5123 999 5165 et
1021 5122 1192 5165 sancto
1214 5112 1421 5177 Spiritu,
1453 5117 1502 5166 in
1525 5122 1825 5179 sempiterna
1842 5112 2035 5167 saecula.

541 5195 640 5254 Vel
665 5215 677 5242 ξ

636 5288 878 5356 Christum
890 5304 1126 5355 rogemus
1138 5301 1190 5343 et
1204 5293 1599 5356 Patrem,Christi
1616 5295 1870 5356 Patrisque
1883 5293 2138 5356 Spiritum,

639 5350 798 5401 Unum
824 5350 997 5415 potetis
1021 5368 1111 5417 per
1133 5358 1312 5417 omnia,
1342 5350 1453 5407 fove
1480 5364 1743 5419 precantes
1766 5350 1995 5405 Trinitas.

2166 4644 2218 4703 D

2233 3393 2379 3450 beati
2422 3392 2569 3448 Petri
2621 3390 2852 3447 dicentis
2884 3408 2899 3446 :
2932 3389 3073 3456 Quia
3102 3382 3671 3457 non‘corruptibilibua
3700 3393 3829 3433 auro

2234 3486 2312 3541 vel
2339 3495 2557 3556 argento
2585 3483 2840 3555 redempti
2864 3498 3050 3538 sumus
3078 3481 3142 3536 de
3169 3497 3302 3535 rana
3343 3486 3523 3533 nostra
3554 3488 3833 3529 conuersa-

2235 3578 2374 3631 tione
2398 3585 2630 3647 paterna:
2653 3573 2977 3638 traditionis,
3004 3571 3094 3626 sed
3136 3570 3362 3640 pretioso
3399 3566 3663 3637 sanguine
3688 3562 3834 3633 quasi

2235 3670 2359 3742 agni
2387 3668 2791 3723 incontaminati
2813 3678 2861 3722 et
2883 3663 3211 3721 immaculati
3234 3664 3362 3718 Iesu
3383 3660 3583 3717 Christi
3605 3658 3660 3729 (Ι
3689 3655 3829 3711 Patr.

2236 3776 2277 3828 ι,
2311 3760 2399 3832 l8)
2419 3801 2434 3826 ,
2461 3776 2560 3831 per
2583 3775 2744 3831 quem
2784 3767 2840 3813 et
2867 3756 3210 3828 maiestatem
3242 3753 3359 3824 ejus
3388 3753 3613 3808 laudant
3636 3748 3830 3821 angeli,

2237 3860 2293 3908 et
2321 3867 2419 3908 nos
2465 3852 2585 3907 sine
2616 3850 2841 3921 speciali
2875 3851 3095 3905 nomine
3126 3855 3287 3904 tenus
3310 3842 3831 3902 commemoratione

2236 3945 2412 4001 sancti
2461 3945 2698 4015 Spiritus
2721 3945 2771 3998 ei
2803 3942 3008 4014 gratias
3052 3941 3285 4012 agimus,
3321 3946 3651 4007 nostrasque
3679 3947 3830 3991 voces

2239 4038 2554 4108 angelorum
2605 4038 2830 4094 voCibus
2860 4035 3128 4093 catholica
3166 4042 3223 4090 et
3270 4030 3570 4105 apostolica
3615 4029 3830 4085 instita.

2241 4136 2389 4191 tione
2432 4134 2650 4191 formati
2702 4134 2913 4189 admitti
2954 4133 3319 4203 deposcimus.
3359 4129 3563 4199 Sicque
3596 4134 3686 4183 ter
3711 4140 3827 4182 sau-

2240 4240 2386 4288 ctum
2413 4232 2673 4304 hymnum
2697 4246 2792 4285 ore
2821 4229 3143 4284 Confitentes
3168 4225 3469 4289 offerimus,
3487 4232 3543 4279 et
3567 4222 3829 4277 vivificam

2242 4324 2563 4380 Trinitatem
2603 4322 2708 4377 fide
2748 4337 2811 4377 ac
2860 4320 3059 4375 mentis
3107 4316 3467 4389 intelligentia
3515 4314 3685 4370 unius
3723 4325 3829 4368 esse

2243 4416 2581 4479 divinitatis,
2640 4413 2866 4483 mqualis
2914 4412 3102 4483 gloria:
3131 4451 3145 4476 ,
3204 4419 3491 4466 coatternze
3542 4404 3827 4475 maiestatis

2242 4509 2626 4579 praedicantes.
2657 4505 2924 4561 catholica
2950 4515 3005 4559 et
3036 4504 3336 4573 apostolica
3360 4500 3707 4557 institutione
3732 4497 3827 4551 forh

2246 4601 2417 4667 mati,
2471 4615 2577 4654 una
2627 4599 2799 4670 gloria
2844 4597 3218 4654 collaudamus
3253 4597 3534 4659 dicentes,
3582 4592 3824 4651 Sanctus

2246 4692 2500 4753 Sanctus,
2530 4690 2768 4745 Sanctus
2799 4689 3061 4745 Dominus
3089 4689 3232 4745 Deus
3263 4688 3508 4747 sabaoth,
3543 4685 3690 4756 pleni
3716 4688 3825 4737 sunt

2243 4783 2366 4838 caeli
2397 4792 2447 4835 et
2484 4791 2627 4837 terra
2651 4781 2821 4852 gloria
2855 4792 2945 4835 tua
2978 4799 2991 4835 :
3021 4789 3075 4836 et
3118 4796 3241 4835 cum
3272 4779 3494 4834 Patrem
3537 4792 3636 4846 per
3673 4783 3823 4829 totum

2240 4871 2621 4942 praefationem
2653 4872 3016 4941 alloquamur,
3048 4886 3154 4927 non
3184 4880 3364 4925 tamen
3394 4869 3695 4925 secundum
3721 4864 3819 4921 Go-

2242 4962 2576 5018 teschalcum
2622 4962 2944 5033 adiicimus,
2991 4962 3075 5017 vel
3119 4962 3478 5032 subiicimus,
3531 4975 3600 5015 ne
3642 4954 3821 5028 ingrati

2241 5054 2380 5109 Filio
2429 5065 2484 5108 et
2531 5054 2760 5124 Spiritui
2815 5063 3004 5110 sancto
3051 5054 3272 5109 simus:
3317 5053 3388 5109 Et
3432 5054 3588 5107 vobis
3636 5049 3820 5122 gratias

2243 5146 2494 5217 agimus;
2529 5156 2604 5211 et,
2629 5146 2781 5203 Pleni
2814 5156 2940 5202 sunt
2969 5147 3091 5203 cu-li
3137 5155 3193 5202 et
3239 5155 3383 5202 terra
3416 5145 3585 5215 gloria
3615 5152 3818 5199 vestra:

2243 5241 2370 5310 quia
2425 5255 2524 5295 nec
2570 5240 2882 5306 Abraham,
2928 5242 3145 5311 quando
3190 5239 3483 5296 exsultavit
3527 5246 3584 5293 ut
3636 5236 3821 5293 videret

2246 5331 2390 5387 diem
2422 5331 2657 5397 Domini,
2688 5340 2743 5388 et
2767 5332 2902 5387 vidit
2926 5340 2984 5388 et
3008 5332 3225 5403 gavisus
3251 5340 3355 5397 est,
3387 5338 3501 5387 tres
3524 5331 3669 5385 viros
3700 5337 3751 5382 et
3776 5326 3818 5378 in

543 5433 611 5490 Et
637 5435 795 5492 simul
823 5413 1066 5495 sanctam
1092 5413 1411 5497 Trinitatem
1436 5413 1736 5513 alloquens,
1764 5440 2013 5498 similiter
2035 5441 2148 5496 sin-
2248 5422 2411 5477 εοτάθ
2435 5430 2491 5476 et
2520 5422 2574 5477 in
2607 5423 2769 5477 domo
2814 5422 2921 5479 ﬁde
2954 5432 3010 5478 θι
3044 5435 3209 5493 opere
3237 5420 3470 5477 θάθιίιθι·
3495 5419 3639 5476 “de”
3670 5413 3819 5472 sum“

544 5528 715 5600 gulari
744 5547 974 5590 numero
1004 5535 1141 5604 petit
1167 5535 1374 5592 dicens:

641 5620 682 5692 ρ
706 5621 788 5671 lux
814 5624 959 5692 beata
979 5626 1214 5692 Trinitas,
1238 5633 1290 5679 et
1316 5628 1594 5692 principalis
1611 5630 1795 5689 unitas,

643 5682 752 5734 Jam
772 5686 844 5736 sol
863 5690 1053 5740 recedit
1070 5682 1264 5753 igneus,
1290 5682 1495 5749 infunde
1516 5693 1680 5743 lumen
1705 5682 1949 5742 cordibus.

2249 5516 2405 5584 piens
2434 5514 2687 5585 hospitio,
2715 5513 2975 5571 offensam
3004 5514 3256 5581 incurrit,
3299 5514 3396 5570 sed
3435 5514 3685 5570 meritum
3722 5522 3817 5563 nia-

2246 5622 2367 5679 gnae
2416 5606 2541 5663 ﬁdei
2590 5608 2928 5679 reportavit,
2968 5606 3185 5678 quando
3229 5615 3341 5662 tres
3389 5604 3545 5668 vidit,
3587 5611 3642 5659 et
3681 5593 3815 5670 quasi

2249 5714 2420 5756 unum
2451 5699 2767 5772 alloquens,
2813 5716 2979 5757 unum
3017 5700 3182 5757 etiam
3228 5698 3493 5756 adoravit.
3527 5696 3597 5753 Et
3635 5691 3814 5749 collata!

549 5783 619 5840 Et
658 5796 882 5844 sanctus
910 5791 1246 5861 Augustinus
1282 5794 1336 5848 in
1380 5794 1520 5850 libre
1558 5796 1738 5865 primo
1783 5796 1850 5852 de
1876 5794 2141 5851 Trimtate
2248 5793 2558 5865 huiusmodi
2585 5810 2775 5866 preces
2812 5810 2883 5852 ac
2924 5796 3271 5865 praefationes
3314 5792 3649 5864 receptibilcs
3671 5796 3717 5843 et
3741 5796 3812 5836 ca-

552 5872 693 5947 (cap.
721 5878 776 5949 8)
802 5880 952 5945 dicit,
976 5899 994 5932 ι
1016 5882 1256 5955 Denique
1279 5889 2139 5960 proy‘eripsam:inseparahilita-

2253 5889 2484 5958 tholicaz,
2516 5889 2850 5947 confirmatae
2875 5904 2905 5945 a
2932 5890 3061 5948 sede
3100 5890 3398 5962 apostolica
3427 5895 3588 5958 atque
3616 5882 3679 5938 ab
3704 5874 3807 5933 uni-
