4026 6340
223 385 330 444 613

1262 383 1353 440 DE
1392 377 1533 440 UNA
1574 380 1664 438 ET
1702 377 1843 437 NON
1881 378 2097 438 TRINA
2133 378 2456 439 DEITATE.

3393 386 3499 446 6N

217 502 416 560 versati
460 500 701 558 Ecclesia
733 511 1156 575 cognoscuntur.
1191 501 1343 558 Sicut
1369 509 1425 558 et
1460 502 1514 556 in
1553 499 1811 556 Africano
1837 502 1890 563 Δ
1914 518 2023 558 non
2065 512 2150 560 est
2186 519 2318 559 suus
2356 504 2718 576 Augustinus,
2750 505 2876 575 quia
2926 521 3032 562 non
3083 507 3269 566 taliter
3314 511 3500 568 docuit

214 596 449 652 concilio
477 596 754 651 decretum
781 595 951 651 fuisse
983 595 1240 666 relegitur
1270 593 1410 667 (cap.
1445 595 1534 664 70)
1567 613 1579 648 :
1608 594 1660 648 in
1699 609 1807 664 quo

213 695 301 742 est
335 687 693 742 nihilominus
717 689 1091 754 constitutum,
1119 697 1179 742 ut
1206 688 1324 742 alite
1343 688 1565 742 omnino
1592 703 1803 758 preces,

209 784 330 837 sive
356 781 736 851 praefationes,
771 782 856 838 vel
901 782 1432 847 commendationes,
1477 797 1572 837 seu
1613 797 1806 837 manus

207 861 612 942 impositiones,
632 889 754 944 qua:
782 875 1021 945 probata:
1045 892 1150 930 non
1180 875 1380 930 fuerint
1406 874 1569 946 550
1597 875 1649 928 in
1676 891 1807 930 con-

207 966 370 1032 cilio,
391 984 493 1024 nec
517 969 636 1025 alize
663 971 883 1026 omnino
907 979 1096 1026 contra
1129 972 1286 1026 ﬁdem
1316 971 1680 1042 proferantur,
1711 971 1805 1027 sed

208 1075 558 1133 quaecunque
595 1079 718 1119 cum
761 1065 1210 1136 prudentioribus
1248 1065 1450 1121 fuerint
1475 1065 1685 1121 collatae
1718 1065 1803 1120 di-

207 1160 434 1207 cantur.
471 1171 491 1205 ι
525 1153 642 1221 Qua
683 1156 749 1210 de
794 1171 852 1211 re
901 1157 1110 1212 collatae
1157 1155 1500 1214 Goteschalci
1531 1157 1804 1212 orationes

205 1257 334 1296 cum
365 1243 649 1301 catholicis
690 1247 962 1317 precibus,
1006 1258 1268 1319 quantum
1308 1263 1340 1304 a
1389 1250 1494 1304 ﬁde
1523 1249 1722 1305 distent
1749 1257 1804 1305 et

205 1335 506 1404 charitate,
536 1340 822 1397 manifeste
851 1344 1214 1414 Cognoscitur.
1271 1363 1289 1396 ι
1335 1343 1802 1416 Scripsitguoque

204 1428 279 1482 ad
314 1430 488 1486 Deum
519 1431 763 1503 loquens,
796 1443 853 1490 et
874 1437 1060 1493 dicens
1087 1438 1138 1494 ei
1166 1440 1307 1508 quod
1339 1440 1453 1509 ipse
1487 1439 1562 1494 illi
1594 1454 1800 1509 praece-

198 1521 351 1589 perit
382 1530 442 1576 ut
482 1537 580 1594 pro
621 1541 710 1580 me
747 1543 853 1582 non
882 1539 1085 1594 oraret,
1113 1540 1168 1586 et
1195 1531 1322 1601 quia
1366 1533 1600 1602 primum
1631 1533 1798 1587 Filius

199 1613 258 1668 in
307 1627 437 1668 eum
490 1615 811 1684 intraverit,
851 1631 1039 1690 postea
1077 1621 1267 1688 Pater,
1323 1623 1518 1679 deinde
1563 1625 1799 1694 Spiritus

197 1717 464 1775 sanctus,
513 1712 604 1781 qui
650 1713 704 1767 in
751 1714 902 1771 illum
952 1718 1160 1774 intrans
1205 1719 1254 1775 ei
1297 1720 1442 1775 circa
1477 1736 1539 1776 os
1574 1722 1796 1777 barbam

197 1801 417 1856 adussit
445 1819 458 1855 :
491 1810 545 1858 et
574 1805 700 1874 quia
731 1807 895 1862 nollet
926 1810 1248 1866 vestimenta
1280 1811 1345 1867 de
1388 1812 1643 1869 vestiario
1685 1815 1795 1868 fra-

1911 611 2071 652 orare
2099 611 2200 666 pro
2225 597 2484 663 inimicis,
2519 597 2656 653 sicut
2677 607 2800 654 orat
2823 597 3235 667 Goteschalcus,
3267 602 3362 672 qui
3387 620 3493 659 non

1907 697 1992 744 est
2019 688 2327 760 Augustini.
2357 688 2500 744 Dicit
2526 691 2670 746 enim
2700 692 2892 748 beatus
2921 692 3257 764 Augustinus
3289 696 3342 751 in
3384 711 3496 752 ser-

1909 797 2068 838 mone
2088 781 2154 837 de
2174 782 2355 837 verbis
2375 781 2619 851 Apostoli
2646 807 2658 838 :
2683 801 2701 835 ι
2729 783 2784 839 Si
2809 801 2939 854 ergo
2951 786 3229 843 Christum
3250 787 3497 845 volumus

1907 876 2129 942 imitari,
2145 890 2241 946 per
2255 876 2426 946 ipsam
2442 877 2584 932 viam
2599 878 2860 935 debemus
2873 895 3116 947 currere,
3131 898 3235 953 qua
3249 883 3498 940 Christus

1906 979 1961 1024 et
1987 971 2038 1024 in
2069 986 2232 1026 cruce
2261 971 2504 1040 pendens
2531 971 2782 1042 dignatus
2808 981 2894 1028 est
2919 975 3216 1031 ambulare.
3249 979 3304 1032 In
3333 993 3498 1034 cruce

1907 1061 2062 1134 551
2107 1067 2250 1118 enim
2299 1063 2441 1118 ﬁxus
2490 1071 2624 1127 erat,
2677 1073 2734 1119 et
2766 1063 3048 1122 cbaritatis
3089 1067 3229 1122 viam
3268 1084 3497 1125 currens

1905 1171 2004 1226 pro
2053 1155 2166 1209 suis
2213 1156 2652 1224 persecutoribus
2706 1157 3063 1228 supplicabat.
3126 1161 3366 1231 Denique
3419 1163 3497 1218 sic

1905 1249 2063 1314 dixit,
2089 1247 2268 1313 Pater,
2296 1251 2502 1320 ignosce
2537 1249 2664 1317 illis,
2706 1253 2833 1308 auia
2861 1253 3094 1308 nesciunt
3131 1264 3268 1325 quod
3294 1255 3496 1325 faciunt

1906 1343 2057 1415 (Luc.
2083 1343 2377 1414 nuntii).
2416 1345 2604 1401 Etnos
2637 1357 2767 1415 ergo
2816 1360 2916 1414 pro
2966 1347 3221 1402 omnibus
3266 1347 3498 1403 inimicis

1903 1436 2104 1490 nostris
2131 1435 2233 1491 hoc
2260 1435 2460 1507 iugiter
2487 1435 2872 1507 supplicemus,
2903 1446 2960 1491 ut
2998 1437 3104 1493 illis
3149 1437 3293 1494 Deus
3317 1453 3499 1494 cruen-

1902 1529 2174 1585 dationem
2226 1544 2457 1594 morum,
2506 1535 2563 1583 et
2611 1528 2999 1599 indulgentiam
3051 1529 3253 1585 tribuat
3299 1545 3495 1598 pecca-

1903 1630 2102 1675 torum.
2131 1620 2286 1688 Quod
2326 1629 2380 1676 et
2427 1635 2529 1692 ego
2568 1619 2959 1691 qualiscunque
2992 1629 3046 1678 et
3095 1621 3498 1692 quantulusque

1899 1720 2174 1782 peccator,
2206 1712 2369 1767 etiam
2407 1727 2504 1781 pro
2553 1711 2667 1778 illo,
2710 1720 2766 1768 et
2816 1712 2862 1767 si
2910 1728 3016 1768 non
3063 1713 3338 1779 credebat,
3369 1713 3497 1767 dum

1903 1813 2115 1875 tempus
2139 1804 2240 1859 fuit
2269 1820 2428 1877 agere
2456 1806 2764 1875 procuravi,
2807 1816 2991 1862 certus
3031 1806 3096 1862 de
3140 1806 3498 1876 promissione

195 1900 347 1949 trum
396 1898 914 1955 communicantium
965 1902 1097 1958 mihi
1145 1903 1426 1974 accipere,
1472 1906 1573 1960 nisi
1621 1908 1793 1977 pretio

1901 1873 2104 1964 divina,
2137 1873 2350 1971 Siquid
2388 1873 2660 1970 petieritis,
2700 1899 2897 1969 inquit,
2944 1873 3159 1955 Patrem
3199 1901 3254 1955 in
3287 1901 3495 1954 nomine

194 1997 549 2058 compararet
575 1990 666 2059 qui
695 1997 930 2061 pretium
967 2009 1073 2050 non
1116 1995 1370 2062 habebat,
1396 1999 1490 2053 sed
1522 1998 1601 2054 sic
1638 1999 1797 2054 vellet

191 2080 305 2146 ire,
339 2082 483 2138 sicut
506 2083 679 2140 Adam
707 2085 821 2141 ibat
848 2097 1138 2158 antequam
1165 2099 1435 2158 peccaret.
1464 2090 1584 2146 Mox
1615 2100 1794 2146 autem

189 2181 256 2228 ut
285 2172 462 2242 frigus
505 2191 630 2231 eum
674 2178 839 2248 coepit
873 2181 1268 2252 constringere,
1298 2197 1423 2236 cum
1452 2183 1796 2239 vestimentis

189 2264 366 2320 etiam
392 2265 662 2336 pelliciam
690 2278 744 2323 et
773 2267 953 2324 focum
982 2271 1187 2325 studuit
1213 2287 1475 2342 quaerere.
1507 2291 1528 2326 ι
1566 2272 1795 2346 Scripsit

189 2365 255 2411 et
289 2354 398 2410 alia
430 2356 600 2412 multa
640 2358 888 2425 ridicula,
922 2376 1042 2430 qua!
1069 2363 1211 2432 apud
1240 2361 1483 2420 fautores
1509 2379 1654 2431 suos,
1683 2365 1798 2436 qui-

189 2448 302 2504 bus
348 2464 412 2504 ea
457 2451 722 2506 servanda
760 2450 1132 2510 fraudulenter
1168 2454 1410 2522 donavit,
1443 2457 1747 2515 invenimus
1777 2477 1790 2513 :

189 2555 321 2610 quae
354 2555 463 2596 non
505 2541 678 2597 solum
724 2544 913 2610 nobis,
950 2559 1140 2600 verum
1181 2555 1238 2602 et
1281 2546 1412 2618 ipsis
1442 2549 1794 2619 complicibus

190 2633 314 2686 suis
343 2631 462 2686 visa
490 2642 618 2688 sunt
663 2632 876 2701 frivola,
911 2645 968 2692 et
1012 2636 1235 2702 idcirco,
1268 2647 1329 2692 ut
1364 2655 1551 2694 revera
1598 2641 1794 2696 delira-

193 2734 385 2780 menta
432 2727 709 2783 maniatici
738 2768 753 2794 ,
807 2737 863 2784 et
904 2729 1078 2785 aniles
1120 2731 1366 2798 fabulas,
1421 2733 1507 2786 hic
1553 2733 1794 2789 inserere

193 2815 532 2887 superﬂuum
562 2819 838 2875 duximus.
883 2820 1196 2890 Ponendam
1226 2831 1406 2877 tamen
1429 2823 1608 2878 adhuc
1630 2841 1790 2879 unam

193 2911 261 2965 de
288 2909 410 2978 ejus
457 2913 650 2968 naeniis
674 2915 884 2979 censui,
918 2924 974 2968 ut
1014 2931 1110 2986 per
1133 2932 1214 2979 ea,
1246 2917 1391 2971 sicut
1414 2926 1470 2971 et
1504 2934 1598 2988 per
1629 2935 1790 2988 supra

193 3019 260 3058 ex
295 3004 514 3075 integro
544 3007 770 3076 positas,
797 3007 917 3063 aliae
947 3008 1162 3064 valeant
1194 3010 1477 3066 innotesci.
1516 3011 1655 3066 Aule
1694 3013 1792 3068 hos

195 3095 467 3166 siquidem
503 3111 674 3153 annos
704 3098 1002 3154 revelatum
1037 3101 1136 3155 sibi
1183 3101 1505 3170 quibusdam
1554 3102 1788 3158 familia-

197 3190 352 3242 ribus
378 3189 492 3244 suis
517 3191 771 3260 scripsit,
798 3191 940 3261 quod
967 3208 1067 3263 ego
1095 3194 1278 3247 statim
1307 3203 1428 3264 post
1473 3203 1582 3250 tres
1625 3197 1790 3252 semis

194 3299 373 3338 annos
403 3300 514 3340 suae
556 3285 922 3352 revelationis,
960 3287 1100 3342 sicut
1128 3287 1496 3342 Antichristus
1523 3305 1790 3359 usurpans

194 3379 301 3435 sibi
338 3381 621 3450 potestatis
661 3383 956 3451 potentiam
1002 3383 1177 3449 mori,
1213 3392 1270 3438 et
1301 3383 1417 3454 ipse
1458 3383 1789 3440 Rhemorum

192 3473 483 3544 episcopus
510 3473 649 3540 ﬁeri,
679 3485 731 3528 et
759 3482 880 3543 post
907 3475 1248 3545 septennium
1284 3489 1494 3529 veneno
1535 3474 1786 3541 interﬁci,

192 3575 248 3619 et
276 3565 356 3619 sic
385 3563 569 3636 gloriae
614 3575 915 3636 martyrum
961 3566 1233 3636 adaequari
1275 3565 1514 3622 deberet.
1565 3567 1628 3621 Et
1667 3583 1790 3622 eum

189 3658 538 3728 prophetiam
590 3673 620 3712 a
666 3659 858 3728 spiritu
911 3675 1009 3716 suo
1057 3660 1375 3730 inspiratam
1420 3647 1631 3732 impleri
1682 3676 1790 3715 non

189 3747 354 3812 vidit,
383 3747 525 3803 inter
553 3748 660 3802 alia
692 3749 807 3804 haec
832 3750 1047 3805 cuidam
1074 3751 1331 3806 sectatori
1350 3767 1450 3808 suo
1472 3751 1786 3821 juvenculo,

189 3839 384 3910 quales
406 3839 616 3896 solebat
635 3841 884 3912 diligere,
917 3842 1137 3912 scripslt
1166 3860 1180 3897 :

920 3978 1062 4034 XIX.

267 4130 290 4163 ι
329 4110 440 4167 Sed
481 4111 596 4182 jam
648 4120 860 4183 tempus
885 4123 970 4168 est
1001 4114 1225 4168 fratrem
1270 4113 1448 4170 deseri
1486 4113 1787 4181 absentem,

196 4222 214 4256 ι
252 4213 310 4258 et
338 4203 472 4272 quid
501 4203 570 4258 ad
595 4219 720 4258 eum
751 4203 945 4274 loquar
973 4214 1269 4274 antequam
1319 4204 1518 4276 scripta
1560 4219 1681 4259 mea
1710 4205 1788 4258 vi-

194 4315 215 4348 ι
259 4297 391 4353 deat
419 4297 637 4366 penitus
658 4298 1012 4363 nescientem,
1037 4306 1094 4352 et
1120 4297 1270 4352 fundi
1302 4312 1493 4367 preces
1520 4298 1587 4352 ad
1619 4297 1790 4352 Deum

196 4406 216 4440 ι
254 4403 477 4458 semper
505 4389 710 4458 ubique
733 4400 1084 4459 praesentem,
1115 4398 1168 4443 et
1197 4389 1343 4444 sicut
1367 4389 1661 4460 gratuitum
1694 4389 1790 4444 do-

195 4503 214 4536 ι
252 4492 508 4538 natorem
539 4491 736 4538 cuncta
766 4482 1227 4553 sempiternaliter
1252 4482 1534 4537 scientem.
1563 4481 1790 4536 Domine

195 4596 214 4629 ι
249 4577 398 4631 Dens
444 4584 631 4631 noster
667 4584 723 4630 et
763 4575 1022 4644 magister
1065 4573 1193 4630 Jesu
1236 4573 1484 4639 Christe,
1517 4589 1616 4644 pro
1657 4572 1788 4628 solis

199 4687 218 4720 ι
252 4669 448 4726 electis
479 4669 774 4734 cruciﬁxe,
806 4669 898 4737 qui
940 4668 1093 4722 vides
1137 4667 1281 4737 quod
1311 4681 1441 4722 ecce
1471 4667 1677 4720 inimici
1712 4666 1790 4720 tui

196 4781 217 4814 ι
255 4771 589 4828 sonuerunt,
643 4771 699 4818 et
740 4762 832 4833 qui
879 4762 1112 4817 oderunt
1161 4769 1211 4815 te
1253 4759 1563 4815 extulerunt
1604 4766 1790 4828 caput,

197 4875 216 4907 ι
257 4858 388 4926 quia
433 4871 541 4910 non
589 4864 676 4910 est
719 4863 841 4925 post
886 4854 1178 4908 triennium
1227 4852 1452 4907 dimidio
1501 4852 1792 4906 terminato

199 4966 216 5000 ι
253 4963 403 5003 anno
426 4957 696 5013 mortuus,
725 4961 824 5003 ceu
851 4948 1164 5018 putabatur,
1190 4947 1275 5000 l'ur
1295 4957 1349 5000 et
1371 4945 1531 5010 latro,
1553 4945 1792 5000 breviter

197 5060 218 5091 ι
256 5040 480 5110 quidem
513 5039 608 5095 sed
653 5055 857 5110 pronus
906 5049 957 5095 te
1001 5054 1190 5105 exoro,
1223 5039 1350 5094 huic
1379 5039 1530 5093 vobis
1560 5037 1790 5092 Domino

198 5152 218 5185 ι
261 5133 376 5188 Deo
423 5141 612 5188 nostro
661 5148 790 5188 vero
829 5149 893 5188 ac
939 5133 1095 5198 vivo,
1144 5133 1238 5187 uni
1284 5131 1446 5186 simul
1491 5147 1557 5187 ac
1609 5132 1787 5198 trino,

199 5246 217 5276 ι
256 5227 400 5281 sicut
426 5225 602 5296 placet
632 5226 707 5281 ita
754 5227 921 5282 facias
963 5226 1092 5280 cito.
1132 5226 1267 5281 Nolo
1293 5225 1447 5295 plus,
1477 5239 1576 5280 nec
1612 5227 1786 5296 prius,

199 5339 220 5370 ι
260 5334 360 5374 nec
393 5335 596 5377 secus:
629 5321 848 5391 quando
883 5321 965 5375 vis
1009 5319 1270 5374 evellatur
1312 5320 1439 5374 hinc
1484 5320 1619 5384 rite,
1661 5321 1788 5376 vitae

200 5430 221 5461 ι
253 5419 398 5475 sat,o
425 5412 694 5477 mtecbus,
741 5421 796 5467 et
829 5427 1027 5474 caecus,
1063 5426 1261 5482 procax
1282 5452 1296 5476 ,
1343 5412 1613 5480 pertinax,
1662 5428 1784 5481 per-

199 5519 222 5553 c
257 5502 448 5568 vicax,
493 5502 826 5571 haereticus,
887 5503 1134 5559 veritatis
1193 5501 1481 5568 inimicus,
1533 5501 1784 5558 falsitatis

202 5612 225 5648 ι
260 5596 495 5652 amicus.
531 5616 551 5650 ι

267 5698 362 5744 ιιι.
408 5687 558 5744 Idem
595 5689 796 5761 quippe
844 5686 1240 5746 Goteschalcus
1279 5686 1416 5743 solet
1457 5686 1786 5757 frequentis-

196 5776 333 5832 sime
373 5777 595 5846 dicere,
645 5792 708 5835 ut
749 5795 895 5852 saepe
937 5779 1516 5844 commemoravimus,
1561 5777 1787 5848 loquens

197 5869 268 5926 de
310 5871 473 5930 beato
515 5872 834 5946 Augustino,
877 5874 1201 5947 Augustinus
1241 5880 1434 5928 noster.
1469 5870 1576 5928 Sed
1603 5881 1658 5927 et
1696 5872 1786 5930 hic

1899 2006 2034 2054 meo,
2065 1991 2207 2045 dabit
2248 1991 2389 2044 vobis
2432 1990 2614 2062 (Joan.
2642 2005 2752 2055 xvr,
2785 1990 2900 2060 25).
2930 1988 3065 2057 Quia
3117 1998 3174 2046 et
3206 1990 3255 2046 si
3286 2005 3392 2046 non
3417 1989 3498 2046 eis

1898 2098 1998 2154 pro
2050 2083 2246 2153 quibus
2290 2081 2525 2152 petimus
2569 2081 2738 2148 dabit,
2792 2091 2972 2136 tamen
3017 2082 3198 2149 nobis,
3243 2098 3368 2138 cum
3400 2097 3497 2152 pro

1899 2173 2129 2227 aliorum
2167 2173 2441 2228 erratibus
2468 2171 2892 2234 misericorditer
2917 2172 3338 2239 intervenimus,
3358 2188 3498 2242 pra:-

1898 2266 2065 2321 mium
2125 2275 2327 2322 nostra:
2382 2266 2732 2337 benignitatis
2798 2265 3064 2322 restituet.
3133 2265 3290 2334 Quod
3349 2266 3494 2321 enim

1898 2360 2120 2430 scripsit
2147 2360 2250 2414 sibi
2283 2376 2314 2414 a
2343 2359 2454 2416 Deo
2480 2359 2836 2430 prohibitum,
2871 2369 2932 2416 ut
2978 2375 3078 2431 pro
3104 2375 3191 2416 me
3233 2375 3339 2415 non
3365 2375 3492 2416 ora-

1897 2465 2003 2521 ret,
2031 2455 2293 2510 mentitur
2316 2463 2377 2509 ut
2407 2455 2562 2511 solet.
2593 2453 2694 2521 Qui
2719 2454 2863 2509 enim
2883 2452 3048 2522 jussit
3076 2453 3356 2524 discipulis
3381 2452 3496 2508 suis

1897 2545 2087 2600 dicens
2116 2562 2130 2600 :
2163 2545 2328 2602 Orate
2355 2560 2454 2614 pro
2481 2543 2935 2614 persequentibus
2958 2553 3014 2598 et
3039 2542 3496 2598 calumniantibus

1895 2652 2012 2701 vos,
2038 2647 2098 2690 ut
2122 2637 2243 2692 sitis
2265 2636 2360 2690 ﬁlii
2383 2636 2564 2692 Patris
2586 2635 2772 2701 vestri,
2801 2635 2894 2714 qui
2919 2635 2974 2690 in
2992 2635 3147 2691 costis
3171 2643 3253 2689 est
3272 2633 3492 2703 (Matth.

1895 2746 1949 2796 v,
1973 2730 2064 2798 44)
2095 2727 2109 2796 ἑ
2143 2739 2196 2786 et
2222 2731 2366 2801 quod
2395 2731 2561 2786 verbo
2588 2729 2793 2795 docuit,
2820 2730 2874 2784 in
2919 2745 3079 2785 cruce
3106 2743 3207 2800 pro
3233 2743 3292 2784 se
3316 2728 3494 2784 cruci—

1896 2824 2189 2895 ﬁgentibus
2220 2839 2461 2880 exorans
2485 2824 2744 2889 ostendit,
2775 2822 2877 2878 sibi
2911 2821 3010 2893 ips'i
3038 2822 3349 2878 contrarius
3373 2835 3496 2876 esse

1895 2933 2003 2973 non
2027 2919 2219 2986 potuit.
2251 2935 2269 2969 ι
2303 2917 2371 2972 Et
2397 2927 2619 2974 sanctus
2641 2916 2964 2973 C(elestinus
2990 2929 3126 2986 papa
3153 2914 3308 2985 (post.
3333 2915 3488 2983 epist.

1893 3013 1946 3082 8)
1975 3013 2144 3066 dicit:
2177 3031 2194 3064 ι
2239 3013 2708 3075 Ubseerationum,
2742 3011 3013 3080 inquiens,
3067 3007 3488 3064 sacerdotalium

1895 3114 2236 3161 sacramenta
2270 3103 2643 3174 respiciamus,
2680 3119 2799 3174 qua:
2834 3102 2901 3155 ab
2928 3099 3186 3170 apostolis
3212 3098 3408 3152 tradita
3437 3096 3492 3152 in

1895 3208 2008 3254 toto
2039 3199 2239 3253 mundo
2280 3206 2444 3267 atque
2472 3196 2695 3251 inomni
2725 3194 2990 3250 catholica
3015 3193 3255 3248 Ecclesia
3287 3191 3494 3248 unifor-

1893 3293 2054 3347 miter
2099 3290 2466 3354 celebrantur,
2521 3299 2582 3344 ut
2629 3289 2799 3359 legem
2848 3288 3102 3345 credendi
3153 3286 3238 3342 lex
3290 3295 3494 3342 statuat

1892 3381 2253 3452 supplicandi.
2287 3381 2426 3436 Cum
2447 3382 2593 3435 enim
2627 3388 2938 3435 sanctarum
2967 3379 3200 3449 plebium
3228 3378 3491 3448 praesules

1892 3474 2150 3529 mandata
2199 3473 2420 3529 sibimet
2448 3472 2720 3544 legatione
2753 3471 3046 3542 fungantur
3075 3470 3213 3539 apud
3245 3469 3491 3524 divinam

1893 3565 2261 3626 clementiam,
2307 3564 2530 3620 humani
2580 3563 2796 3634 generis
2822 3569 2988 3633 agunt
3012 3576 3253 3626 causam,
3283 3567 3340 3614 et
3379 3569 3492 3614 tota

1892 3671 2077 3712 secum
2117 3654 2358 3708 Ecclesia
2387 3655 2848 3725 congemiscente,
2882 3651 3155 3722 postulant
3182 3659 3237 3704 et
3267 3665 3494 3720 precan-

1893 3757 2000 3811 tur,
2031 3755 2093 3801 ut
2140 3746 2448 3801 inﬁdelibus
2487 3746 2719 3800 donetur
2774 3743 2926 3808 ﬁdes,
2978 3751 3038 3797 ut
3097 3742 3393 3798 idololatra:
3421 3743 3490 3796 ab

1891 3835 2187 3905 impietatis
2216 3851 2326 3891 sua:
2370 3835 2668 3890 liberentur
2713 3834 3007 3899 erroribus,
3055 3842 3112 3887 ut
3151 3831 3353 3890 Judaeis
3396 3833 3490 3888 ab-

1892 3927 2003 3982 lato
2032 3927 2212 3983 cordis
2250 3927 2519 3982 velamine
2559 3925 2650 3980 lux
2679 3925 2926 3981 veritatis
2963 3933 3239 3996 appareat,
3283 3934 3343 3980 ut
3378 3925 3489 3980 ha:-

1891 4021 2050 4076 retici
2071 4020 2351 4076 catholicae
2371 4020 2494 4075 ﬁdei
2516 4019 2852 4090 perfectione
2875 4017 3220 4086 resipiscam,
3244 4027 3303 4072 ut
3342 4017 3490 4073 schi-

1892 4114 2108 4169 smatici
2131 4114 2379 4184 spiritum
2406 4112 2660 4169 rediviva:
2683 4108 2968 4164 charitatis
3006 4108 3295 4178 accipiant,
3319 4118 3378 4162 ut
3408 4108 3488 4162 la-

1890 4207 2004 4277 psis
2027 4203 2358 4274 poenitentiae
2381 4203 2618 4258 remedia
2657 4200 3028 4266 conferantur,
3052 4208 3109 4252 ut
3141 4198 3374 4269 denique
3395 4213 3486 4255 ca-

1893 4297 2230 4354 techumenis
2255 4296 2321 4351 ad
2365 4294 2790 4366 regenerationis
2826 4301 3167 4349 sacramenta
3208 4291 3486 4361 perductis

1892 4389 2125 4447 «mestis
2146 4388 2530 4444 misericordiae
2550 4387 2674 4442 aula
2696 4395 2996 4443 reseretnr.
3023 4385 3150 4442 Haec
3171 4394 3349 4440 autem
3375 4399 3484 4440 non

1889 4483 2261 4556 perfunctorie
2287 4498 2464 4553 neque
2495 4482 2730 4537 inaniter
2779 4496 2809 4536 a
2861 4481 3092 4537 Domino
3138 4479 3269 4550 peti,
3303 4495 3483 4534 rerum

1819 4613 1867 4673 Β
1894 4578 2134 4648 ipsarum
2183 4582 2450 4631 monstrat
2491 4570 2733 4638 elfectus,
2764 4571 3202 4642 quandoquidem
3236 4586 3305 4625 ex
3337 4569 3484 4627 omni

1899 4685 2147 4726 errorum
2175 4684 2374 4740 genere
2423 4668 2684 4738 plurimos
2729 4665 2873 4721 Deus
2915 4667 3166 4737 dignatur
3191 4666 3487 4730 attrahere,

1899 4778 2040 4834 quos
2065 4771 2248 4816 erutos
2295 4762 2360 4815 de
2404 4767 2672 4829 potestate
2718 4758 3064 4814 tenebrarum
3099 4759 3388 4814 transferat
3432 4759 3486 4811 in

1899 4872 2123 4928 regnum
2150 4855 2270 4909 Filii
2294 4854 2557 4909 claritatis
2602 4870 2736 4918 sine,
2781 4862 2834 4908 et
2876 4870 2941 4908 ex
2971 4854 3113 4908 vasis
3172 4854 3264 4908 irre
3321 4851 3489 4906 Γεηιίειι

1898 4963 2028 5003 vasa
2062 4947 2484 5012 misericordiae;
2517 4947 2660 5016 quod
2707 4946 2842 5000 adeo
2890 4954 3062 5000 totum
3105 4945 3272 4999 divini
3303 4945 3486 5013 operis

1899 5055 2022 5097 esse
2043 5040 2295 5102 sentitur,
2318 5047 2377 5092 ut
2400 5039 2515 5092 hzec
2536 5037 2788 5092 elﬁcienti
2817 5037 2927 5093 Deo
2951 5037 3244 5107 gratiarum
3269 5051 3486 5105 semper

1899 5135 2042 5190 actio
2092 5133 2376 5201 laudisque
2417 5130 2689 5188 confessio
2716 5145 2817 5202 pro
2863 5129 3254 5185 illuminatione
3295 5129 3483 5183 talium

1896 5225 1981 5280 vel
2010 5224 2349 5280 correctione
2375 5222 2702 5278 referantur.
2732 5241 2750 5275 ι
2779 5221 2848 5277 Ει
2873 5223 3063 5278 beatus
3088 5221 3324 5277 ostendit
3344 5220 3482 5276 Gre-

1896 5322 2102 5394 gorius,
2131 5338 2150 5371 ι
2179 5320 2304 5389 quia
2333 5335 2496 5375 nemo
2538 5318 2730 5382 malus,
2781 5318 2922 5373 sicut
2968 5317 3021 5370 in
3053 5315 3196 5370 malo
3225 5331 3323 5371 suo
3366 5331 3484 5368 mn-

1897 5414 2023 5478 tari,
2058 5413 2131 5466 ita
2155 5427 2262 5465 non
2297 5412 2454 5465 debet
2503 5427 2532 5463 a
2575 5424 2917 5479 quocunque,
2963 5409 3088 5463 dum
3130 5407 3184 5461 in
3234 5407 3332 5462 bac
3371 5407 3481 5460 vita

1894 5513 1995 5567 est,
2030 5501 2326 5572 desperari.
2358 5521 2376 5553 ι
2413 5500 2479 5554 Et
2512 5499 2640 5556 licet
2664 5501 2717 5554 in
2770 5498 2950 5554 Veteri
2981 5497 3356 5564 Testamento,
3386 5497 3476 5552 ubi

1893 5596 2157 5666 scriptum
2187 5602 2291 5657 est,
2319 5592 2520 5661 Diliges
2561 5591 2790 5646 amicum
2837 5599 3008 5656 tuum,
3052 5599 3100 5644 et
3130 5589 3252 5644 odio
3271 5589 3482 5646 habebis

1891 5687 2165 5744 inimicum
2185 5693 2334 5738 tuum
2353 5681 2568 5754 (Matth.
2591 5697 2648 5747 v,
2663 5681 2779 5752 45),
2799 5680 2945 5750 quod
2965 5677 3116 5736 Novo
3136 5678 3485 5736 Testamento

1894 5796 1994 5851 pro
2019 5788 2323 5847 temporum
2349 5773 2562 5830 ratione
2591 5773 2822 5830 mutavit
2865 5772 3054 5830 dicens
3083 5769 3334 5843 :Diligite
3377 5771 3483 5825 ini-

1896 5871 2058 5928 micos
2092 5878 2308 5936 vestros,
2356 5865 2641 5938 benefacite
2679 5866 2763 5922 his
2802 5865 2892 5939 qui
2927 5863 3149 5922 oderunt
3197 5878 3287 5919 vos
3331 5860 3480 5932 (ibid.
