4026 6340
498 427 604 486 615
695 443 702 448 ‘

1468 409 1805 472 HINCMARI
1843 407 2243 468 RHEMENSIS
2279 405 2809 467 ARCHIEPISCOPI

3689 409 3786 466 6l6

503 536 679 610 xuv),
709 535 919 606 legatur
960 527 1228 587 Dominus
1271 524 1574 584 dixisse'ad
1616 524 1910 583 Jeremiam
1955 539 2084 596 pro-
2109 521 2370 586 Aclesiae
2397 521 2658 578 Romanae
2683 522 3083 594 presbyterum,
3120 527 3176 577 et
3214 522 3356 579 sicut
3392 521 3520 580 hinc
3568 532 3788 582 sanctus

487 621 743 706 'phetam,
776 625 903 683 Noli
946 639 1100 680 orare
1141 638 1236 693 pro
1279 619 1470 691 populo
1516 619 1618 674 isto
1655 617 1793 690 (Jer.
1825 633 1924 698 Vl],
1969 617 2085 689 16),

504 732 703 786 tamen,
727 727 788 774 ut
832 718 1028 773 beatus
1070 711 1392 793 Ambrosius
1421 711 1477 766 in
1504 709 1641 766 libro
1672 710 1738 766 de
1771 707 2092 780 poenitentia

502 821 691 870 contra
719 808 1050 866 Novatianos
1079 805 1211 862 dicit
1262 804 1376 877 (lib.
1399 820 1440 870 1,
1470 818 1521 859 c.
1546 803 1601 875 8)
1631 820 1644 857 :
1675 820 1694 853 ‹
1725 800 1913 857 Oravit
1951 800 2094 856 idem

502 908 771 981 propheta
796 919 896 976 pro
916 900 1117 973 populo
1155 899 1370 964 eodem,
1412 904 1470 952 et
1513 895 1727 951 veniam
1768 893 2091 965 promeruit.

505 999 750 1068 Denique
799 991 1194 1050 intercessione
1244 987 1579 1060 prophetica,
1621 994 1676 1042 et
1723 985 2097 1041 obsecratione

510 1092 646 1148 tanti
676 1089 818 1145 vatis
873 1085 1104 1142 inﬂexus
1157 1081 1418 1138 Dominus
1457 1080 1590 1136 dicit
1627 1080 1696 1136 ad
1726 1077 2090 1143 Hierusalem,

506 1185 729 1241 Domine
759 1180 921 1253 552
951 1179 1273 1248 omnipotens
1295 1174 1437 1230 Deus
1461 1173 1654 1240 Israel,
1697 1174 1879 1226 anima
1907 1173 1963 1226 in
2004 1187 2100 1224 an-

508 1276 716 1348 gustiis,
743 1282 792 1328 et
817 1270 1034 1342 spiritus
1066 1266 1260 1322 anxius
1301 1264 1493 1320 clamat
1521 1264 1590 1319 ad
1635 1274 1706 1331 te,
1747 1263 1962 1330 exaudi,
1992 1262 2103 1317 Do-

511 1367 674 1430 mine,
698 1373 746 1419 et
771 1363 1017 1418 miserere
1063 1357 1324 1431 (Baruch.
1348 1355 1427 1427 '5).
1468 1357 1533 1412 Et
1555 1355 1711 1425 jubet
1730 1355 1910 1411 luctus
1938 1354 2103 1410 vesti-

510 1466 692 1514 menta
746 1453 964 1525 deponi,
1021 1460 1079 1508 et
1127 1449 1288 1520 abjici
1333 1449 1566 1522 gemitus
1609 1449 1962 1520 poenitentiae.
2013 1447 2106 1503 Sic

511 1549 658 1604 enim
686 1545 950 1616 scriptum
973 1550 1058 1598 est
1086 1541 1142 1597 in
1169 1542 1277 1596 ﬁne
1294 1539 1419 1597 libri
1447 1559 1460 1594 :
1485 1537 1638 1594 Exue
1660 1550 1727 1606 te,
1747 1537 2100 1602 Hierusalem,

511 1643 648 1700 stola
673 1643 846 1698 luctus
867 1651 916 1696 et
942 1639 1232 1696 vexationis
1261 1649 1387 1705 tute,
1415 1647 1462 1693 et
1482 1639 1642 1693 indue
1674 1648 1723 1693 te
1768 1639 1952 1692 decore
1990 1638 2106 1708 ejus

511 1753 630 1809 qua:
657 1735 808 1790 tibia
834 1734 946 1790 Deo
977 1733 1104 1787 data
1151 1740 1227 1787 est
1266 1731 1438 1802 gloria
1473 1732 1529 1786 in
1572 1740 1827 1786 aeternum
1850 1729 2104 1803 (Baruch.

515 1829 592 1902 v).
625 1849 644 1882 ι
671 1830 787 1900 Ipse
807 1843 938 1884 vero
957 1826 1484 1899 pseudomonachus,
1504 1826 1592 1881 vel
1609 1825 1745 1882 alius
1777 1826 1878 1881 hoc
1901 1823 1986 1880 vel
2005 1823 2111 1880 alio

2193 614 2431 686 Prosper
2457 629 2525 670 ex
2549 614 2703 670 libris
2723 615 2867 670 beati
2889 613 3180 687 Augustini
3204 615 3272 671 ad
3295 615 3632 688 objectiones
3661 617 3790 674 Gal-

2197 708 2396 776 lorum,
2435 717 2491 766 et
2530 708 3039 775 Vincentianorum,
3091 719 3148 766 et
3193 710 3548 770 Januensium
3599 715 3795 771 rescri-

2195 803 2326 874 psit,
2371 811 2426 859 et
2456 802 2638 858 caeteri
2663 802 2915 860 catholici
2945 804 3196 861 doctores
3241 806 3448 873 dicunt,
3481 807 3606 878 quia
3638 809 3795 864 sedes

2198 893 2490 964 apostolica
2518 935 2534 960 ,
2582 902 2640 949 et
2693 902 2885 950 sancta
2946 896 3218 953 catholica
3276 897 3544 964 Ecclesia,
3601 909 3660 955 et
3697 915 3797 956 nos

2199 987 2280 1043 sic
2340 987 2615 1043 credimus
2667 995 2724 1042 et
2776 997 3044 1044 tenemus.
3109 990 3186 1046 De
3250 999 3454 1046 sanctae
3506 1001 3694 1048 autem
3743 999 3802 1047 et

2201 1079 2578 1152 inseparabilis
2600 1079 2885 1137 Trinitatis
2901 1081 3122 1149 deitate,
3145 1097 3266 1152 quae
3286 1091 3372 1140 est
3389 1083 3574 1139 unitas
3612 1083 3800 1138 Trini-

2204 1173 2354 1238 tatis,
2378 1173 2456 1228 sic
2476 1171 2639 1228 crede
2676 1179 2733 1227 et
2765 1171 3049 1240 conﬁtere,
3089 1175 3232 1231 sicut
3270 1176 3466 1244 credit,
3507 1176 3804 1232 conﬁtetur

2203 1263 2364 1335 553
2423 1273 2478 1320 et
2523 1265 2781 1334 praedicat
2830 1275 3018 1322 sancta
3075 1267 3343 1324 catholica
3392 1276 3447 1324 et
3498 1269 3804 1341 apostolica

2205 1354 2446 1412 Ecclesia
2477 1355 2663 1411 dicens
2696 1373 2709 1410 :
2746 1355 2909 1413 Fides
2943 1358 3212 1415 catholica
3237 1359 3352 1415 haec
3379 1369 3499 1426 est,
3541 1373 3603 1416 ut
3633 1378 3805 1417 unum

2204 1449 2376 1503 Deum
2407 1446 2460 1502 in
2515 1446 2757 1504 trinitate
2780 1455 3158 1519 personarum
3187 1491 3203 1517 ,
3247 1461 3304 1506 et
3345 1452 3646 1508 trinitatem
3683 1469 3811 1524 per-

2207 1555 2465 1596 sonarum
2501 1539 2556 1594 in
2594 1541 2801 1597 unitate
2837 1542 3055 1598 deitatis
3092 1557 3438 1610 veneremur,
3471 1559 3651 1615 neque
3675 1561 3814 1600 con-

2208 1629 2496 1685 fundentes
2532 1643 2814 1698 personas,
2841 1632 2982 1687 sicut
3010 1631 3280 1690 Sabellius
3306 1641 3366 1690 ut
3391 1644 3502 1691 tres
3526 1651 3634 1690 non
3674 1637 3812 1701 sint,

2209 1737 2384 1793 neque
2410 1731 2472 1778 ut
2497 1722 2659 1778 Arius
2687 1724 3050 1782 substantiam
3078 1739 3418 1796 separantes,
3447 1734 3510 1782 ut
3538 1728 3684 1784 trina
3718 1729 3815 1792 sit,

2210 1816 2337 1886 quia
2365 1816 2472 1871 alia
2497 1824 2554 1873 et
2579 1832 2689 1872 non
2715 1816 2860 1872 aliud
2889 1827 2973 1874 est
2996 1834 3229 1888 persona
3256 1819 3456 1887 Patris,
3483 1820 3588 1875 alia
3617 1831 3672 1875 et
3705 1837 3816 1875 non

524 1897 710 1992 aliquo
729 1919 890 1976 modo
912 1897 1039 1974 ﬁdei
1062 1918 1288 1973 sincerae
1305 1917 1662 1983 adulterator,
1683 1925 1739 1971 et
1759 1925 1977 1988 apertus
2002 1916 2110 1970 hae—
2142 1897 2187 1958 Β
2215 1910 2361 1965 aliud
2395 1919 2479 1966 est
2507 1927 2738 1982 persona
2768 1912 2914 1980 Filii,
2941 1914 3048 1970 alia
3080 1923 3137 1970 et
3160 1930 3267 1971 non
3295 1915 3439 1970 aliud
3463 1926 3548 1970 est
3575 1930 3816 1987 persona

519 2014 726 2073 reticus
752 2053 767 2080 ,
808 2010 963 2082 cujus
1005 2010 1283 2065 orationes
1322 2025 1430 2064 non
1470 2009 1813 2064 commendat
1848 2007 2111 2084 charitas,

512 2120 615 2162 nec
636 2103 830 2175 recipit
848 2100 1116 2158 catholica
1141 2101 1297 2166 ﬁdes,
1318 2100 1405 2155 cui
1441 2098 1623 2155 taliter
1655 2099 1952 2171 postulanti
1990 2113 2114 2154 cum

516 2199 631 2254 suis
650 2195 1006 2266 complicibus
1029 2193 1317 2265 respondet
1341 2192 1605 2249 Dominus
1638 2208 1736 2264 per
1773 2191 2112 2266 Apostolum,

517 2289 704 2345 Petitis
745 2297 792 2343 et
824 2305 929 2342 non
971 2285 1225 2357 accipitis,
1269 2301 1328 2340 eo
1376 2286 1516 2357 quod
1548 2284 1684 2339 male
1726 2286 1922 2355 petitis,
1966 2295 2021 2338 ut
2062 2283 2117 2337 in

517 2379 948 2450 concupiscentiis
984 2377 1171 2432 vestris
1218 2377 1545 2431 consumatis
1593 2375 1735 2447 (Jac.
1776 2390 1850 2441 tv,
1888 2373 1964 2445 5).
2013 2373 2115 2442 Qui

518 2474 648 2530 talia
674 2481 867 2530 contra
913 2485 1156 2529 canones
1199 2485 1389 2528 sacros
1437 2471 1742 2542 praesumit,
1795 2471 1840 2526 si
1888 2469 2118 2540 gradum

518 2563 950 2620 ecclesiasticum
974 2563 1191 2618 videtur
1223 2562 1449 2628 habere,
1475 2576 1542 2618 eo
1583 2562 1789 2632 privari
1820 2560 1905 2615 vel
1926 2561 1994 2616 ab
2031 2575 2120 2615 ec-

520 2655 828 2712 clesiastica
860 2653 1246 2711 communione
1271 2652 1530 2728 separari
1551 2661 1636 2708 est
1666 2652 1880 2724 dignus.
1913 2650 2122 2706 Secun-

519 2750 646 2806 dum
697 2749 940 2821 regulam
992 2756 1175 2804 autem
1228 2746 1404 2803 sancti
1457 2745 1760 2812 Benedicti,
1815 2745 2118 2817 improbus,

519 2840 712 2908 durus,
757 2849 814 2896 et
859 2841 1149 2911 superbus,
1197 2839 1282 2894 vel
1323 2839 1661 2906 inobediens,
1695 2840 1986 2896 verberum
2034 2838 2121 2893 vel

524 2931 770 3002 corporis
799 2931 1182 3002 castigatione,
1213 2945 1323 2985 non
1370 2929 1548 2986 solum
1593 2930 1650 2984 in
1699 2945 1795 2986 sua
1824 2929 2121 3000 pertinacia

523 3039 874 3097 permanens,
907 3023 1006 3080 sed
1053 3030 1110 3080 et
1155 3023 1212 3078 in
1253 3022 1370 3094 ipso
1405 3023 1562 3078 initio
1596 3022 1828 3092 peccati,
1857 3031 1940 3078 est
1963 3036 2123 3077 coer-

527 3118 754 3183 cendus,
797 3125 855 3172 et
895 3130 928 3171 a
958 3116 1104 3171 sanis
1153 3114 1358 3171 Christi
1387 3114 1648 3171 membris
1696 3128 1926 3169 censura
1951 3113 2125 3169 eccle-

522 3212 746 3270 siastica
767 3211 1154 3284 segregandus,
1194 3227 1263 3265 ne
1301 3223 1410 3264 una
1458 3208 1576 3264 ovis
1609 3207 1900 3264 incurabili
1931 3208 2126 3263 morbo

521 3305 776 3378 languida
806 3312 980 3361 totum
1007 3317 1227 3376 gregem
1265 3301 1621 3358 contaminet.

596 3396 723 3453 llaec
777 3396 986 3462 omnia,
1040 3404 1164 3466 post
1223 3393 1424 3451 librum
1485 3393 1552 3448 de
1603 3391 2114 3461 Prmdestinatione,

523 3500 714 3548 contra
741 3489 1161 3547 Gothescalcum
1194 3497 1250 3546 et
1295 3488 1588 3559 complices
1632 3488 1772 3559 ejus,
1809 3496 2117 3544 asserentes

522 3585 650 3656 quia
674 3585 816 3642 sicut
837 3585 1100 3654 quosdam
1121 3583 1190 3640 ad
1212 3584 1403 3650 vitam,
1432 3583 1506 3638 ita
1536 3583 1795 3654 quosdam
1813 3583 1953 3639 Deus
1973 3599 2115 3654 prae-

528 3676 825 3733 destinavit
854 3678 924 3731 ad
966 3684 1220 3742 mortem,
1264 3675 1332 3731 de
1367 3675 1696 3732 authenticis
1733 3675 2042 3746 scripturis,
2064 3683 2120 3730 et

523 3768 915 3826 catholicorum
939 3768 1102 3825 dictis
1125 3767 1434 3834 collectum,
1459 3768 1643 3824 statim
1669 3767 1722 3822 in
1747 3767 1902 3823 initio
1924 3782 2034 3824 suae
2053 3769 2120 3823 de

524 3862 668 3918 trina
712 3861 913 3917 deitate
948 3859 1298 3930 blasphemiae
1338 3858 1530 3932 collegi
1559 3863 1633 3915 'et
1667 3859 1882 3930 scripsi,
1921 3866 1976 3914 et
2018 3874 2120 3930 per

526 3969 614 4009 me
635 3969 700 4008 ac
723 3968 821 4024 per
841 3951 1040 4008 fratres
1060 3967 1235 4020 meos,
1257 3950 1351 4009 sed
1374 3960 1430 4008 et
1449 3967 1545 4024 per
1562 3950 1870 4023 frequentia
1892 3951 2116 4022 scripta,

526 4054 588 4102 ut
613 4047 982 4119 resipisceret,
1017 4055 1074 4104 et
1115 4063 1146 4102 a
1181 4047 1294 4103 suis
1334 4047 1390 4102 in
1424 4046 1596 4102 Deum
1624 4045 1978 4119 blasphemiis
1999 4063 2121 4102 sen-

527 4154 649 4196 sum
671 4148 727 4195 et
746 4154 809 4196 os
833 4155 991 4196 suum
1013 4147 1320 4206 revocaret,
1343 4153 1485 4210 saepe
1507 4138 1841 4204 commonui,
1865 4139 1958 4194 sed
1981 4137 2125 4209 apud

527 4246 653 4287 eum
682 4230 817 4286 nihil
837 4228 1064 4302 profeci.
1090 4229 1334 4285 Tandem
1354 4243 1479 4285 cum
1514 4228 1649 4284 mihi
1687 4228 1998 4284 nuntiatum
2019 4227 2126 4284 fuit

527 4336 560 4378 a
582 4322 842 4379 fratribus
861 4320 1086 4388 nostris,
1111 4321 1308 4391 quibus
1348 4320 1415 4375 de
1444 4334 1510 4376 eo
1532 4319 1956 4376 sollicitudinem
1979 4319 2123 4375 dele-

529 4411 673 4484 gavi,
697 4412 823 4482 quia
844 4411 1007 4467 morti
1031 4411 1522 4481 apprOpinquabat,
1552 4410 1677 4466 misi
1710 4411 1758 4466 ei
1778 4425 1880 4481 per
1901 4411 2122 4466 eosdem

529 4503 729 4559 fratres
755 4505 896 4558 hanc
917 4518 1039 4572 quae
1076 4502 1322 4572 sequitur
1367 4501 1661 4557 scedulam.
1707 4501 1799 4557 Sic
1845 4502 2009 4559 crede
2057 4503 2122 4558 de

529 4595 1008 4667 praedestinatione
1033 4611 1062 4650 a
1092 4595 1205 4651 Deo
1241 4594 1559 4663 electorum,
1611 4603 1668 4651 et
1711 4594 1993 4651 relictione
2040 4611 2122 4652 re-

531 4687 845 4759 proborum,
879 4694 934 4742 et
970 4687 1097 4758 quia
1121 4685 1263 4743 Deus
1294 4701 1485 4744 omnes
1511 4685 1760 4742 homines
1805 4685 1920 4741 vult
1947 4685 2127 4743 salvos

533 4779 675 4850 ﬁeri,
711 4779 837 4835 licet
883 4795 990 4835 non
1033 4793 1224 4837 omnes
1264 4779 1561 4847 salventur,
1609 4787 1665 4835 et
1711 4780 1803 4850 qui
1852 4779 2129 4836 salvantur

532 4870 794 4927 salvantis
819 4869 890 4926 sit
917 4870 1143 4937 donum,
1170 4879 1226 4927 et
1261 4871 1355 4941 qui
1393 4878 1624 4942 pereunt
1670 4872 2010 4943 pereuntium
2057 4872 2131 4927 sit

533 4964 808 5031 meritum,
861 4972 917 5020 et
949 4963 1076 5034 quia
1125 4964 1270 5020 Deus
1306 4978 1370 5019 ac
1417 4964 1680 5021 Dominus
1734 4973 1921 5021 noster
1963 4964 2124 5021 Jesus

534 5055 782 5111 Christus
805 5068 905 5124 pro
930 5053 1181 5110 omnibus
1207 5068 1402 5125 passus
1426 5054 1516 5121 sit,
1538 5052 1692 5124 cujus
1717 5055 1937 5128 sanguis
1961 5055 2126 5111 totius

535 5147 722 5204 mundi
752 5155 836 5203 est
863 5146 1120 5217 pretium,
1147 5161 1177 5201 a
1202 5162 1311 5218 quo
1335 5147 1582 5202 extranei
1610 5157 1733 5204 sunt
1763 5150 1855 5221 qui
1883 5149 2132 5206 delectati

537 5236 848 5307 captivitate
868 5237 1063 5293 redimi
1088 5235 1395 5303 noluerunt,
1444 5245 1538 5292 aut
1561 5247 1682 5309 post
1707 5240 2133 5309 redemptionem

538 5330 829 5401 peccando,
860 5339 915 5385 et
945 5331 1001 5385 in
1051 5330 1290 5401 peccatis
1335 5331 1494 5386 corde
1525 5331 1900 5404 impwnitente
1947 5347 2132 5402 perse-

539 5423 802 5490 verando,
833 5424 898 5477 ad
927 5424 1174 5479 eamdem
1207 5432 1334 5479 sunt
1367 5425 1683 5480 servitutem
1720 5423 1946 5480 reversi.
1978 5425 2046 5480 Et
2065 5425 2136 5482 de

541 5518 713 5588 gratia
726 5527 781 5572 et
796 5517 966 5573 libero
979 5516 1223 5584 arbitrio,
1241 5517 1385 5574 sicut
1399 5527 1620 5573 sanctus
1632 5517 1967 5588 Augustinus
1979 5517 2138 5574 docet

541 5611 596 5668 in
626 5611 710 5667 his
747 5611 900 5667 libris
929 5612 1060 5679 suis,
1097 5612 1150 5667 id
1189 5620 1276 5669 est
1323 5613 1390 5669 de
1445 5613 1798 5684 Correptione
1838 5622 1894 5671 et
1918 5613 2132 5684 Gratia,

543 5706 612 5759 de
666 5701 1150 5762 Praedestinatione
1199 5713 1537 5774 sanctorum,
1581 5709 1648 5764 de
1679 5707 1830 5764 Dono
1867 5707 1952 5765 vel
1983 5706 2135 5765 Bono

543 5798 988 5866 perseverantiae,
1011 5805 1067 5854 et
1092 5798 1149 5854 in
1176 5797 1317 5856 libro
1345 5799 1413 5856 de
1445 5797 1647 5870 Spiritu
1675 5808 1730 5856 ct
1753 5801 1980 5869 Littera,
2007 5809 2063 5858 ct
2083 5801 2137 5856 in

549 5885 684 5943 libro
723 5886 1206 5959 Hypomnesticon,
1249 5899 1306 5948 et
1347 5890 1402 5946 in
1443 5891 1671 5960 epistola
1698 5892 1766 5950 ad
1797 5893 2008 5950 Sixtum
2037 5893 2138 5950 Eo-

2218 2001 2452 2072 Spiritus
2489 2002 2691 2070 sancti,
2723 2004 2818 2060 sed
2847 2004 3027 2060 Patris
3053 2013 3109 2061 et
3136 2005 3258 2062 Filii
3283 2015 3338 2061 et
3367 2005 3607 2078 Spiritus
3637 2008 3820 2062 sancti

2215 2109 2323 2148 una
2349 2101 2432 2149 est
2454 2093 2725 2160 divinitas,
2758 2095 2984 2166 aqualis
3009 2096 3203 2168 gloria,
3232 2106 3501 2154 coaeterna
3531 2097 3819 2170 majestas,

2219 2195 2274 2243 et
2313 2186 2368 2241 in
2399 2187 2504 2243 bac
2546 2196 2733 2242 sancta
2763 2195 2818 2243 et
2854 2188 3203 2258 inseparabili
3254 2188 3519 2245 Trinitate
3555 2189 3697 2244 nihil
3739 2199 3823 2245 est

2216 2278 2367 2348 prius
2395 2284 2488 2333 aut
2512 2279 2802 2348 posterius,
2835 2278 2969 2333 nihil
2996 2277 3174 2349 majus
3209 2279 3294 2334 vel
3325 2279 3526 2346 minus,
3559 2279 3659 2334 sed
3693 2289 3824 2334 totae

2221 2382 2334 2425 tres
2376 2385 2622 2440 personae
2645 2409 2662 2437 ,
2709 2369 2870 2425 Pater
2908 2378 2963 2425 et
3005 2369 3176 2426 Filius
3209 2378 3263 2426 et
3302 2370 3537 2442 Spiritus
3569 2379 3819 2436 sanctus,

2219 2472 2506 2520 coaeternae
2538 2463 2640 2519 sibi
2673 2471 2799 2520 sunt
2832 2472 2888 2520 et
2916 2463 3155 2534 aequales
3178 2505 3194 2530 ,
3245 2465 3322 2520 ita
3364 2473 3426 2521 ut
3468 2480 3569 2535 per
3610 2466 3820 2533 omnia,

2221 2558 2358 2613 sicut
2381 2556 2496 2628 jam
2547 2557 2918 2628 supradictum
2971 2565 3076 2624 est,
3103 2566 3158 2613 et
3184 2557 3426 2614 Trinitas
3453 2573 3819 2629 personarum

2220 2650 2275 2705 in
2321 2651 2527 2706 unitate
2576 2651 2828 2716 deitatis,
2875 2659 2932 2706 et
2959 2650 3141 2706 unitas
3183 2650 3402 2707 deitatis
3442 2650 3499 2705 in
3548 2649 3821 2706 Trinitate

2217 2755 2576 2818 personarum
2611 2742 2917 2798 veneranda
2951 2742 3041 2797 sit.
3092 2741 3161 2797 Et
3206 2741 3251 2798 si
3291 2742 3365 2797 ita
3417 2741 3720 2798 credideris
3766 2743 3820 2797 in

2221 2835 2386 2891 corde
2418 2848 2540 2901 tuo,
2572 2843 2626 2891 et
2647 2834 2725 2890 ita
2755 2833 3031 2905 professus
3071 2833 3240 2890 fueris
3271 2835 3326 2889 in
3373 2848 3470 2888 ore
3509 2842 3627 2898 tuo,
3657 2843 3717 2890 et
3746 2833 3818 2888 ita

2224 2926 2610 2996 subscripseris
2634 2941 2817 2982 coram
2849 2927 3078 2982 testibus
3103 2942 3265 2982 manu
3298 2933 3389 2982 tua
3421 2934 3474 2981 te
3503 2925 3736 2982 credere
3769 2935 3824 2982 et

2222 3015 2489 3087 proﬁteri,
2519 3024 2574 3072 et
2602 3016 2658 3071 in
2686 3015 2789 3072 hac
2817 3017 3136 3073 credulitate
3157 3025 3213 3072 et
3233 3016 3572 3088 professione
3597 3031 3823 3086 perma-

2224 3121 2376 3172 nere,
2406 3104 2613 3177 judicio
2656 3106 2828 3162 sancti
2874 3105 3133 3178 Spiritus,
3170 3122 3267 3177 per
3310 3107 3616 3179 episcopale
3653 3108 3820 3163 mini-

2227 3197 2473 3264 sterium,
2504 3213 2612 3269 quo
2637 3197 2921 3254 damnatus
2947 3212 3026 3265 es,
3068 3198 3272 3255 absolvi
3303 3199 3529 3269 poteris,
3569 3207 3624 3254 et
3651 3199 3822 3269 parti~

2141 3277 2189 3341 C
2220 3290 2478 3360 cipationi
2524 3289 2772 3361 corporis
2812 3299 2868 3346 et
2911 3291 3190 3362 sanguinis
3239 3290 3455 3347 Domini
3485 3292 3664 3347 nostri
3692 3290 3822 3348 Iesu

2221 3382 2444 3450 Christi,
2476 3393 2532 3440 et
2565 3386 2935 3442 communioni
2965 3385 3246 3442 catholied
3279 3385 3536 3442 Ecclesiae
3566 3387 3822 3443 restitue-

2220 3476 2316 3532 ris.
2367 3476 2485 3547 Ipse
2531 3491 2664 3532 vero
2712 3477 2830 3533 haec
2875 3477 3099 3533 audiens
3141 3477 3194 3532 in
3241 3476 3481 3534 furorem
3509 3493 3728 3544 versus,
3757 3493 3820 3533 ea

2221 3584 2344 3640 quae
2375 3569 2478 3624 sibi
2507 3569 2762 3626 mandata
2807 3578 2934 3626 sunt
2979 3568 3270 3636 detestari,
3311 3579 3367 3624 et
3394 3569 3630 3641 amplius
3655 3571 3823 3640 coapit

2224 3660 2625 3731 blasphemare.
2654 3660 2785 3717 Post
2810 3661 3107 3718 discessum
3136 3663 3369 3734 denique
3393 3677 3424 3718 a
3455 3678 3543 3718 me
3575 3663 3816 3734 ipsorum

2222 3752 2452 3808 fratrum
2478 3795 2494 3820 ,
2533 3755 2841 3827 recogitans
2867 3755 3125 3812 duritiam
3154 3755 3331 3823 illius,
3363 3767 3416 3813 et
3446 3772 3542 3812 cor
3571 3756 3816 3827 impaeni-

2224 3852 2366 3911 tens,
2400 3844 2526 3901 misi
2569 3843 2830 3902 fratribus
2867 3847 3072 3902 nostris
3108 3846 3162 3902 in
3192 3847 3523 3903 monasterio
3553 3845 3820 3902 Altivilla-

2224 3936 2322 4004 ris,
2355 3937 2410 3990 in
2440 3952 2549 4007 quo
2575 3937 2822 4010 degebat,
2852 3937 2994 3995 hanc
3021 3955 3142 4010 qua:
3182 3940 3428 4011 sequitur
3454 3941 3735 4012 paginam,
3767 3950 3820 3994 ut

2225 4027 2271 4082 si
2298 4027 2623 4098 respiciente
2651 4029 2879 4086 Domino
2907 4045 2941 4085 a
2976 4045 3074 4087 sua
3095 4047 3351 4103 perversa
3381 4032 3742 4105 intelligentia
3769 4048 3821 4089 et

2225 4138 2395 4195 prava
2429 4124 2698 4180 sententia
2739 4140 2799 4182 se
2831 4135 3154 4196 revocaret,
3203 4135 3430 4200 agerent
3459 4128 3526 4184 de
3556 4127 3652 4184 illo
3684 4129 3820 4185 sicut

2227 4217 2308 4272 eis
2334 4218 2516 4274 verbis
2535 4217 2648 4290 jam
2693 4219 2955 4276 dixeram.
2991 4221 3086 4277 Sin
3123 4229 3327 4290 autem,
3360 4221 3564 4278 scirent
3591 4221 3820 4293 qualiter

2227 4325 2356 4382 erga
2381 4325 2506 4367 eum
2537 4312 2834 4368 secundum
2863 4313 3080 4383 regulas
3105 4329 3293 4371 sacras
3320 4328 3511 4384 gerere
3539 4313 3814 4370 deberent.

2227 4402 2342 4460 Hoc
2369 4407 2529 4461 modo
2553 4421 2654 4476 pro
2683 4415 2947 4477 tempore,
2984 4407 3126 4463 sicut
3153 4407 3288 4463 mihi
3318 4407 3490 4475 licuit,
3519 4407 3636 4463 dixi
3673 4407 3817 4463 vobis

2229 4515 2334 4569 qua
2365 4501 2695 4568 conditione,
2722 4502 2770 4579 si
2810 4505 2869 4558 Se
2899 4501 3291 4560 Gotbcscalcus
3321 4514 3609 4576 antequam
3643 4506 3816 4560 anima

2232 4591 2372 4648 illius
2401 4594 2710 4665 egrediatur
2735 4594 2801 4650 de
2829 4609 3058 4667 corpore
3094 4598 3488 4668 recognoverit,
3518 4606 3574 4652 et
3604 4599 3816 4670 spirita-

2231 4683 2337 4740 lem
2378 4693 2434 4740 et
2461 4686 2799 4757 corporalem
2827 4686 3220 4744 humanitatem
3257 4688 3333 4744 illi
3362 4689 3687 4748 exhibeatis.
3718 4688 3816 4746 Sed

2232 4793 2303 4834 ne
2330 4778 2462 4849 quid
2485 4779 2640 4835 vobis
2668 4779 2808 4836 desit
2838 4779 2894 4836 in
2923 4780 3029 4837 ulla
3061 4783 3255 4852 gratia,
3289 4783 3671 4839 auctoritatem
3702 4780 3818 4837 inde

2235 4874 2662 4932 ecclesiasticam
2689 4889 2759 4931 ex
2787 4876 2972 4932 verbis
3005 4875 3431 4932 orthodoxorum
3458 4877 3614 4933 vobis
3645 4885 3812 4932 trans-

2232 4968 2406 5024 mitto.
2456 4968 2546 5023 Ait
2584 4967 2727 5024 enim
2775 4967 2844 5024 de
2890 4966 3199 5038 huiusmodi
3245 4967 3376 5032 Leo,
3408 4977 3470 5023 ut
3515 4968 3562 5023 si
3591 4967 3815 5023 ﬁdeliter

2235 5057 2397 5124 dolet,
2426 5067 2481 5114 et
2502 5073 2665 5129 quam
2695 5064 2842 5114 recte
2886 5067 3029 5114 mota
3078 5059 3147 5115 sit
3179 5060 3322 5131 "erga
3350 5073 3473 5114 eum
3505 5058 3814 5129 episcOpalis

2237 5150 2534 5206 auctoritas
2559 5150 2646 5206 vel
2671 5166 2794 5206 sero
2824 5152 3124 5221 cognoscit,
3150 5151 3235 5208 vel
3265 5152 3312 5207 si
3343 5152 3411 5208 ad
3439 5150 3812 5207 satisfactionis

2233 5241 2624 5312 plenitudinem
2653 5243 2835 5298 omnia
2865 5258 2985 5314 quae
3015 5243 3082 5298 ab
3111 5258 3176 5299 eo
3205 5243 3345 5299 male
3368 5253 3497 5299 sunt
3535 5256 3707 5306 sensa,
3735 5237 3810 5294 vei

2235 5334 2354 5389 viva
2379 5349 2532 5402 voce,
2560 5333 2644 5390 vel
2670 5335 2822 5407 signo
2851 5334 3179 5408 competenti
3211 5334 3572 5403 damnaverit,
3602 5343 3658 5390 et
3678 5346 3808 5388 com-

2236 5428 2552 5486 munionem
2592 5429 2978 5486 ecclesiastica:
3022 5429 3250 5486 unitatis
3287 5445 3352 5487 ac
3389 5430 3542 5502 pacis
3576 5443 3701 5486 vace
3730 5422 3807 5479 vel

2236 5524 2390 5598 signo
2422 5527 2746 5599 competenti
2770 5527 3009 5597 petierit,
3036 5525 3409 5583 reconciliatio
3434 5534 3490 5582 et
3520 5518 3806 5581 communio

2237 5617 2314 5674 illi
2341 5633 2449 5674 non
2475 5619 2794 5690 denegetur,
2817 5619 2961 5676 sicut
2987 5619 3335 5688 C(elestinus,
3360 5627 3418 5676 et
3443 5618 3576 5686 Leo,
3603 5625 3656 5674 et
3678 5610 3802 5671 sacri

2237 5723 2471 5766 canones
2503 5711 2876 5767 decreverunt.
2925 5710 2997 5766 Et
3036 5711 3081 5767 si
3132 5712 3196 5770 in,
3234 5711 3340 5768 hac
3387 5709 3713 5768 confessione
3743 5715 3802 5757 ac

2240 5804 2619 5861 communione
2663 5787 2881 5871 obierit,
2915 5805 3058 5862 sicut
3103 5795 3315 5862 caeteris
3363 5804 3634 5868 fratribus,
3662 5800 3802 5854 itaet

2239 5893 2315 5952 illi
2339 5911 2680 5953 communem
2710 5896 3066 5969 sepulturam,
3099 5913 3164 5955 ac
3189 5896 3484 5970 sepeliendi
3509 5888 3727 5952 ofﬁcium
3745 5889 3802 5940 et
