4026 6340
185 380 291 437 ϐΙῗ

1220 369 1308 426 DE
1345 367 1487 424 UNA
1525 364 1612 420 ΕΤ
1654 362 1791 419 NON
1835 358 2043 415 TBINA
2084 359 2402 418 DEITATE.

3359 364 3463 419 618

182 491 488 547 orationem
529 494 654 559 post
696 485 903 542 obitum
933 485 1206 547 exhibete,
1235 485 1361 554 quia
1391 481 1649 538 Dominus
1677 493 1774 532 nov
1800 483 1850 540 Α
1877 483 1936 529 ut
1960 475 2202 530 vivorum
2225 485 2279 531 et
2307 487 2642 532 mortuorum
2669 477 2979 531 dominetur
3002 474 3173 540 (Rom.
3199 492 3310 539 xiv,
3333 477 3406 548 9).
3441 496 3460 529 ι

181 599 318 649 ater,
344 597 503 636 verus
525 591 581 635 et
605 581 779 635 bonus
798 579 1016 643 Pastor,
1041 578 1133 648 qui
1159 577 1394 632 animam
1417 590 1569 629 suam
1595 572 1775 642 posuit

181 690 282 746 pro
309 673 503 727 ovibus
537 671 682 735 suis,
720 680 776 725 et
815 671 904 739 qui
936 670 1083 724 venit
1121 669 1328 723 animas
1358 666 1634 749 hominum
1667 662 1775 717 sal-

181 778 340 830 vare,
377 777 481 816 non
511 760 758 831 perdere,
787 761 1086 814 imitatores
1100 775 1197 814 nos
1225 774 1336 814 sua:
1367 756 1480 810 vult
1507 771 1626 810 esse
1657 754 1776 825 pie--

182 861 338 918 tatis,
367 864 426 908 ut
450 864 736 924 peccantes
753 853 958 922 justitia
984 861 1252 917 coerceat,
1281 866 1572 906 conversos
1597 859 1777 902 autem

182 946 243 1000 in
273 944 644 1000 misericordia
677 960 783 998 non
818 944 1059 1014 repellat.
1112 943 1169 998 Si
1221 952 1400 997 autem
1449 941 1501 995 in
1539 939 1778 995 obstina-

183 1042 337 1096 tione
375 1056 470 1095 sua
501 1055 672 1108 usque
713 1039 780 1094 ad
816 1049 1045 1094 mortem
1073 1035 1456 1108 permanserit,
1487 1033 1776 1088 tenendum

79 1202 92 1216 .
181 1133 347 1187 nobis
368 1131 440 1186 de
469 1132 557 1186 illo
586 1141 672 1187 est
722 1134 867 1203 quod
915 1141 1135 1186 sanctus
1165 1131 1275 1185 Leo
1303 1131 1368 1184 de
1420 1127 1583 1200 554
1625 1141 1776 1181 com-

181 1220 448 1280 munione
473 1224 698 1294 privatis
727 1235 780 1280 et
817 1226 890 1279 ita
927 1225 1196 1280 defunctis
1227 1223 1357 1278 dicit
1401 1222 1572 1291 (epist.
1604 1219 1674 1275 95
1709 1219 1778 1272 ad

183 1314 469 1368 Rusticum
495 1314 757 1384 Narbon.)
802 1334 814 1369 :
871 1334 888 1367 ι
920 1315 1148 1379 Horum,
1191 1313 1462 1383 inquiens,
1493 1327 1655 1367 causa
1686 1310 1781 1365 Dei

175 1403 394 1474 judicio
418 1404 744 1459 reservanda
767 1413 868 1471 est,
897 1405 950 1459 in
980 1404 1135 1473 cujus
1163 1419 1323 1458 manu
1356 1403 1474 1467 fuit,
1507 1411 1565 1455 ut
1593 1400 1778 1454 talium

181 1497 374 1550 obitus
400 1511 571 1564 usque
599 1496 667 1549 ad
701 1496 1097 1550 communionis
1124 1495 1422 1550 remedium
1451 1493 1776 1549 differretur.

182 1584 301 1640 Nos
331 1595 513 1641 autem
543 1587 740 1656 quibus
770 1586 1074 1641 viventibus
1102 1601 1208 1641 non
1240 1585 1778 1646 communicavimus,

183 1676 426 1730 mortuis
474 1678 881 1732 communicare
933 1693 1041 1732 non
1097 1693 1404 1747 possumus.
1452 1695 1472 1728 ι
1530 1676 1598 1729 Et
1652 1675 1782 1729 item

184 1768 370 1841 (epist.
405 1768 474 1823 59
502 1769 572 1823 ad
608 1768 938 1825 Theodorum
966 1769 1237 1841 Forojul.)
1270 1788 1283 1824 :
1328 1788 1346 1820 t
1377 1769 1470 1833 Si,
1504 1768 1779 1839 inquiens,

1880 568 2034 623 Unde
2069 578 2126 623 et
2162 569 2286 622 alibi
2325 571 2401 624 ait
2451 569 2503 639 (I
2530 569 2708 623 Thess.
2734 585 2788 632 v,
2812 571 2865 639 9)
2919 587 2930 621 :
2983 587 3001 617 α
3043 569 3310 636 Quoniam
3359 583 3468 625 non

1876 659 2056 730 posuit
2087 676 2185 714 nos
2223 661 2363 715 Deus
2392 661 2444 715 in
2477 661 2634 726 iram,
2665 661 2758 716 sed
2789 661 2844 714 in
2882 661 3297 729 acquisitionem
3326 659 3468 716 salu-

1878 750 1968 814 tis,
2021 766 2120 820 per
2167 751 2455 805 Dominum
2508 761 2750 805 nostrum
2797 750 2981 807 Jesum
3027 750 3328 816 Christum,
3377 753 3470 822 qui

1877 850 2125 895 mortuus
2151 850 2234 894 est
2280 856 2377 910 pro
2407 839 2584 903 nobis,
2614 849 2692 904 ut,
2719 841 2831 895 sive
2861 841 3163 911 vigilemus,
3203 842 3317 895 sive
3346 841 3475 896 dor-

1878 931 2130 995 miamus,
2151 931 2309 986 simul
2331 947 2452 985 cum
2478 932 2568 986 illo
2591 931 2852 984 vivamus.
2878 951 2896 983 ι
2917 930 3269 998 Quiescentes
3291 942 3473 986 autem

1878 1026 1933 1081 in
1956 1024 2172 1080 Christo
2203 1039 2346 1091 sunt,
2371 1029 2436 1081 de
2461 1028 2659 1096 quibus
2685 1026 2818 1082 dicit
2856 1027 3165 1096 Apostolus,
3195 1038 3248 1082 et
3276 1029 3476 1084 mortui

1878 1121 1969 1190 qui
2001 1122 2052 1175 in
2076 1119 2292 1176 Christo
2316 1130 2443 1176 sunt
2465 1131 2748 1192 resurgent
2771 1121 2927 1191 primi
2949 1121 2998 1191 (Ι
3021 1120 3394 1193 Thess.tv,l'5),
3419 1133 3478 1178 et

1883 1213 1946 1267 de
1973 1212 2170 1282 quibus
2200 1213 2328 1266 item
2361 1214 2620 1282 scriptum
2661 1222 2748 1266 est
2780 1230 2792 1265 :
2830 1229 2849 1263 t
2880 1212 3074 1266 Beatus
3103 1214 3196 1282 qui
3225 1215 3478 1271 habuerit

1880 1318 2092 1377 partem
2139 1309 2191 1363 in
2220 1311 2620 1364 resurrectione
2643 1351 2658 1374 ,
2704 1325 2810 1364 nou
2862 1310 3088 1365 hedetur
3111 1325 3142 1364 a
3177 1318 3353 1364 morte
3388 1323 3479 1364 se-

1883 1403 2056 1456 cunda
2086 1400 2268 1472 (Apoc.
2298 1419 2389 1467 xx,
2415 1403 2490 1472 6).
2526 1422 2543 1454 ›
2584 1401 2736 1458 Unde
2764 1413 2817 1456 et
2843 1401 3010 1458 Judas
3038 1402 3304 1472 pontifex,
3335 1403 3478 1457 sicut

1885 1491 1937 1545 in
1970 1491 2110 1546 libro
2136 1491 2562 1548 Machabtcorum
2610 1493 2840 1563 legimus
2878 1491 2973 1563 (II
2999 1493 3177 1548 Much.
3212 1510 3310 1558 xu,
3347 1493 3475 1562 45),

1882 1597 1985 1653 pro
2031 1583 2116 1638 his
2154 1585 2245 1653 qui
2292 1600 2414 1638 cum
2460 1586 2659 1655 pietate
2703 1583 3082 1640 dormitionem
3128 1593 3473 1654 acceperant,

1887 1679 2035 1733 misit
2070 1678 2460 1750 Hierosolymis
2495 1678 2786 1733 offerenda.
2830 1677 2895 1732 Et
2924 1680 2999 1740 si,
3039 1687 3098 1732 ut
3127 1678 3386 1748 praemisi,
3421 1677 3476 1730 in

1887 1770 2378 1844 obstinationesua
2411 1785 2734 1840 permanens
2782 1768 2945 1824 fuerit
2994 1779 3282 1833 mortuus,
3333 1769 3480 1822 sicut

185 1866 394 1936 aliquis
444 1879 629 1920 eorum
697 1881 796 1935 pro
865 1865 1061 1934 quibus
1111 1863 1339 1920 Domino
1397 1862 1782 1933 supplicamus,
1815 1854 1860 1913 B
1888 1876 1956 1916 ex
1983 1861 2305 1916 auctoritate
2345 1861 2489 1916 beati
2541 1862 2787 1932 Gregorii
2816 1869 2870 1915 et
2901 1873 3178 1915 sacrorum
3207 1875 3477 1914 canonum

185 1969 520 2024 quocunque
559 1955 889 2024 interceptus
917 1953 1199 2008 obstaculo
1229 1968 1259 2006 a
1289 1967 1516 2008 munere
1543 1968 1785 2022 praesen-

173 2049 268 2103 tis
288 2047 637 2118 indulgentiae
667 2046 949 2109 exciderit,
980 2056 1033 2102 et
1059 2046 1375 2116 priusquam
1399 2045 1465 2099 ad
1495 2046 1786 2100 constituta

187 2139 440 2193 remedia
470 2138 796 2207 pervenerit,
825 2137 1174 2208 temporalem
1203 2137 1369 2191 vitam
1400 2137 1634 2192 humana
1661 2152 1789 2192 con-

188 2229 406 2284 ditione
430 2229 647 2295 finierit,
672 2229 813 2299 quod
844 2244 1069 2283 manens
1096 2229 1148 2282 in
1174 2244 1401 2299 corpore
1431 2245 1539 2284 non
1563 2228 1786 2299 recepit,

187 2322 458 2391 consequi
490 2331 684 2376 exutus
714 2336 878 2376 carne
922 2336 1028 2375 non
1059 2322 1275 2390 poterit.
1315 2320 1425 2376 Nec
1453 2336 1676 2375 necesse
1706 2327 1790 2375 est

189 2427 302 2469 nos
331 2427 518 2466 eorum
550 2412 641 2481 qui
685 2411 765 2466 sic
802 2411 1039 2466 obierint
1081 2413 1272 2466 merita
1317 2421 1577 2481 actusque
1606 2413 1789 2467 discu-

193 2519 335 2568 tere,
366 2520 490 2558 cum
521 2503 782 2559 Dominus
834 2503 976 2559 Deus
1017 2514 1219 2569 noster,
1251 2503 1406 2572 cujus
1441 2503 1644 2574 judicia
1691 2519 1788 2558 ne-

192 2605 406 2667 queunt
437 2596 843 2666 comprehendi,
873 2595 1017 2665 quod
1047 2595 1381 2650 sacerdotale
1430 2595 1791 2649 ministerium

194 2686 428 2756 implere
481 2701 586 2740 non
633 2687 841 2756 potuit,
880 2701 991 2741 suae
1028 2683 1252 2754 justitire
1305 2686 1619 2741 reservavit.
1660 2705 1678 2737 ι
1728 2684 1796 2740 Et

194 2787 426 2832 sanctus
470 2775 708 2830 Joannes
757 2775 1032 2846 apostolus
1089 2775 1222 2830 dicit
1271 2773 1322 2845 (1
1354 2774 1516 2829 Joan.
1558 2791 1614 2840 v,
1654 2774 1741 2836 16)
1776 2793 1789 2828 :

197 2869 295 2924 Est
337 2880 604 2940 peccatum
641 2869 710 2922 ad
752 2879 992 2935 mortem,
1025 2885 1129 2922 non
1165 2885 1260 2939 pro
1300 2868 1390 2922 illo
1435 2869 1552 2923 dico
1590 2878 1646 2922 ut
1680 2869 1795 2939 quis

198 2970 366 3028 roget.
394 2979 414 3011 ε
445 2959 730 3015 Peccatum
753 3001 768 3026 ,
811 2961 988 3031 inquit
1030 2960 1324 3030 Gregorius
1354 2959 1463 3032 (lib.
1495 2977 1546 3015 vt
1575 2960 1794 3027 Moral.,

200 3068 249 3104 c.
281 3051 401 3118 ‘28),
431 3059 712 3120 estusque
740 3049 808 3104 ad
839 3059 1091 3115 mortem,
1125 3051 1250 3120 quia
1277 3051 1485 3106 scilicet
1515 3059 1797 3121 peccatum

203 3140 349 3210 quod
399 3141 453 3193 in
497 3141 598 3195 bac
642 3141 753 3194 vita
801 3156 910 3194 non
960 3141 1268 3211 corrigitur,
1307 3142 1423 3212 ejus
1468 3143 1626 3197 venia
1675 3149 1797 3212 post

209 3208 439 3287 mortem
464 3230 659 3285 frustra
685 3231 1006 3301 postulatur.
1036 3250 1055 3282 ι
1087 3208 1373 3287 Deccaturn
1402 3233 1600 3303 quippe
1622 3208 1792 3304 usque
1821 3208 1868 3270 (ἶ

206 3327 275 3380 ad
318 3324 518 3380 inferos
553 3325 768 3391 dicitur,
820 3325 963 3394 quod
1001 3333 1126 3378 ante
1163 3324 1326 3380 finem
1357 3325 1482 3380 vita:
1511 3326 1794 3396 pra-sentis

207 3435 307 3490 per
348 3419 738 3474 correctionem
786 3425 850 3474 a'c
899 3417 1274 3490 paenitentiam
1311 3431 1418 3471 non
1453 3418 1789 3474 emendatur.

207 3513 274 3566 Et
305 3513 490 3566 talium
521 3513 860 3576 memoriam,
885 3512 1093 3566 scilicet
1119 3511 1171 3565 in
1198 3520 1424 3580 peccato
1448 3525 1795 3581 perseveran-

209 3591 344 3657 tium
374 3619 544 3673 usque
570 3604 637 3658 ad
669 3613 921 3669 mortem,
953 3603 1175 3660 minime
1203 3603 1331 3658 licet
1360 3603 1502 3658 inter
1532 3619 1683 3659 sacra
1717 3603 1794 3656 al-

208 3699 346 3752 taris
374 3698 630 3769 mysteria
658 3697 941 3762 celebrari,
966 3697 1018 3751 in
1046 3697 1243 3768 quibus
1263 3711 1362 3766 pro
1390 3696 1470 3752 eis
1498 3707 1684 3750 oratur
1703 3695 1792 3763 qui

206 3807 309 3845 nos
339 3799 732 3860 prtecesserunt
778 3804 902 3843 cum
946 3788 1098 3859 signo
1144 3786 1287 3853 ﬁdei,
1328 3796 1384 3842 et
1428 3787 1703 3841 dormiunt
1739 3787 1794 3838 in

207 3898 401 3938 somno
432 3881 600 3950 pacis,
631 3881 684 3934 in
721 3880 936 3934 Christo
963 3879 1214 3934 videlicet
1253 3879 1613 3948 quiescentes.
1656 3876 1796 3930 Dor-

208 3973 387 4025 miunt
413 3987 563 4042 ergo,
594 3979 654 4025 ut
689 3968 939 4025 catholici
970 3969 1215 4024 doctores
1247 3968 1451 4032 dicunt,
1498 3967 1551 4020 in
1601 3980 1795 4020 somno

207 4063 380 4134 pacis,
404 4064 499 4131 qui
520 4061 588 4115 ab
610 4061 816 4115 unitate
843 4067 898 4114 et
925 4060 1184 4114 societate
1211 4057 1412 4112 Christi
1440 4066 1496 4111 et
1518 4056 1794 4120 Ecclesim,

210 4172 307 4212 nec
338 4172 440 4226 per
468 4155 718 4217 hzereses,
751 4169 850 4210 nec
876 4169 974 4224 per
997 4151 1311 4216 schismata,
1343 4164 1443 4204 nec
1469 4163 1567 4219 per
1591 4157 1795 4202 morta-

209 4248 278 4302 lia
310 4248 541 4303 crimina
580 4247 813 4317 separati
842 4254 1000 4311 sunt,
1042 4245 1094 4299 in
1120 4245 1315 4314 quibus
1343 4251 1397 4297 et
1429 4243 1474 4297 si
1508 4242 1797 4311 aliquando

214 4339 453 4404 fuerunt,
486 4350 661 4394 tamen
700 4355 796 4410 per
826 4337 1202 4410 pmnitentiam
1234 4337 1430 4400 sanati,
1463 4345 1518 4391 et
1547 4351 1642 4405 per
1675 4351 1800 4389 ora-

217 4435 417 4489 tionem
444 4433 700 4487 Ecclesize
719 4473 733 4497 ,
772 4432 856 4486 cui
889 4433 942 4485 in
971 4429 1134 4486 Petro
1158 4429 1360 4483 dictum
1397 4437 1481 4482 est
1512 4444 1526 4480 :
1565 4446 1583 4480 t
1613 4427 1795 4494 Quod-

216 4541 428 4595 cunque
475 4524 700 4579 solveris
746 4539 908 4592 super
954 4531 1174 4584 terram,
1216 4520 1322 4576 erit
1366 4519 1600 4574 solutum
1642 4528 1698 4574 et
1745 4519 1798 4572 in
1827 4553 1880 4612 D
1908 4523 1980 4612 Ut
2014 4524 2418 4612 dempto‘peqtr

216 4617 366 4670 ctelis
415 4614 633 4684 (Matth.
665 4629 781 4678 xvi,
813 4613 927 4683 l9),
961 4610 1292 4666 reconciliati
1329 4620 1385 4664 et
1415 4608 1801 4678 redemptionis

217 4705 477 4775 mysterio
504 4704 716 4768 sociati,
749 4705 934 4772 utique
963 4702 1015 4756 in
1046 4715 1178 4770 pace
1202 4701 1475 4765 obierunt,
1510 4701 1802 4755 miserante

219 4793 305 4848 illo
341 4795 434 4865 qui
490 4809 599 4848 non
644 4795 760 4849 vult
787 4801 1014 4848 mortem
1044 4791 1376 4861 peccatoris,
1421 4791 1514 4844 sed
1544 4799 1604 4845 ut
1632 4791 1802 4862 magis

218 4893 565 4939 convertatur
608 4893 668 4955 et.
707 4885 872 4937 vivat.
922 4881 1108 4952 Neque
1155 4881 1298 4934 enim
1340 4881 1550 4952 piorum
1606 4881 1800 4935 anima!

218 4989 556 5032 mortuorum
611 4985 931 5046 separantur
986 4975 1054 5029 ab
1103 4972 1340 5027 Ecclesia
1369 5011 1383 5036 ,
1441 4987 1562 5040 quae
1614 4979 1801 5042 regnat

220 5087 361 5126 nunc
409 5087 534 5126 cum
581 5069 798 5124 Christo
845 5069 897 5122 in
938 5066 1077 5121 vivis
1116 5074 1172 5120 et
1216 5064 1463 5118 mortuis.
1509 5063 1797 5134 Propterea

219 5161 361 5217 enim
381 5201 398 5229 ,
437 5161 580 5217 sicut
609 5159 740 5216 dicit
766 5156 1054 5231 Apostolus
1080 5197 1095 5224 ,
1146 5165 1390 5210 mortuus
1416 5164 1501 5211 est
1529 5153 1796 5218 Christus,

543 5883 815 5943 Pyram“
862 5876 1114 5940 CXXV.

1889 1952 2215 2021 accepimus,
2245 1969 2368 2008 cum
2396 1953 2619 2022 psalmis
2665 1963 2720 2008 et
2765 1953 2984 2024 hymnis
3025 1956 3092 2008 ad
3144 1951 3479 2022 sepulturam

1887 2043 2192 2112 deportari,
2237 2045 2322 2100 vel
2356 2045 2408 2100 in
2439 2045 2714 2099 communi
2747 2043 2978 2099 fratrum
3008 2045 3283 2116 sepultura
3316 2041 3480 2114 555

1890 2137 2106 2207 sepeliri
2139 2155 2247 2194 non
2289 2139 2471 2204 debet,
2503 2140 2729 2211 privatae
2758 2150 2938 2197 autem
2977 2141 3264 2210 sepulturae
3287 2139 3482 2195 huma-

1891 2227 2054 2291 nitas,
2081 2229 2220 2285 sicut
2245 2231 2396 2286 vobis
2425 2231 2558 2296 dixi,
2587 2232 2634 2286 ei
2665 2247 2772 2286 non
2797 2241 2880 2286 est
2903 2232 3236 2302 deneganda.
3268 2231 3481 2286 Etcum

1884 2315 1999 2386 jam
2024 2318 2147 2374 ﬁnis
2170 2319 2288 2388 ejus
2316 2321 2795 2392 appropinquaret,
2820 2321 3080 2378 fratribus
3111 2323 3203 2392 qui
3230 2321 3481 2384 aderant,

1892 2417 1953 2463 ιιι
1981 2423 2012 2461 8
2040 2424 2208 2479 pravo
2245 2425 2343 2465 SUO
2373 2425 2534 2465 sensu
2574 2421 2631 2464 ει
2657 2425 2911 2481 pervena
2946 2413 3215 2488 sententia
3243 2427 3301 2467 se
3325 2427 3482 2466 revo-

1894 2507 2067 2564 caret,
2099 2508 2152 2555 et
2179 2500 2616 2555 communionem
2648 2515 2860 2554 sacram
2894 2502 3220 2570 perciperet,
3248 2501 3482 2556 suaden-

1895 2592 2040 2647 tibus
2065 2592 2360 2662 respondit,
2390 2607 2421 2646 a
2449 2609 2548 2646 suo
2576 2607 2634 2646 se
2661 2608 2822 2647 sensu
2845 2603 2899 2647 et
2928 2595 3197 2648 sententia
3224 2609 3484 2649 revocare

1897 2692 1953 2739 et
1979 2685 2416 2739 communionem
2461 2699 2560 2754 per
2603 2685 2983 2740 auctoritatem
3011 2702 3118 2741 non
3151 2700 3308 2756 posse
3338 2688 3484 2740 acci-

1897 2789 2027 2846 pere
2054 2789 2068 2828 :
2095 2776 2282 2844 sicque
2308 2775 2582 2846 indignam
2621 2777 2786 2832 vitam
2814 2777 2975 2848 digna
3001 2787 3178 2834 morte
3203 2778 3396 2840 ﬁnivit,
3428 2787 3485 2832 et

1899 2867 2033 2923 abiit
2063 2866 2116 2922 in
2145 2867 2324 2923 locum
2351 2884 2528 2924 suum.

2583 2992 2780 3005 ﬂ

2487 3029 2851 3085 EXCERPTU
2862 3029 2908 3083 Μ

1903 3142 1989 3197 Ex
2015 3142 2235 3214 epistola
2276 3142 2622 3206 Gothescalci,
2653 3160 2811 3210 quam
2849 3160 2914 3197 ex.
2954 3143 3238 3197 Germania
3279 3145 3486 3214 scripsit

2070 3215 2139 3266 ad
2178 3213 2528 3268 Ratramnum
2569 3215 2884 3268 monachum
2923 3213 3301 3292 Ccrbeieitscm.

1899 3327 2140 3397 Denique
2169 3335 2297 3380 sunt
2322 3326 2496 3390 multi,
2529 3328 2757 3381 Domino
2784 3329 3040 3398 donante,
3072 3327 3316 3398 magistri

1901 3398 2016 3453 Hae
2051 3398 2270 3468 regione
2303 3397 2415 3468 siti,
2452 3398 2664 3468 ingenio
2695 3397 2957 3467 locuplete
2989 3397 3173 3468 periti,

1903 3468 2056 3524 Unde
2088 3467 2324 3537 palatina
2349 3467 2594 3537 plerique
2621 3479 2902 3522 morantur
2928 3467 3158 3521 in’aula.

1899 3539 1982 3609 Ad
2016 3540 2114 3592 hos
2147 3548 2309 3606 atque
2332 3538 2470 3609 alios
2498 3554 2595 3608 per
2624 3539 2851 3593 barbara
2888 3555 3048 3609 regna
3080 3539 3305 3601 locatos,

1901 3608 2116 3679 Cernua
2147 3609 2230 3662 his
2257 3608 2446 3663 avidus
2474 3609 2644 3662 direxi
2673 3611 2870 3679 scripta
2903 3608 3111 3668 diebus.

1901 3678 2076 3734 Orans
2105 3694 2427 3747 magnopere
2455 3679 2742 3748 dignentur
2780 3678 2837 3732 ut
2865 3680 3016 3734 ocius
3047 3681 3170 3736 inde

1901 3748 2248 3816 Respondcre
2275 3749 2428 3814 mihi,
2467 3765 2563 3802 ceu
2595 3750 2702 3803 scis
2730 3749 3080 3804 vehementer
3111 3750 3309 3816 egenti.

1903 3819 2104 3886 Estque
2127 3819 2410 3889 Augustini
2443 3819 2526 3872 his
2552 3821 2817 3873 sententia
2849 3821 3010 3874 missa
3038 3819 3204 3885 beati,

1903 3889 2076 3956 Quam
2118 3889 2330 3960 liquido,
2355 3890 2551 3958 exponi
2593 3891 2798 3943 auctori
2829 3891 3146 3958 quadranrlo
3173 3891 3408 3960 poposci.

1902 3959 2103 4026 Nempe
2129 3959 2299 4012 tribus
2319 3959 2509 4012 hormu
2534 3961 2709 4013 studui
2736 3961 3012 4028 preprium
3041 3959 3222 4015 indere
3243 3975 3486 4026 sensum,

1903 4029 2207 4090 Matcaudo,
2236 4028 2384 4083 Iona:
2413 4038 2573 4098 atque
2601 4029 2768 4098 Lupo,
2800 4029 3146 4086 rutilantibus
3166 4044 3280 4095 ore,

1902 4100 2138 4154 Posceus
2179 4099 2376 4153 obnixe
2416 4109 2666 4170 satagant
2698 4109 2756 4154 ut
2784 4115 2917 4170 vera
2941 4098 3164 4154 referre.

1904 4170 2189 4238 Proposita
2218 4180 2303 4223 est
2337 4169 2557 4238 reliquis
2587 4169 2958 4223 tantummodo
2998 4171 3224 4238 quaestio
3253 4169 3485 4226 cunctis.

1904 4241 2137 4310 Opposui
2167 4254 2298 4294 sane
2327 4240 2580 4310 objicitur
2607 4241 2747 4308 quod
2781 4249 2933 4309 parte
2962 4241 3030 4294 ab
3061 4249 3305 4310 utraque.

1904 4312 2074 4367 Nemo
2113 4312 2206 4365 sed
2244 4321 2470 4380 excepto
2497 4311 2624 4379 quid
2657 4312 2831 4364 adhuc
2865 4310 2994 4364 mihi
3027 4311 3258 4365 reddidit
3289 4326 3414 4364 uno.

1904 4383 2005 4448 Qui
2037 4397 2159 4435 cum
2190 4382 2261 4434 sit
2293 4392 2484 4434 cautus
2525 4381 2682 4434 simul
2720 4391 2773 4435 et
2814 4391 3000 4443 catus,
3042 4391 3120 4433 est
3156 4383 3492 4442 moderatus.

1906 4453 1998 4507 Sic
2018 4451 2132 4519 jam
2163 4461 2313 4505 terna
2342 4454 2420 4505 sui
2459 4452 2660 4506 librans
2697 4466 2952 4521 responsa
2983 4451 3171 4522 libelli,

2423 4523 2970 4596 ipleno‘dscrimine
3001 4530 3141 4596 parti

1911 4539 1980 4579 Ut
2014 4539 2229 4590 aeuipto
2260 4539 2434 4576 neutri
2464 4539 2623 4646 pleno
2659 4539 2970 4577 u.scrimtne
3001 4539 3141 4596 parti

1907 4595 2200 4668 Cougruat.
2235 4591 2388 4668 Unde
2419 4594 2457 4646 ti
2501 4595 2512 4646 i
2544 4593 2816 4668 recitanda
2854 4594 2970 4653 [me
2999 4610 3224 4668 utraque
3254 4599 3402 4661 duxi.

1907 4663 2368 4740 Desponderealii
2399 4673 2690 4740 properant
2715 4664 2844 4721 dum
2879 4678 3058 4724 tuente
3087 4663 3291 4740 sagaci,

1908 4735 2027 4802 Quo
2053 4734 2225 4804 magis
2254 4733 2338 4787 his
2368 4735 2497 4789 mihi
2525 4749 2943 4809 quanti-eputes,
2973 4733 3314 4806 charissime,
3341 4741 3500 4810 quid-

3220 4811 3346 4882 [qua

1911 4874 1969 4930 Si
1997 4874 2184 4948 videas
2212 4872 2413 4943 aliquid
2443 4881 2782 4934 concordans
2807 4880 2961 4948 .quod
2994 4880 3086 4935 tibi
3118 4896 3224 4934 non
3259 4883 3348 4934 sit.

1910 4948 1980 5021 [tt
2010 4946 2133 4998 licet
2163 4960 2330 5021 usque
2362 4961 2493 5019 rogo
2527 4954 2736 5005 m‘ecum
2765 4946 2869 5004 duo
2893 4959 3109 5021 perpete
3137 4962 3261 5005 voto

1907 5015 2132 5090 Eectore
2161 5017 2292 5085 quin
2316 5015 2450 5090 toto'
2463 5021 2685 5090 supplex
2713 5035 2872 5074 orare
2893 5015 3190 5084 memento,

1908 5085 2153 5160 Douetur
2184 5089 2376 5143 habilis
2400 5106 2506 5160 quo
2529 5085 2715 5145 sermo
2738 5090 2990 5145 videlicet
3017 5090 3140 5154 illis,

1906 5155 2154 5229 Cumque
2183 5160 2365 5231 vigore
2391 5155 2520 5216 salis
2545 5161 2635 5232 pia
2671 5161 2828 5216 nobis
2856 5160 3080 5231 pignora
3105 5161 3276 5230 pacis.

3041 5830 3116 5889 2U
