4026 6340
202 320 329 393 με

1154 318 1248 395 ιιε
1286 316 1611 378 Dl-VOBTIO
1642 314 1768 391 L01
1785 315 1969 370 HARII
2006 316 2541 384 ET-TETBERGE.

3350 328 3477 399 θεςε

203 451 327 493 ηερ,
358 443 521 509 ponat
552 431 830 489 blanditiis
872 445 1186 487 sermonum
1232 432 1585 503 muscipulam
1623 431 1779 485 dece-
1802 433 1854 486 Α
1884 428 1958 482 tio
1983 430 2215 489 hominis
2247 436 2550 511 confitetur,
2576 437 2728 494 liberi
2753 441 2961 511 judices
2987 457 3107 498 esse
3130 459 3235 497 non
3262 459 3475 513 possm,

202 527 428 596 ptiouis,
458 540 555 595 per
588 539 751 595 quam
776 523 989 579 occulte
1026 524 1306 589 interimat
1333 525 1669 586 innocentes,
1696 529 1780 574 at—

203 616 435 679 tendens
477 615 602 682 quia
639 614 800 669 homo
844 614 992 668 videt
1028 598 1089 669 in,
1127 614 1287 693 faeie,
1330 614 1472 668 Deus
1500 622 1679 690 autem
1726 611 1793 669 in.

201 707 407 773 corde;
437 714 493 777 et
521 706 568 760 si
597 705 803 781 oculus,
832 705 885 760 id
930 714 1014 761 est
1049 705 1274 760 intentio
1319 704 1529 779 cordis,
1554 702 1793 773 simplex.

203 799 397 865 fuerit,
428 807 596 853 totum
627 814 841 869 corpus,
872 798 923 852 id
947 806 1033 852 est
1054 797 1230 852 omnis
1255 796 1398 851 actio
1443 794 1618 848 lucida
1644 792 1780 849 erit:

203 895 262 947 si
302 903 481 961 autem
527 894 647 962 ipsa
674 892 899 947 intentio
932 893 1225 946 tenebrosa~
1264 891 1443 951 fuerit,
1481 890 1594 959 jam
1637 898 1783 942 tene-

200 984 345 1049 brae,
366 998 489 1053 quae,
510 984 563 1037 in
593 982 807 1037 actione
836 991 1018 1053 erunt,
1049 991 1109 1036 ut
1131 982 1365 1041 modum,
1403 981 1471 1034 ita
1501 990 1555 1034 et
1586 993 1782 1034 nomen

200 1077 556 1131 tenebrarum
596 1088 732 1144 pene
780 1073 1087 1147 excedunt...
1112 1072 1179 1126 Et
1229 1080 1446 1125 sanctus
1492 1069 1783 1139 Gregorius

199 1165 336 1220 dicit
380 1163 597 1233 (Horat.
624 1179 793 1228 .xxrx,
838 1180 955 1233 cap.
999 1162 1052 1233 ti)
1080 1179 1093 1215 :
1124 1181 1140 1213 ι
1170 1162 1338 1229 Video
1381 1175 1611 1231 namque
1652 1176 1785 1214 non-

196 1256 384 1311 nullos
413 1256 487 1310 ita
530 1270 815 1325 personam
855 1256 1091 1325 potentis
1118 1255 1383 1324 accipere,
1415 1262 1493 1318 ut,
1537 1253 1784 1323 requisiti

195 1346 270 1402 ab
291 1361 384 1411 eo,
412 1362 510 1417 pro
538 1345 722 1405 favore
745 1346 862 1414 ejus
895 1362 1000 1400 non
1021 1346 1265 1402 dubitent
1288 1346 1341 1400 in
1366 1360 1525 1403 causa
1552 1344 1781 1414 proximi

194 1438 491 1493 veritatem
528 1452 747 1509 negare.
780 1437 848 1491 Et
882 1438 1006 1506 quis
1046 1445 1131 1492 est
1151 1437 1371 1499 veritas,
1424 1436 1526 1490 nisi
1572 1434 1658 1489 ille
1690 1434 1793 1503 qui.

196 1527 347 1591 dixit
376 1524 688 1602 :vEgosum
710 1528 827 1593 quia,
868 1528 1078 1596 ueritas,
1107 1537 1154 1581 et
1180 1528 1325 1581 vita?
1355 1525 1540 1597 (Joan.
1564 1542 1680 1591 xw,
1702 1527 1788 1595 6.)

194 1616 391 1687 Neque
418 1619 565 1674 enim
610 1617 847 1691 Joannes
878 1618 1119 1690 Baptista
1149 1620 1216 1674 de
1251 1618 1593 1675 confessione
1620 1618 1781 1673 Chri-

194 1709 288 1774 sti,
340 1709 441 1764 sed
474 1710 542 1764 de
585 1708 809 1777 justitia:
853 1710 1086 1765 veritate
1133 1710 1444 1780 requisitus,
1487 1710 1776 1765 occubuit:

194 1801 288 1856 sed
319 1801 455 1870 quia
481 1800 728 1856 Christus
754 1812 837 1857 est
861 1803 1083 1867 veritas,
1131 1803 1198 1856 ad
1225 1811 1455 1857 mortem
1483 1818 1651 1871 usque
1695 1802 1777 1856 id—

194 1892 359 1960 eirco,
382 1908 479 1962 pro
506 1893 745 1964 Christo,
775 1894 899 1964 quia
927 1896 1179 1964 videlicet,
1203 1912 1301 1966 pro
1340 1897 1784 1965 veritateperve-

194 1985 301 2038 nit.
344 1985 466 2039 rEt
497 1986 690 2041 beatus
730 1985 873 2051 Beda
904 1987 986 2057 (in
1027 1985 1245 2053 Lucam,
1279 1987 1519 2059 capue?)
1544 2002 1558 2041 :
1588 2007 1607 2039 ι
1632 1987 1783 2042 Multi

192 2076 369 2136 hodie
405 2075 557 2132 Judae
598 2078 798 2141 scelus,
838 2079 979 2147 quod
1021 2080 1305 2134 Dominum
1350 2096 1415 2135 ac
1466 2081 1781 2151 magistrum

193 2166 483 2237 Deumque
515 2184 669 2223 suum
696 2170 919 2238 pecunia
951 2171 1273 2236 vendiderit,
1307 2172 1452 2227 velut
1472 2172 1713 2227 immane
1728 2180 1784 2227 et

191 2257 826 2325 nefariumexborrent,
856 2275 957 2315 nec
999 2270 1177 2316 tamen
1230 2272 1446 2325 cavent.
1492 2262 1626 2317 Nam
1657 2278 1780 2319 cum

192 2365 295 2420 pro
321 2351 639 2415 muneribus
665 2350 865 2405 falsum
886 2336 1076 2409 contra
1096 2352 1394 2423 quemlibet
1414 2354 1783 2423 testimonium

192 2439 409 2513 dicunt,
442 2439 688 2509 profecto
711 2440 836 2510 quia
866 2440 1149 2497 veritatem
1178 2459 1277 2513 pro
1300 2446 1528 2521 pecunia
1560 2453 1787 2517 negant,-

192 2531 486 2586 Dominum
512 2531 734 2600 pecunia
757 2530 1015 2586 vendunt.
1040 2532 1157 2602 lpse
1177 2535 1319 2589 enim
1343 2535 1504 2601 dixit:
1524 2536 1637 2606 Ego
1666 2554 1783 2592 sum

192 2623 413 2678 veritas.
441 2623 593 2697 Cum)
622 2625 939 2680 societatem
960 2624 1329 2695 fraternitatis
1366 2627 1549 2701 aliqua
1579 2628 1782 2683 discor-

193 2716 299 2771 diae
355 2726 507 2785 peste
552 2718 967 2784 commaculant,
1016 2718 1301 2774 Dominum
1350 2721 1602 2790 produnt,
1654 2720 1781 2789 quia

190 2811 343 2875 Deus
358 2812 598 2877 clm-itas
613 2823 687 2867 est
724 2813 778 2884 (I
806 2813 969 2869 Joan.
1007 2831 1083 2880 IV,
1104 2815 1158 2884 8)
1178 2832 1201 2879 ς
1229 2816 1347 2885 qui,
1378 2816 1542 2869 etiam
1574 2816 1619 2870 si
1656 2815 1778 2869 nul-

191 2902 277 2956 lus
309 2905 740 2973 pecuuiamdet,
766 2906 1050 2969 Dominum
1076 2907 1345 2976 argenteis
1368 2907 1631 2971 vendunt,
1654 2907 1780 2976 quia

191 2996 463 3066 principis
513 2998 703 3051 seculi
738 2997 1049 3067 imaginem,
1104 2997 1156 3051 id
1201 3007 1285 3053 est
1325 2998 1567 3068 exempla
1608 2999 1780 3055 hostis

1886 534 2007 574 mus
2056 523 2159 576 nisi
2186 538 2253 577 ex
2280 527 2443 580 corde
2470 536 2525 581 et
2556 544 2653 584 ore
2682 545 2807 584 vera
2836 532 3079 587 dicamus
3104 551 3116 585 :
3147 547 3296 597 vere,
3327 534 3469 603 quia.

1886 620 2013 665 tunc
2041 609 2187 678 juste
2218 614 2544 683 iudicemus,
2575 626 2628 673 et
2670 620 2773 674 hoc
2813 621 2976 677 etiam
3015 637 3136 676 cum
3172 623 3367 676 timore
3398 631 3467 678 et.

1886 709 2141 787 tremore,
2164 719 2232 759 ne
2261 704 2400 759 forte
2417 710 2719 786 ignorantia
2746 710 3145 781 delinquemus;
3175 696 3457 789 quoniam,

1884 808 2006 863 cum
2036 786 2107 852 sit
2130 795 2332 851 dictum
2358 815 2373 850 :
2398 797 2465 852 In
2484 816 2584 868 quo
2607 801 2812 869 judicio
2829 786 3232 872 judicaveritis,
3246 786 3457 872 judica—

1886 883 2023 937 bitur
2046 887 2110 938 de
2133 886 2272 939 vobis
2302 887 2515 954 (Matth.
2542 905 2637 952 vn,
2662 890 2753 958 2);
2783 901 2836 945 et
2865 911 2877 944 :
2905 891 2961 947 Si
2989 910 3092 948 non
3117 895 3456 962 reprehende-

1886 975 1951 1025 rit
1991 990 2082 1027 nos
2106 992 2197 1028 cor
2227 986 2484 1040 nostrum,
2522 978 2693 1046 major
2733 989 2805 1033 est
2832 980 2971 1035 Deus
3006 983 3159 1035 corde
3176 994 3380 1053 nostra,
3407 994 3455 1037 et

1886 1066 2021 1149 novit
2052 1067 2340 1138 omnia“!
2365 1069 2525 1139 Joan.
2574 1086 2656 1136 ιιι,
2684 1070 2807 1151 20);
2841 1083 2896 1126 et
2914 1058 3046 1153 ideo
3080 1076 3133 1129 in
3173 1052 3263 1129 (his
3291 1077 3456 1130 etiam

1884 1144 2004 1226 qua:
2027 1158 2166 1227 apud
2198 1159 2442 1216 homines
2475 1172 2622 1217 certa
2666 1146 2810 1222 sunt.
2843 1144 3017 1241 securi
3043 1181 3163 1245 esse
3195 1152 3298 1221 non
3327 1151 3475 1237 pos-;

1883 1265 2095 1315 sumus,
2126 1251 2379 1317 scientes,
2416 1263 2474 1308 ut
2508 1254 2707 1311 Paulus
2730 1256 2879 1322 dicit,
2920 1258 3046 1327 quia
3095 1259 3351 1331 Dominus
3378 1269 3455 1312 est

1882 1344 1972 1413 qui
2000 1359 2093 1397 nos
2131 1343 2334 1410 iudicat
2359 1343 2411 1414 (Ι
2441 1343 2563 1400 Cor.
2590 1362 2666 1412 ιν,
2702 1346 2786 1418 4),
2811 1348 2902 1418 qui
2950 1364 3092 1419 saepe
3120 1347 3321 1416 judicio
3358 1348 3459 1402 hu-

1884 1451 2044 1490 mano
2061 1434 2440 1504 justilicamur.
2978 1482 2983 1491 .
3079 1486 3083 1491 .
3177 1488 3183 1501 ,

1953 1525 2295 1596 Quapropter
2324 1528 2541 1600 regibus
2567 1528 2877 1594 scribimus,
2917 1538 2978 1583 ut
3002 1545 3139 1600 quos
3168 1530 3313 1605 Dens
3333 1531 3476 1608 ideo

1884 1617 1937 1673 in
1980 1627 2086 1672 tam
2130 1620 2584 1675 excellentissimo
2629 1621 2747 1677 loco
2782 1624 2978 1693 posuit,
3026 1633 3084 1695 ut
3129 1639 3158 1676 a
3200 1623 3467 1693 subjectis

1882 1708 2134 1785 omnibus
2169 1708 2383 1764 valeant
2416 1711 2676 1783 conSpici,
2707 1722 2762 1768 et
2808 1715 2874 1768 ad
2917 1716 3118 1785 speculi
3147 1716 3333 1788 vicem.
3364 1718 3473 1783 han,

1886 1798 2021 1863 beri,
2048 1808 2313 1869 quatenus
2345 1803 2526 1872 pravis
2558 1862 2563 1867 ,
2588 1812 2657 1859 et
2688 1796 2851 1862 réctis
2875 1807 2960 1861 vel
3001 1809 3338 1874 terroriesse
3368 1810 3475 1865 ἀρα.

1885 1891 2049 1951 beant
2074 1893 2161 1947 vel
2186 1895 2376 1961 amori,
2406 1896 2766 1967 illapsatagant
2788 1898 2968 1955 facere
2994 1886 3283 1970 de'quibus
3301 1886 3473 1965 nemo:

1886 1983 2248 2054 subiectorum
2293 2002 2388 2044 eos
2431 1988 2574 2058 juste
2612 1990 2790 2061 valeat
2836 1992 3274 2069 reprehendere,
3299 1979 3471 2047 et‘ea,

1885 2075 2139 2155 studeant
2164 2092 2507 2150 summopere
2547 2080 2785 2136 devitarc
2813 2082 3026 2151 quaain
3052 2081 3326 2150 subjectis
3360 2098 3474 2151 pro.

1884 2165 2186 2222 ministerio
2225 2167 2327 2222 sibi
2355 2183 2392 2237 ιι⁴
2435 2170 2546 2225 Deo
2588 2169 2842 2241 imposito
2890 2187 3114 2227 necesse
3156 2173 3261 2228 erit
3289 2172 3465 2239 corri-_

1884 2271 2029 2327 gere,
2057 2272 2126 2313 ne
2165 2258 2385 2313 audiant
2407 2274 2439 2337 ’a
2464 2249 2817 2331 redarguente
2858 2276 2916 2316 se
2943 2262 3238 2332 Apes-toto):
3264 2248 3471 2328 Existi-,

1885 2365 1998 2403 mas
2019 2365 2163 2421 ergo,
2203 2367 2234 2405 ο
2261 2351 2438 2417 homo,
2469 2352 2557 2423 qui
2576 2352 2789 2422 judicas
2813 2353 2878 2407 de
2900 2354 2983 2431 his
3011 2353 3100 2424 qui
3123 2353 3255 2407 talia
3273 2362 3468 2423 agunt,-

1882 2449 1930 2509 et
1957 2439 2091 2508 facis
2119 2457 2199 2504 ea,
2240 2442 2487 2513 quoniam
2512 2453 2569 2515 tu
2595 2444 2811 2515 effugies
2828 2445 3091 2514 judicium
3115 2444 3251 2497 Dei?
3279 2442 3471 2514 (30212.,

1884 2544 1946 2595 ιι,
1986 2529 2064 2602 5.)
2090 2531 2157 2586 Ει
2187 2531 2383 2587 iterum
2405 2534 2662 2603 scriptum
2692 2542 2775 2590 est
2800 2553 2813 2588 :
2835 2534 3103 2589 Iudicium
3120 2534 3461 2587 durissimum

1881 2620 1938 2673 in
1960 2621 2041 2674 his
2064 2623 2153 2693 qui
2173 2633 2403 2693 prrcsuat
2436 2624 2525 2692 ﬁet
2557 2623 2705 2695 (Sap.
2731 2641 2806 2691 vt,
2834 2624 2910 2695 6).
2944 2625 3010 2679 Et
3030 2634 3251 2699 sanctus
3286 2623 3460 2693 Spiri-
3548 2610 3563 2623 ”

1884 2718 1973 2779 tus
2001 2726 2098 2781 per
2121 2704 2311 2795 beatos
2347 2714 2493 2771 viros
2521 2713 2951 2792 Benedictumet
2973 2716 3298 2786 Cyprianum
3329 2730 3468 2777 con-_

1883 2799 2081 2879 ﬁrmat
2101 2802 2227 2872 quia
2263 2807 2632 2882 unusquisque
2686 2823 2806 2881 [rex
2842 2807 3205 2879 demn‘nibus
3231 2808 3465 2885 iudieiis;

1884 2892 1998 2947 suis
2044 2895 2353 2973 aequissimo
2373 2896 2543 2975 judici
2590 2896 2701 2951 Deo
2747 2897 3023 2976 rationem.
3058 2898 3242 2977 reddet
3270 2890 3466 2977 indie

1877 2986 2088 3057 judicii,
2114 2997 2170 3043 et
2195 3005 2294 3059 pro
2332 2991 2498 3046 tantis
2545 2992 2809 3046 rationem
2849 2985 3058 3056 reddet,
3091 3000 3321 3066 quantos
3356 2990 3465 3067 sub

194 3086 431 3153 antiqui,
459 3086 702 3156 neglecta
748 3086 1075 3155 Conditoris,
1107 3087 1189 3171 ad.
1219 3103 1382 3163 quam
1415 3089 1585 3143 creati
1630 3098 1776 3153 ευηι,
1807 3115 1852 3177 C
1886 3094 2015 3134 cura
2043 3096 2140 3135 sua
2165 3082 2434 3146 habuerit,
2469 3082 2584 3137 sine
2611 3083 2984 3155 dubioaddita
3012 3093 3069 3138 et
3090 3082 3281 3138 anima:
3305 3097 3414 3137 sure
3441 3097 3456 3133 :

194 3177 457 3248 imagine,
491 3187 730 3233 sumunt.
765 3198 783 3230 ι
815 3178 908 3234 llle
930 3181 1092 3235 etiam
1114 3181 1401 3239 Dominum
1434 3183 1636 3247 vendit,
1660 3184 1775 3253 qui,

194 3268 530 3337 ejusamore
557 3284 621 3324 ac
657 3270 850 3329 timore
894 3271 1162 3342 neglecto,
1195 3281 1418 3348 terrena,
1456 3281 1512 3327 et
1550 3272 1776 3340 caduca,

194 3359 311 3413 imo
330 3360 495 3413 etiam
522 3359 840 3426 criminosa,
859 3361 979 3429 plus
1002 3377 1189 3417 amare
1209 3371 1263 3417 et
1288 3378 1482 3418 curare
1504 3364 1779 3419 convinci-

195 3457 311 3504 tur.
336 3450 472 3507 Cum
504 3452 616 3507 btec
646 3454 718 3508 ita
750 3469 809 3510 se
843 3454 1101 3520 habeant,
1128 3471 1352 3512 necesse
1392 3466 1477 3512 est
1513 3466 1570 3512 et
1609 3458 1780 3514 eccle-

194 3542 436 3596 siasticis
471 3551 528 3597 et
566 3544 794 3611 publicae
837 3546 915 3600 rei
942 3544 1231 3614 iudicibus,
1269 3555 1329 3603 ut
1364 3548 1436 3603 ita
1479 3550 1580 3604 sub
1606 3550 1780 3605 oculis

191 3633 414 3701 superni
453 3633 651 3703 judicis
681 3636 733 3689 in
762 3651 1085 3707 quacunque
1119 3653 1302 3701 causa,
1342 3639 1494 3695 etde
1533 3656 1779 3709 quacuns

191 3739 305 3792 que
340 3739 570 3793 persona
601 3726 896 3795 decernant
918 3727 1205 3801 judicium,
1236 3739 1507 3801 quatenus
1552 3746 1660 3786 non
1704 3730 1777 3785 sit

190 3816 244 3869 in
286 3815 476 3869 eodem
498 3815 701 3883 judicio
723 3817 1203 3889 aliquidiermenti
1233 3820 1471 3884 malitize,
1509 3822 1636 3886 doli,
1661 3822 1791 3891 pla-

190 3908 851 3972 riditatis,.simulationis
893 3913 1010 3968 sive
1048 3914 1380 3984 cupiditatis,
1411 3916 1495 3970 vel
1533 3931 1661 3986 spes
1686 3932 1776 3971 cu-

184 3996 840 4073 juslihet,acquisiti_onis,
875 4004 968 4058 sed
999 4011 1169 4058 totum
1205 4018 1396 4075 azyma
1443 4005 1776 4062 sinceritatis

190 4099 243 4149 et
276 4090 549 4155 veritatis,
579 4093 629 4147 id
649 4103 731 4149 est
751 4094 1015 4169 judicium
1038 4096 1288 4164 iustitiae,
1315 4100 1546 4170 aequitas
1576 4102 1777 4157 veritas

189 4182 283 4244 tis,
312 4184 523 4251 puritas
550 4185 814 4251 veritatis,
855 4203 947 4253 ne,
973 4191 1119 4259 quod
1148 4192 1306 4255 absit,
1342 4194 1773 4251 maledictionem

185 4271 401 4342 indices
430 4275 936 4348 incurramus,_quce
965 4282 1291 4350 generaliter
1314 4300 1342 4339 a
1367 4287 1532 4342 nobis
1560 4287 1690 4356 ipsis
1717 4298 1774 4344 ct

189 4378 218 4423 a
270 4372 473 4418 cuncta
519 4365 1125 4435 imprecaturEcclesia
1173 4373 1229 4428 in
1271 4375 1415 4431 dicto
1452 4379 1768 4448 prophetas:

1882 3178 1938 3225 et
1966 3172 2105 3226 sicut
2143 3174 2196 3228 in
2227 3174 2419 3230 throno
2448 3175 2724 3230 hominum
2762 3176 2970 3246 primus
2997 3177 3334 3247 constitutus
3352 3186 3437 3230 est
3450 3198 3463 3237 ,ν

1880 3260 1985 3317 nisi
2010 3275 2071 3317 se
2101 3270 2156 3317 et
2172 3262 2274 3318 sibi
2303 3264 2618 3320 commissos
2636 3266 2777 3322 bene
2799 3266 3022 3339 rexerit,
3046 3274 3305 3338 quantum
3328 3279 3465 3319 cum.

1880 3352 1977 3409 Dei
2007 3353 2277 3427 adjutorio
2290 3357 2655 3425 puevaluerit,
2687 3373 2874 3414 omnes
2894 3371 3238 3427 quoscunque
3259 3372 3461 3427 pecca-.

1881 3453 2025 3501 tores
2057 3446 2283 3521 sub;se_
2306 3448 2360 3503 in
2396 3450 2650 3520 praesenti
2695 3449 2893 3506 saaculo
2936 3449 3143 3513 habuit,
3173 3464 3355 3520 supra
3396 3465 3464 3509 se.

1880 3537 2039 3593 modo
2062 3537 2262 3610 plagali
2293 3540 2348 3594 in
2378 3540 2468 3596 illa
2499 3542 2677 3596 futura
2712 3555 2874 3613 poena
2898 3541 3156 3598 habebit..
3188 3576 3211 3615 '-

1886 3676 1889 3683 λ
1948 3649 2031 3703 Ad
2071 3649 2485 3715 consacerdotes
2516 3659 2697 3706 autem
2739 3656 2984 3718 nostros,‘
3017 3658 3102 3708 ac.
3129 3668 3224 3724 per
3250 3652 3353 3708 hoc
3388 3655 3467 3707 ait

1879 3755 1978 3793 nos
2016 3739 2185 3808 ipsos,
2230 3752 2622 3796 sermoinoster
2652 3742 2931 3813 dirigitur,
2957 3752 3015 3799 ut
3058 3750 3121 3797 ea
3169 3743 3465 3817 doeeamus

1880 3846 2000 3901 quae
2043 3832 2303 3887 Dominus
2332 3833 2534 3897 docuit,
2564 3849 2629 3888 ea
2669 3834 3020 3902 pnedicemus
3046 3839 3189 3904 qme'
3219 3835 3320 3904 ipsi
3363 3836 3465 3890 ob-

1878 3923 2077 3978 noxius
2115 3938 2526 3989 conservemus;
2574 3925 2699 3994 quia
2735 3925 2870 3979 sicut
2916 3926 3175 3996 scriptum
3211 3937 3334 3981 est:
3362 3924 3464 3978 In-

1878 4026 2086 4088 terroga
2121 4018 2410 4071 sacerdotes
2449 4016 2614 4087 legem
2659 4033 2828 4070 meam
2856 4017 3019 4088 (Agg;
3043 4034 3103 4083 ιι,
3132 4017 3242 4087 l2),
3275 4017 3348 4072 ita
3376 4018 3474 4089 ni~~

1879 4107 2175 4164 hilominus
2205 4123 2237 4162 a
2269 4108 2497 4163 Domino
2540 4107 2742 4162 dictum
2786 4117 2871 4162 est
2900 4126 2913 4161 :
2942 4107 3020 4161 Tu
3063 4109 3283 4162 audiens
3323 4124 3458 4161 nun-

1877 4198 2033 4252 tiabis
2072 4198 2148 4251 eis
2170 4213 2236 4251 ea:
2266 4214 2345 4251 me
2383 4187 2602 4268 (Ezech.
2624 4256 2625 4259 η
2645 4212 2839 4262 xxxut,
2871 4197 2962 4267 7);
2990 4196 3215 4251 audiens
3250 4206 3472 4261 autem,

1876 4289 1962 4345 vel
2007 4289 2364 4360 inspiratione
2403 4304 2660 4359 superna,
2711 4288 3081 4346 vel.lectione
3125 4288 3328 4351 divina“,
3383 4289 3459 4342 de

1878 4381 2075 4458 quibus
2115 4381 2378 4451 scriptum
2417 4390 2500 4436 est
2534 4379 2801 4434 :Audiam
2829 4379 2956 4450 quid
3001 4378 3246 4450 loquatur
3273 4379 3326 4431 in
3369 4393 3459 4430 me

191 4450 344 4510 Muta
379 4455 512 4547 ﬁant
538 4456 676 4511 labia
700 4458 887 4517 dolosa
911 4459 1239 4533 (Psal..xxx,
1268 4467 1384 4539 l9);
1410 4469 1589 4524 et:In
1616 4471 1772 4526 corde
1797 4475 1851 4536 D
1878 4451 2134 4527 Dominus
2178 4450 2318 4526 Deus
2369 4470 2542 4544 (Psat.
2600 4486 2822 4535 LXXXLY,
2869 4470 2959 4540 9);
3009 4482 3104 4524 et:
3131 4468 3458 4547 Scrutantini

188 4555 234 4599 et
263 4546 426 4600 corde
445 4545 612 4608 locuti
630 4551 1057 4622 sunt,disperdat
1080 4554 1339 4613 Dominus
1360 4561 1601 4616 universa
1630 4562 1772 4618 labia

188 4636 377 4711 dolosa
415 4636 611 4711 (Psala
638 4657 714 4707 st,
741 4643 809 4708 5,,
833 4644 932 4716 4),.
962 4659 1082 4715 qua:
1121 4648 1263 4703 aliud
1309 4651 1495 4706 dicunt
1540 4660 1595 4707 et
1626 4654 1771 4709 aliud

187 4730 354 4803 corde
386 4731 748 4799 abscondunt,
773 4751 803 4788 a
830 4736 1026 4805 quibus
1065 4738 1335 4806 interdum
1368 4751 1578 4797 constat
1608 4743 1772 4818 564

187 4822 333 4893 quod
357 4820 701 4889 dicitur,.sed
724 4826 833 4881 alio
856 4842 1020 4883 sensu
1052 4829 1478 4901 interpretantur
1506 4838 1648 4903 quod
1683 4836 1776 4918 di;

187 4921 341 4977 cunt,
365 4927 530 4987 quam
563 4923 702 4975 teste
730 4918 1061 4975 conscientia
1106 4922 1366 4978 sentiunt.
1399 4940 1423 4975 ι
1452 4922 1519 4977 Ει
1545 4933 1770 4980 sanctus

187 5000 557 5075 Hieronymus
584 5006 647 5061 in
668 5006 1011 5069 ,Commento
1032 5010 1267 5067 Matthzei
1296 5012 1434 5084 (cap.
1477 5013 1767 5083 26).dicit:

192 5114 210 5144 ι
240 5092 439 5150 Ealsus
466 5100 621 5152 testis
649 5107 732 5153 est
765 5101 857 5168 qui
891 5117 996 5156 non
1022 5102 1212 5157 eodem
1250 5104 1579 5159 sensudicta
1608 5087 1768 5162 intel-

185 5183 306 5255 ligit
350 5201 460 5255 quo
488 5186 762 5245 dicuntur.
790 5212 813 5243 ι
844 5190 998 5267 Etde
1041 5194 1236 5262 quibus
1267 5194 1465 5250 iterum
1504 5198 1765 5268 scriptum

185 5284 270 5330 est
290 5294 305 5331 :
321 5276 499 5331 Labor
511 5276 769 5333 [abiaram
790 5280 1027 5350 ipsorum
1037 5284 1229 5352 aperiet
1251 5301 1339 5339 eos
1348 5283 1506 5355 ,(Psal
1513 5324 1526 5338 .
1543 5303 1764 5354 cxxxsx,

187 5366 302 5435 10),
328 5367 548 5435 quando
575 5370 872 5438 aperientur
893 5372 1027 5453 sicut
1059 5371 1289 5441 diploide
1326 5374 1630 5443 confusione
1667 5394 1766 5432 sua

187 5453 366 5521 (Psal.
413 5473 584 5518 cxvm
612 5501 627 5526 ,
672 5461 786 5532 29),
828 5463 880 5517 id
928 5472 1013 5519 est
1056 5474 1332 5533 ponentur.
1362 5468 1496 5521 sicut
1534 5468 1770 5526 clibanus

186 5547 324 5617 ignis
346 5549 402 5603 in
425 5559 654 5620 tempore
691 5553 874 5608 vultus‘
908 5553 1008 5609 Dei
1034 5554 1217 5625 (Psal.
1243 5572 1334 5623 xx,
1365 5558 1492 5629 10);
1524 5560 1773 5616 videlicet

189 5645 259 5691 ut
276 5639 504 5697 interius
545 5652 602 5698 et
628 5645 867 5702 exterius
908 5647 1137 5705 ardeant
1166 5650 1218 5704 in
1274 5651 1473 5708 saaculo
1495 5650 1609 5720 jam
1639 5663 1785 5710 ven-’

192 5735 328 5783 tato.
365 5728 659 5797 Quialiter
688 5743 816 5791 ante
842 5746 1205 5807 conspectum.
1242 5739 1411 5805 illius,
1445 5742 1533 5797 cui
1562 5744 1770 5815 rogita,

1880 4563 2184 4635 Scripturas
2203 4564 2387 4638 (Joaa.
2411 4580 2463 4629 v,
2489 4563 2611 4635 59);
2641 4572 2703 4617 et-
2722 4582 2736 4617 :
2758 4562 2870 4617 Lex
2896 4562 3110 4617 Domini
3132 4561 3458 4631 irreprehen-

1877 4657 2044 4712 sibilis
2066 4667 2364 4712 convertam
2392 4658 2618 4723 animas,
2647 4654 2998 4710 testimonium
3029 4654 3255 4708 Domini.
3276 4654 3459 4723 ﬁdele,
3528 4696 3529 4699 η

1842 4813 1847 4819 δ
1877 4750 2186 4819 sapientiam
2212 4758 2466 4819 pra’stans
2490 4746 2723 4817 parvulis
2750 4745 2924 4816 (Psal.
2956 4762 2997 4809 ι,
3032 4745 3109 4817 8).
3130 4744 3133 4747 ’
3151 4745 3301 4813 Quod
3322 4746 3467 4801 vero

1877 4840 2243 4910 subsequitur,
2290 4837 2691 4893 Nuntiabiseis
2732 4855 2798 4892 ea:
2844 4855 2946 4903 me,
2986 4852 3053 4893 ex
3101 4852 3207 4901 me,
3255 4836 3452 4905 inquit,

1878 4945 2080 4994 nomen:
2112 4938 2185 4994 te,
2212 4929 2339 4998 quia
2369 4944 2473 4983 non
2510 4928 2810 4984 adulatorie
2847 4943 3021 4998 neque
3049 4928 3320 4983 mobiliter
3349 4944 3463 4996 pro:

1873 5019 2150 5074 voluntate
2179 5020 2434 5084 humana,
2466 5019 2562 5074 sed
2584 5019 2794 5074 sincere
2812 5030 2972 5088 atque
3001 5026 3313 5073 constanter
3330 5032 3465 5086 qua}

1874 5126 1905 5166 a
1954 5112 2088 5176 Deo,
2135 5112 2249 5167 sive
2284 5125 2437 5165 sacra
2476 5111 2778 5179 Scriptura,
2817 5107 3113 5180 sive565
3141 5103 3457 5165 sanctorum

1875 5202 2258 5272 magistrorum
2284 5201 2553 5266 doctrina,
2578 5201 2767 5255 didicit
2794 5201 3137 5269 praedicator,
3173 5198 3333 5253 debet
3350 5198 3454 5252 an-

1875 5294 2141 5349 ditoribus
2160 5293 2282 5347 suis
2312 5306 2635 5363 praeponere,
2663 5291 2886 5347 et‘sicut
2923 5292 2989 5346 de
3019 5290 3219 5354 nobis,’
3245 5290 3457 5343 utinam

1878 5398 1982 5437 non
2026 5384 2093 5437 ad
2119 5382 2381 5454 judicium
2410 5392 2694 5444 nostrum,
2727 5381 2925 5436 dicitur
2959 5376 3332 5435 auditoribuS‘:
3358 5379 3461 5433 1ης-

1874 5485 2080 5544 terroga
2125 5483 2304 5544 patres
2341 5483 2479 5536 tuos,
2523 5482 2571 5527 et
2617 5471 3002 5526 annuntiabunt
3049 5470 3175 5536 tibi;
3203 5471 3461 5539 'majores

1875 5573 2017 5629 tuos,
2039 5574 2088 5618 et
2118 5563 2288 5616 dicent
2329 5562 2422 5616 tibi
2452 5560 2630 5632 (Deut.
2676 5576 2846 5624 xxx",
2879 5557 3051 5632 7);'et
3079 5576 3175 5617 uer
3208 5574 3308 5615 nos
3345 5562 3457 5617 eisa

1876 5655 1998 5710 dem
2057 5652 2414 5725 prmeipiendo
2461 5653 2803 5725 suggeritur:
2843 5653 3042 5719 Venite,
3074 5653 3228 5723 ﬁliil,‘
3268 5650 3455 5709 audita

1878 5764 1977 5811 me,
2029 5747 2265 5800 timorem
2305 5745 2515 5800 Domini
2558 5747 2750 5802 docebo
2771 5764 2860 5801 vos
2901 5746 3071 5815 (Psal.
3105 5762 3303 5815 xxxnt,
3334 5748 3453 5812 li)»
