4026 6340
622 324 804 386 627.

1606 322 1938 379 nmmum
1975 317 2363 377 nttEuENSIs
2399 316 2941 383 ARCtttEPtscopti

3731 320 3823 393 ω·

623 444 699 501 ita
734 452 788 502 et
818 443 943 499 alibi
976 441 1202 498 dicendo
1231 450 1420 496 contra
1446 455 1543 495 nos
1569 439 1854 510 queritur:
1891 437 2003 511 Ipsi
2030 449 2205 511 pasto-
2230 445 2283 502 Α
2308 441 2477 496 scenti
2506 457 2565 497 se
2587 443 2849 498 rationem
2871 443 3096 500 reddere
3119 443 3173 516 (Ι
3189 438 3332 500 Petr.
3361 459 3441 511 ιιι,
3469 444 3583 515 15);
3608 452 3817 517 quoniam

625 555 707 594 res
745 539 1114 608 ignoraverunt
1163 531 1557 602 intelligentiam
1591 530 1726 603 (Isa.
1777 547 1887 596 LVI,
1920 531 2031 601 H),
2075 531 2202 600 quia

624 629 931 685 intellectus
975 626 1149 681 bonus
1191 624 1442 677 omnibus
1476 622 1799 678 facientibus
1835 639 1991 687 eum;
2020 633 2074 677 et
2122 632 2201 676 te-

622 731 823 784 nentes,
864 717 1056 788 inquit,
1088 716 1248 787 legem
1274 715 1569 770 nescierunt
1599 732 1682 770 me
1704 714 1835 788 (Jer.
1867 733 1927 781 ιι,
1958 716 2035 786 8),
2066 730 2203 786 quo-

630 816 776 866 niam
815 812 906 881 qui
956 810 1061 863 tide
1088 819 1143 864 et
1187 808 1458 879 operibus,
1493 808 1603 862 vita
1654 817 1710 864 et
1751 809 2011 870 moribus,
2038 806 2205 862 verbo

623 912 787 973 atque
821 901 1092 971 exemplo,
1126 900 1434 955 commissis
1472 914 1577 954 non
1609 899 1922 969 przcdicant,
1953 897 2078 953 iicet
2109 913 2204 952 no-

624 995 929 1048 minetenus
978 992 1189 1056 colant,
1239 988 1533 1045 secundum
1587 990 1868 1045 veritatem
1919 990 2204 1044 Dominum

622 1084 894 1149 nesciunt,
946 1084 1101 1153 juxta
1148 1082 1290 1153 quod
1348 1082 1608 1152 scriptum
1659 1091 1742 1135 est
1779 1096 1792 1132 :
1827 1078 1931 1145 Qui
1974 1080 2211 1149 ignorat,‘

622 1173 958 1244 ignorabitur
996 1172 1050 1243 (Ι
1077 1170 1202 1226 Cor.
1239 1187 1352 1236 xiv,
1383 1171 1495 1243 58),
1526 1170 1777 1226 videlicet
1805 1170 2200 1240 reprohabitur.

624 1263 891 1330 Quocirca
922 1277 1029 1319 non
1057 1269 1140 1317 est
1170 1261 1313 1315 unde
1349 1261 1547 1324 securi,
1589 1259 1692 1314 nisi
1733 1260 1800 1314 de
1832 1259 2202 1314 misericordia

625 1352 743 1418 Dei,
776 1367 897 1406 esse
941 1352 1233 1422 possimus,
1263 1351 1331 1405 de
1380 1363 1607 1420 quorum
1654 1349 1903 1403 manibus
1926 1357 2201 1403 tantorum

626 1442 850 1513 sanguis
876 1442 928 1495 in
975 1442 1063 1496 die
1110 1441 1293 1511 magni
1334 1439 1520 1508 judicii
1551 1439 1816 1510 exigetur,
1870 1437 2056 1509 quanti
2085 1439 2204 1493 sine

626 1541 814 1587 nostra
846 1532 1269 1587 commonitione
1313 1532 1365 1585 in
1402 1530 1516 1585 suis
1554 1530 1928 1599 iniquitatibus
1952 1537 2203 1600 pereunt,

626 1624 839 1679 dicente
868 1622 1094 1678 Domino
1127 1622 1195 1676 ad
1224 1636 1662 1691 Unumquemque
1688 1622 1997 1691 episcopum
2025 1637 2039 1673 :
2065 1618 2204 1685 Quia

625 1715 672 1766 si
693 1730 797 1768 non
836 1712 1226 1767 annuntiarem
1270 1711 1798 1783 iniquoiniquitatem
1837 1727 2009 1776 suam,
2041 1719 2087 1763 et
2116 1707 2207 1763 ille

2304 532 2394 602 qui
2423 532 2704 587 abscondit
2730 533 3022 598 frumenta,
3067 534 3121 589 id
3159 543 3240 590 est
3285 535 3425 590 sacri
3471 536 3651 606 eloquii
3690 540 3822 596 docu-

2305 631 2501 684 menta,
2533 623 2873 679 maledicitur
2898 625 2952 678 in
2984 623 3212 696 populis,
3241 624 3539 679 benedictio
3559 635 3714 681 autem
3740 627 3822 683 Dos

2303 713 2434 767 mini
2460 727 2620 783 super
2642 721 2803 782 caput
2825 714 3173 768 vendentium
3223 711 3406 786 (Prov.
3451 728 3523 778 ιιι,
3566 715 3680 787 26);
3722 718 3825 787 quia

2305 802 2503 857 docens
2545 816 2607 855 ea
2646 816 2765 870 quae
2804 802 3033 859 Domino
3073 804 3299 859 docente
3351 804 3551 869 didicit,
3609 806 3823 876 majorem

2305 895 2529 950 docendi
2574 896 2805 966 gratiam
2835 905 2891 952 et
2929 896 3045 966 ipse
3085 898 3381 952 merebitur
3413 897 3481 951 ab
3520 898 3823 965 auditoribus,

2304 987 2537 1057 pretium
2570 986 2690 1041 lidei
2720 993 2775 1041 et
2819 987 3177 1043 confessionis
3227 987 3512 1056 recipiem,
3557 997 3612 1041 ut
3652 987 3829 1045 illorum

2302 1076 2651 1145 petitionibus
2685 1076 2988 1133 nullatenus
3010 1077 3402 1148 negligeremus
3437 1092 3601 1148 neque
3624 1078 3828 1135 dissimu-

2306 1167 2573 1232 laremus,
2623 1176 2716 1222 aut
2758 1169 2858 1223 sub
2903 1168 3083 1238 aliqua
3128 1168 3478 1223 excusatione
3522 1166 3826 1235 din‘erremus,

2305 1258 2397 1311 sed
2426 1257 2763 1326 quantotius,
2810 1258 2985 1313 tacitis
3029 1273 3218 1313 eorum
3263 1257 3565 1312 nominibus
3608 1272 3636 1310 a
3677 1258 3829 1327 quibus

2305 1348 2419 1401 haec
2460 1347 2733 1416 proposita
2772 1345 3010 1412 fuerant,
3055 1346 3360 1417 quibusque
3385 1347 3453 1401 de
3478 1347 3738 1417 propositis
3758 1363 3827 1403 re-

2304 1438 2665 1493 scriberemus
2691 1453 2810 1508 quae
2835 1454 2903 1494 ex
2923 1438 3009 1494 his
3037 1440 3331 1494 secundum
3357 1438 3731 1508 Scripturarum
3752 1453 3827 1491 au-

2306 1530 2610 1584 ctoritatem
2636 1537 2691 1583 et
2718 1530 3106 1585 catholicorum
3133 1529 3355 1583 Patrum
3380 1529 3687 1594 doctrinam,
3710 1528 3830 1583 nobis

2307 1619 2566 1674 Dominus
2611 1620 2840 1683 dederit,
2897 1636 2995 1691 per
3030 1620 3260 1690 singula,
3299 1624 3443 1675 sicut
3475 1626 3827 1691 proposuerant,

2306 1712 2633 1779 respondere
2654 1712 2892 1766 breviter
2922 1712 3281 1766 studeremus.
3332 1711 3408 1765 De
3435 1711 3618 1781 quibus
3644 1709 3830 1764 scribere

622 1803 836 1872 iniquus
887 1818 990 1856 non
1020 1801 1176 1871 fuerit
1219 1817 1496 1855 conversus
1533 1818 1567 1853 a
1606 1802 1690 1854 via
1731 1816 1830 1853 sua
1868 1816 2048 1870 prava,
2097 1799 2205 1868 ipse
2236 1794 2278 1852 Β
2307 1802 2440 1856 nihil
2460 1802 2739 1867 vellemus,
2766 1803 2861 1858 sed
2887 1803 2969 1857 vel
2999 1803 3326 1872 sapientium
3353 1802 3638 1857 doctrinam
3665 1800 3827 1862 audire,

624 1892 836 1965 iniquus
861 1895 917 1948 in
945 1893 1220 1963 iniquitate
1248 1908 1345 1947 sua
1380 1894 1656 1957 morietur,
1683 1893 1991 1962 sanguinem
2029 1900 2205 1944 autem

625 1983 740 2055 ejus
769 1983 834 2038 de
856 1999 1018 2038 manu
1045 1992 1136 2037 tua
1166 1984 1426 2054 requiram
1458 1981 1676 2055 (Ezech.
1709 1999 1794 2049 ιιι,
1827 1983 1937 2053 18).
1990 1981 2210 2036 Timen-

626 2073 753 2130 dum
776 2082 863 2130 est
887 2074 1054 2140 etiam
1085 2089 1155 2130 ne
1182 2075 1395 2129 dicatur
1420 2075 1489 2129 ab
1515 2075 1821 2144 inspectore
1851 2073 2209 2129 conscientia-

628 2180 773 2231 rum,
804 2175 1010 2236 quanto
1038 2167 1210 2237 magis
1246 2181 1490 2237 operum,
1519 2166 1674 2221 nobis
1704 2165 1947 2221 :Clavem
1976 2165 2207 2220 scientia:

628 2259 841 2322 tulistis,
874 2260 975 2328 ipsi
1008 2277 1111 2314 non
1150 2259 1403 2314 introistis
1432 2258 1586 2332 (Luc.
1617 2274 1698 2324 ιιι,
1719 2258 1833 2329 52),
1875 2268 1930 2312 et
1959 2258 2092 2313 alios
2115 2255 2208 2327 qui

628 2352 857 2407 introire
884 2358 1160 2421 poterant,
1201 2351 1331 2407 licet
1372 2351 1537 2406 verbo
1580 2348 2016 2412 admonuissctis,
2045 2362 2209 2418 opere

626 2444 993 2500 dcslroxistis.
1042 2444 1110 2499 Et
1145 2444 1423 2499 sciendum
1478 2452 1582 2507 est,
1633 2451 1690 2497 et
1731 2456 1855 2497 cum
1904 2441 2099 2496 timore
2142 2455 2208 2496 ac

626 2548 867 2590 tremore
906 2536 1145 2590 maximo
1176 2535 1433 2590 continue
1482 2533 1852 2598 recolendum,
1892 2532 2019 2602 quia
2066 2532 2208 2586 sicut

626 2628 947 2698 spiritalius,
974 2643 1041 2683 ac
1068 2628 1296 2699 proinde
1329 2623 1523 2696 majus,
1565 2635 1715 2681 tanto
1744 2637 1828 2681 est
1855 2624 2211 2695 periculosius

626 2722 929 2792 episcopale
985 2737 1147 2792 quam
1194 2721 1400 2793 regium
1454 2719 1835 2784 ministerium,
1893 2727 2094 2790 quanto
2155 2728 2211 2773 et

625 2825 726 2878 pro
770 2811 902 2881 ipsis
955 2813 1173 2882 regibus
1221 2813 1487 2867 rationem
1528 2810 1792 2867 reddituri
1838 2827 2025 2866 sumus
2078 2811 2210 2879 Regi

628 2918 818 2974 regum
866 2914 922 2959 et
963 2904 1174 2960 Pastori
1221 2912 1503 2975 pastorum
1550 2904 1604 2958 in
1637 2904 1723 2959 die
1773 2903 2036 2959 tremendi
2084 2917 2214 2957 exa-

631 3009 813 3047 minis.

2307 1894 2391 1949 vel
2413 1910 2533 1964 qum
2553 1896 2817 1950 sentimus
2844 1895 3011 1951 verbo
3043 1904 3251 1949 tantum
3276 1895 3592 1958 enuntiare;
3621 1902 3671 1947 et
3689 1892 3725 1946 si
3742 1899 3830 1946 erat

2306 1985 2649 2039 scribendum
2686 2025 2702 2052 ,
2740 1984 2879 2040 forte
2924 2001 3208 2056 possemus
3253 1985 3628 2058 congruentius
3663 1981 3828 2038 dicendi

2305 2076 2549 2131 ordinem
2578 2084 2777 2140 texere,
2810 2077 2855 2131 si
2890 2077 3079 2132 talium
3105 2092 3170 2132 ac
3195 2085 3469 2132 tantorum
3495 2074 3823 2145 adjurationem

2306 2163 2662 2220 voluissemus
2685 2173 2780 2219 aut
2804 2165 3157 2221 valuissemus
3185 2165 3478 2237 negligere.
3530 2165 3671 2220 Unde
3694 2164 3828 2232 legen-

2307 2264 2389 2309 tes
2411 2256 2526 2310 haec
2544 2272 2665 2326 quae
2691 2256 2758 2311 de
2785 2257 2988 2312 sanctis
3008 2255 3308 2328 Scripturis
3327 2267 3383 2311 et
3407 2255 3616 2312 Patrum
3639 2253 3827 2310 traditio-

2307 2347 2469 2404 nibus
2490 2362 2677 2402 eorum
2694 2348 3152 2420 propositionibus
3168 2349 3549 2412 rescribemus,
3572 2362 3666 2402 non
3686 2343 3826 2400 nosde

2308 2440 2720 2509 responsionum
2750 2442 2941 2496 ordine
2980 2441 3291 2497 inordinate
3321 2446 3687 2504 succenseant,
3715 2445 3759 2493 et
3789 2434 3827 2489 si

2310 2533 2377 2587 ad
2401 2532 2525 2586 talia
2538 2548 2659 2602 quae
2682 2533 2750 2588 ad
2768 2534 2906 2589 hanc
2935 2534 3199 2589 rationem
3214 2532 3464 2589 fortassis
3476 2547 3578 2587 non
3595 2529 3828 2601 pertinent,

2310 2642 2497 2685 eorum
2544 2631 2701 2686 tracti
2753 2631 3141 2701 quaestionibus
3184 2630 3515 2695 derivamus,
3542 2642 3638 2683 non
3666 2634 3830 2693 nosptv

2312 2721 2680 2793 superﬂuitate
2701 2722 2990 2792 refugiant,
3014 2736 3189 2793 neque
3209 2729 3414 2777 nostra:
3436 2716 3730 2776 sinceritatis
3762 2727 3824 2766 re-

2313 2813 2655 2881 sponsionem
2686 2813 2968 2882 quisquam
3008 2812 3076 2867 ad
3108 2812 3376 2883 injuriam
3428 2810 3512 2866 sui
3564 2810 3825 2875 retorqueat.

2314 2902 2571 2970 quoniam
2603 2917 2724 2967 nos,
2751 2902 2880 2957 dicti
2907 2901 3174 2956 Dominici
3202 2915 3495 2964 memores,
3525 2897 3637 2953 Non
3654 2892 3829 2960 accipin

2315 3005 2587 3064 personam
2618 2995 2673 3048 in
2698 2994 2902 3064 judicio
2938 2993 3115 3066 (Deut.
3145 3010 3187 3058 ι,
3216 2994 3342 3064 17);
3398 3001 3454 3048 et
3495 2992 3611 3047 item
3647 2988 3829 3042 dicentes

700 3080 782 3135 Ad
820 3090 1042 3136 cunctos
1071 3084 1232 3136 etiam
1267 3084 1319 3137 in
1358 3083 1477 3138 sinu
1506 3082 1785 3139 catholicae
1815 3082 2067 3137 Ecclesizn
2098 3080 2211 3136 col-
2250 3147 2285 3157 ﬂ
2319 3094 2537 3141 sanctos
2561 3087 2852 3157 apostolos,
2884 3102 3136 3156 quorum,
3164 3085 3301 3140 licet
3328 3084 3554 3155 indigni,
3597 3081 3719 3135 vices
3748 3073 3830 3143 axi-

632 3171 835 3226 locatos
862 3172 985 3227 hinc
1014 3172 1156 3241 loqui
1201 3173 1555 3235 decrevimus,
1589 3181 1649 3227 ut
1687 3181 1741 3227 et
1781 3173 1882 3241 ipsi
1916 3173 2039 3227 talia
2068 3188 2215 3226 com-
2243 3147 2287 3206 C
2321 3191 2459 3240 mus,
2491 3147 3055 3244 pro'modulo'nostro
3096 3147 3393 3236 imitantes.
3445 3147 3566 3228 Non
3604 3170 3731 3230 enim,
3771 3162 3832 3216 in-

630 3265 849 3318 mittere
892 3272 1137 3328 caveant,
1176 3272 1230 3318 et
1270 3273 1529 3335 quantum
1553 3280 1615 3319 cx
1643 3264 1773 3334 ipsis
1801 3272 1905 3328 est,
1934 3264 2218 3335 agentibus

630 3372 738 3412 non
759 3358 1097 3411 consentiant
1125 3365 1179 3411 et
1199 3372 1297 3426 per
1320 3356 1683 3411 adulationem
1728 3372 1833 3411 non
1867 3355 2100 3411 faveant.
2141 3357 2219 3411 De

632 3450 886 3521 qualibus
913 3449 1176 3504 mirabilis
1203 3450 1331 3504 dicit
1359 3447 1648 3518 Apostolus
1674 3465 1687 3501 :
1724 3447 1987 3513 Quoniam
2023 3449 2112 3519 qui
2139 3457 2219 3501 ta-

633 3542 706 3596 lia
731 3552 913 3612 agunt,
936 3558 1151 3612 regnum
1172 3540 1269 3595 Dei
1294 3557 1395 3594 non
1417 3550 1799 3608 consequentur
1829 3538 1969 3611 (Gal.
2003 3556 2057 3604 v,
2088 3539 2215 3610 2i);

632 3642 689 3688 et
718 3634 848 3688 item
878 3651 891 3686 :
920 3632 1024 3698 Qui
1047 3631 1175 3687 talia
1194 3641 1356 3702 agunt
1390 3631 1536 3700 digni
1561 3640 1682 3685 sunt
1702 3641 1886 3694 morte,
1913 3648 2016 3685 non
2049 3632 2218 3685 solum

631 3725 722 3793 qui
751 3724 951 3794 faciunt
978 3723 1097 3789 illa,
1122 3724 1211 3777 sed
1247 3723 1405 3776 etiam
1437 3722 1526 3789 qui
1556 3723 1883 3776 consentiunt
1910 3723 2219 3791 facientibus

635 3807 807 3877 (Rom.
840 3828 875 3875 ι,
906 3812 1018 3883 32).
1063 3811 1192 3879 Quae
1221 3813 1423 3867 idcirco
1463 3812 1515 3865 in
1548 3812 1649 3866 hac
1698 3810 1951 3867 schedula
1989 3826 2217 3867 enume-

635 3920 758 3959 rare
787 3905 1086 3968 omisimus,
1122 3920 1190 3960 ne
1220 3904 1341 3958 aliis
1377 3903 1606 3959 dominis
1648 3912 1703 3958 et
1742 3903 2220 3959 consacerdotibus

634 3995 852 4057 nostris,
886 3994 977 4065 qui
1000 3993 1087 4047 illa
1119 3991 1445 4048 sufﬁcienter
1473 3993 1672 4057 sciunt,
1695 4002 1753 4047 et
1777 3992 1970 4048 melius
1998 4008 2063 4049 ac
2090 4008 2220 4049 con-

635 4085 916 4155 gruentius
942 4085 1098 4139 nobis
1144 4084 1258 4139 suis
1297 4083 1631 4139 auditoribus
1669 4098 1939 4153 exponere
1981 4084 2215 4154 sapiunt,

634 4178 829 4234 fecisse
854 4177 1103 4247 injuriam
1130 4176 1428 4239 videamur,
1460 4175 1762 4245 praesertim
1789 4189 1914 4229 cum
1949 4172 2218 4244 frequenti

634 4260 924 4340 apostolica
977 4268 1206 4324 lectione
1260 4268 1469 4322 cunctis
1519 4267 1816 4322 Ecclesium
1879 4266 2219 4323 visitantibus

635 4359 988 4415 inculcantur.

704 4449 831 4505 Hec
859 4459 1043 4504 nostra
1070 4463 1287 4503 eorsum
1312 4448 1589 4518 praemissa
1623 4447 1795 4502 tendit
1832 4447 2049 4510 locutio,
2087 4447 2213 4516 quia

635 4553 809 4609 nuper
835 4539 902 4593 ad
927 4554 1026 4593 nos
1052 4539 1269 4608 quidam
1296 4554 1365 4593 ex
1388 4537 1779 4603 ecclesiastico,
1827 4538 2048 4608 quidam
2087 4553 2217 4594 vero

635 4644 704 4685 ex
732 4627 908 4681 laicali
939 4628 1146 4691 ordine,
1174 4635 1230 4681 et
1256 4642 1353 4696 pro
1378 4624 1537 4681 oilicii
1566 4627 1647 4680 sui
1685 4626 1804 4682 loco
1841 4643 1907 4683 ac
1946 4643 2043 4696 pro
2092 4627 2217 4683 reli-

636 4719 810 4789 gionis
836 4718 1052 4782 merito,
1091 4733 1190 4773 nec
1213 4734 1320 4774 non
1351 4727 1405 4773 et
1433 4733 1532 4788 pro
1566 4718 1866 4775 devotionis
1908 4730 2071 4790 atque
2115 4736 2215 4776 no-

633 4806 858 4862 bilitatis
880 4822 990 4863 sua:
1012 4807 1179 4872 cultu,
1202 4824 1307 4865 non
1331 4810 1735 4865 contemnenda:
1753 4824 2015 4878 personae,
2030 4826 2220 4882 quem-

632 4901 757 4953 dam
786 4898 1048 4963 libellum,
1083 4900 1237 4969 cujus
1273 4899 1361 4955 hic
1405 4906 1610 4953 textum
1655 4901 2049 4970 subjunximus,
2094 4918 2216 4955 cum

633 4990 924 5060 propositis
952 4990 1338 5061 quaestionibus
1365 4989 1636 5055 dixerunt,
1668 4999 1916 5060 petentes
1947 4992 2222 5047 humiliter

632 5097 730 5153 per
759 5082 1044 5138 Dominum
1084 5091 1329 5139 nostrum
1355 5080 1537 5138 Jesum
1566 5081 1863 5149 Christum,
1911 5085 2003 5154 qui
2043 5085 2217 5139 dixit:

642 5175 822 5230 Videte
853 5193 916 5230 ne
948 5177 1292 5231 contenmatis
1315 5191 1480 5231 unum
1520 5192 1583 5230 ex
1628 5160 1708 5231 his
1747 5177 1953 5245 pusillis
1998 5176 2213 5247 (Matth.

631 5282 787 5327 xvttt,
816 5264 940 5335 i0);
970 5275 1026 5321 ct
1056 5285 1068 5321 :
1098 5264 1256 5320 Omni
1283 5268 1472 5329 petenti
1511 5277 1560 5321 te
1592 5267 1760 5321 tribue
1785 5266 1936 5339 (Luc.
1977 5285 2052 5333 vr,
2084 5269 2175 5339 50)
2200 5287 2216 5335 ;

629 5364 732 5411 et:
775 5354 982 5410 Volenti
1028 5358 1263 5411 mutuari
1309 5375 1341 5411 a
1394 5368 1445 5412 te
1485 5375 1550 5411 ne
1594 5360 1849 5412 averteris
1895 5358 2110 5428 (Matth.
2163 5376 2217 5424 v,

630 5447 758 5515 42);
794 5456 849 5501 et
878 5465 890 5500 :
928 5446 1011 5500 Ne
1035 5447 1183 5502 dicas
1209 5449 1377 5501 antica
1415 5446 1579 5520 566
1619 5458 1749 5503 tuo:
1777 5448 1922 5504 Vade
1965 5462 2011 5503 et
2052 5468 2223 5505 rever.

544 5522 549 5527 ’
632 5548 760 5600 tere,
788 5547 838 5591 et
869 5554 989 5591 cras
1023 5537 1160 5591 dabo
1190 5538 1304 5600 tibi,
1332 5554 1449 5591 cum
1479 5539 1657 5592 statim
1678 5540 1843 5609 possis
1888 5540 2016 5593 dare
2036 5539 2217 5610 (Prov.

635 5641 676 5691 ι,
702 5628 825 5696 28);
858 5637 911 5684 et
958 5644 1055 5699 per
1101 5628 1317 5685 beatum
1352 5629 1570 5685 Petrum
1610 5630 1863 5687 Ecclesiae
1909 5647 2020 5687 suae
2060 5632 2224 5702 jussit

638 5719 939 5775 rectoribus
967 5728 1025 5774 ut
1053 5720 1226 5789 parati
1264 5723 1369 5776 sint
1408 5722 1473 5777 ad
1506 5721 1927 5778 satisfactionem
1957 5724 2102 5779 omni
2128 5740 2221 5794 po-

2243 4495 2295 4556 D

2318 3265 2510 3334 quiuut
2530 3305 2544 3328 ,
2570 3281 2846 3334 possumus
2867 3280 2984 3335 qua:
3009 3265 3310 3319 audivimus
3336 3273 3388 3319 et
3415 3263 3624 3319 vidimus
3657 3273 3738 3312 non
3772 3251 3828 3303 lo-

2316 3354 2408 3423 qui
2432 3352 2570 3424 (Act.
2596 3370 2669 3417 tv,
2700 3353 2817 3425 20),
2849 3354 2917 3409 de
2958 3353 3154 3423 quibus
3186 3353 3509 3423 interrogati
3529 3362 3719 3408 .sumus,
3749 3353 3831 3395 non

2319 3451 2526 3507 nostra,
2555 3442 2646 3496 sed
2674 3442 2760 3496 vel
2789 3442 3083 3511 Scriptura!
3117 3441 3340 3507 divinae,
3381 3441 3467 3497 vel
3507 3451 3674 3495 eorum
3704 3432 3828 3488 dicta.

2320 3548 2417 3601 per
2438 3548 2574 3602 quos
2602 3532 2862 3588 Dominus
2886 3532 3098 3588 locutus
3121 3540 3226 3597 est,
3254 3541 3317 3587 et
3355 3548 3386 3588 a
3422 3532 3608 3602 quibus
3632 3523 3705 3580 illa
3727 3517 3830 3575 didi-

2318 3625 2515 3688 cimus,
2545 3634 2707 3694 prout
2746 3625 2995 3695 permisit
3038 3626 3276 3681 brevitas
3315 3623 3582 3692 temporis,
3618 3626 3667 3673 et
3690 3623 3830 3670 occur-

2320 3716 2393 3770 rit
2421 3716 2717 3781 memorite,
2746 3717 3035 3787 propositis
3055 3718 3474 3787 qtuestionihus,
3505 3716 3604 3770 imo
3640 3715 3829 3780 quw

2320 3807 2451 3860 tium
2477 3808 2867 3877 praemittentes
2892 3824 3011 3878 quae
3035 3810 3526 3879 interrogaveram,
3547 3795 3829 3860 solutionibus

2320 3899 2438 3953 sine
2472 3899 2777 3955 adulatione
2824 3901 3153 3969 respondere
3199 3901 3529 3955 curavimus.
3578 3895 3639 3950 Et
3677 3888 3833 3945 idcirco

2319 3991 2644 4063 generaliter
2673 3992 2741 4046 ad
2767 4006 2957 4046 omnes
2989 3991 3334 4061 scripsimus,
3377 3990 3500 4060 quia
3537 3987 3599 4041 ad
3644 3977 3829 4037 omnium

2318 4085 2565 4141 ordinum
2601 4099 2859 4154 personas
2883 4099 3103 4139 causam
3134 4084 3411 4153 pertinere
3442 4076 3762 4151 cognovimus,
3788 4072 3826 4121 εί

2319 4180 2415 4231 eos
2465 4178 2691 4246 prodere
2724 4217 2740 4241 ,
2786 4178 2876 4247 qui
2928 4178 3087 4232 nobis
3134 4177 3411 4247 proposita
3464 4166 3825 4228 transmiserunt.

2320 4267 2576 4337 prohibiti
2617 4283 2741 4322 cum
2793 4267 3131 4338 adjuratione
3177 4268 3490 4338 praescripta
3543 4271 3717 4318 sumus.
3756 4249 3827 4304 Μ

2321 4367 2500 4414 autem
2532 4359 2793 4415 Dominus
2825 4361 2875 4414 in
2905 4375 2968 4414 os
2999 4368 3238 4414 nostrum
3292 4371 3590 4415 sermonem
3623 4351 3825 4405 directum

2322 4449 2458 4506 bene
2496 4459 2777 4505 sonantem
2805 4491 2819 4516 ,
2856 4460 2917 4505 ut
2944 4452 3214 4522 possimus
3240 4452 3311 4505 ad
3337 4466 3400 4506 ea
3425 4451 3490 4505 de
3517 4444 3688 4517 quibus
3708 4438 3826 4522 inter

2322 4541 2493 4611 rogati
2520 4557 2728 4605 sumus,
2757 4520 3140 4596 convenienter
3180 4540 3407 4597 collecta
3450 4536 3671 4610 proferre
3703 4520 3826 4578 verba

2321 4647 2531 4697 eorum,
2558 4634 2753 4702 quibus
2781 4633 3042 4688 Dominus
3070 4633 3202 4687 dicit
3234 4651 3247 4686 :
3280 4632 3405 4688 Non
3432 4647 3516 4685 cos
3546 4626 3653 4683 estis
3679 4617 3750 4692 συί

2320 4727 2572 4793 quimini,
2620 4727 2711 4779 sed
2744 4724 2971 4797 Spiritus
3010 4726 3189 4780 Patris
3232 4726 3389 4781 vestri
3424 4722 3511 4794 qui
3562 4715 3755 4787 loquitur

2322 4789 2462 4871 nobis
2486 4814 2700 4886 (Matth.
2732 4789 2793 4880 κζ
2818 4815 2927 4889 ιο).
2978 4817 3077 4870 Det
3100 4817 3263 4872 etiam
3288 4789 3458 4887 gratia
3486 4803 3675 4868 Domini
3699 4789 3823 4889 nostri

2321 4907 2450 4963 Jesu
2479 4878 2702 4971 Christi,
2731 4908 2822 4979 qui
2848 4878 2956 4963 vult
2982 4924 3160 4962 omnes
3186 4878 3421 4961 homines
3461 4902 3619 4958 salvos
3657 4888 3751 4963 ﬁeri
3785 4878 3822 4949 (1

2330 4999 2465 5054 Tim.
2499 5015 2558 5061 ιι,
2588 5000 2672 5071 4),
2698 5012 2751 5055 et
2778 5000 3048 5055 neminem
3077 4999 3190 5054 vult
3214 5002 3392 5070 perire
3412 5040 3426 5064 ,
3451 5006 3509 5051 ut
3533 4990 3739 5064 placeant
3756 4986 3825 5046 ll“

2328 5098 2523 5144 nostra;
2550 5090 2875 5145 humilitatis
2908 5091 3223 5145 servitutem
3266 5090 3406 5145 dicta
3444 5088 3719 5141 sanctorum

2326 5189 2511 5249 cerpta
2542 5180 2595 5233 in
2619 5190 2909 5251 conspectu
2935 5180 3270 5235 audientium
3294 5194 3380 5241 ea,
3418 5175 3599 5246 quibus
3620 5152 3823 5239 genera“.

2329 5280 2411 5326 ter
2430 5272 2571 5325 Deus
2588 5271 2749 5326 dicit:
2776 5270 2879 5336 Qui
2908 5282 2984 5325 est
3008 5287 3075 5326 ea:
3100 5270 3233 5335 Deo,
3261 5270 3408 5325 verba
3431 5267 3520 5321 Dei
3540 5259 3669 5316 audit
3687 5250 3820 5344 (loeto

2327 5379 2443 5423 vm,
2464 5363 2575 5432 47).
2614 5334 2825 5433 Quique
2853 5362 3132 5433 discipulis
3161 5334 3274 5417 suis
3295 5360 3429 5416 dixit
3451 5376 3462 5411 :
3488 5354 3585 5421 Qui
3603 5362 3676 5405 vos
3696 5334 3821 5411 6‘5"."

2324 5471 2407 5507 me
2436 5454 2583 5506 audit
2616 5452 2767 5522 (an.
2801 5469 2855 5517 ιι,
2888 5453 3000 5522 10),
3027 5462 3083 5507 et
3111 5458 3383 5507 removeat
3423 5447 3489 5502 ab
3527 5437 3740 5522 omnia":
3753 5437 3822 5522 ξιξ

2325 5506 2897 5599 dientium'xinteriore
2945 5506 3127 5599 cordis
3168 5544 3351 5598 auditu
3389 5525 3679 5593 obaudiendi

2326 5636 2601 5698 duritiam,
2635 5636 2726 5705 qui
2756 5635 2921 5705 jussit
2955 5650 3238 5691 removere
3266 5650 3293 5687 a
3323 5628 3558 5700 sepulcro
3593 5620 3744 5709 Latiari

2329 5727 2504 5794 pidem
2536 5700 2717 5795 (λοπή.
2750 5700 2847 5795 in,
2883 5734 2937 5781 ct
2963 5726 3175 5781 auferat
3206 5715 3529 5781 inobcdicndi
3560 5700 3816 5765 vecordiam:
