4026 6340
1152 344 1242 400 DE
1283 344 1608 402 DWORTIO
1644 342 1966 398 LO'l'HARll
2004 343 2090 397 ΕΤ
2127 343 2542 399 TETBERGJ‘J.

3365 344 3471 401 650

214 464 310 533 qui
341 463 470 517 olim
497 460 817 531 promiserat
839 474 935 527 per
953 458 1277 527 Prophetam
1309 474 1324 513 :
1355 458 1604 527 Aufer-am
1637 476 1669 512 a
1707 475 1793 512 νυ-
1819 469 1867 522 Α
1896 457 2009 510 haec
2034 458 2244 519 eadem,
2293 473 2388 525 per
2434 472 2593 524 quam
2627 456 2804 523 populi
2852 455 3137 511 multitudo
3183 456 3237 509 in
3276 455 3469 521 lutere,

217 558 297 611 si;
324 571 420 608 cor
442 552 730 623 lapideum,
757 563 804 605 et
830 551 964 604 dabo
989 552 1131 605 υοωε
1156 568 1247 605 cor
1279 566 1558 615 carncum;
1588 561 1635 606 ει
1666 552 1791 620 spi-
1889 545 2112 614 jubente
2162 546 2406 610 Omnino,
2456 561 2553 615 per
2602 544 2835 615 Moysem
2875 547 3019 601 facto
3051 546 3291 610 diluitur,
3328 562 3470 616 aqua

215 646 385 699 ritum
420 660 591 697 meum
628 659 818 712 ponam
843 642 897 696 in
924 643 1091 696 media
1119 645 1287 703 vestri,
1325 654 1374 696 et
1408 643 1603 712 faciam
1637 652 1693 695 ut
1739 643 1795 696 in

214 734 491 804 praeceptis
519 732 646 786 meis
674 730 967 797 ambuletis,
999 740 1049 786 et
1065 731 1275 800 judicia
1311 749 1428 786 mea
1468 732 1791 793 custodiatis,

214 834 265 879 et
294 822 584 891 operamini
622 820 836 891 (Ezech.
867 837 1053 886 χχχιιι,
1079 821 1201 891 26);
1229 837 1298 876 ne
1321 822 1417 887 eis,
1450 823 1591 891 quod
1633 821 1794 885 absit,

214 911 693 968 contemnentibus
735 919 1044 965 sanctorum
1081 926 1301 967 suorum
1333 910 1576 977 consilia,
1603 911 1798 981 quibus

215 1004 478 1060 dixerat:
512 1002 616 1068 Qui
644 1018 732 1056 vos
775 1002 990 1070 spernit,
1027 1017 1110 1055 me
1145 1002 1343 1072 spernit
1373 1001 1522 1072 (Luc.
1571 1017 1627 1067 κ,
1684 1001 1796 1070 16),

214 1096 367 1166 quod
415 1103 499 1149 est
546 1093 699 1149 valde
743 1093 986 1149 terribile
1032 1093 1213 1148 dicat:
1244 1092 1531 1164 Propterea
1567 1111 1655 1149 vos
1696 1111 1801 1147 non

214 1185 443 1250 auditis,
474 1184 526 1238 id
549 1192 762 1238 estnon
791 1182 1055 1249 obeditis,
1096 1184 1220 1254 quia
1261 1199 1326 1240 ea:
1369 1183 1480 1238 Deo
1527 1199 1631 1237 non
1678 1184 1810 1253 estis,

218 1272 411 1339 (Joan.
457 1289 576 1338 vni,
614 1270 725 1341 47).

294 1361 364 1416 Et
409 1376 567 1417 nemo
616 1376 715 1416 nos
755 1369 1003 1416 exsecret
1049 1361 1345 1431 impudicos
1392 1363 1458 1417 de
1496 1361 1802 1432 hujusmodi

219 1452 618 1521 iinpndicitiis,
670 1468 806 1522 quas
851 1453 1170 1509 verecunda:
1222 1468 1383 1507 aures
1433 1453 1803 1508 erubescendo

219 1541 518 1611 refugiunt,
548 1545 988 1608 sermocinantes,
1019 1543 1145 1613 quia
1172 1542 1365 1598 timore
1392 1541 1613 1609 Christi,
1643 1559 1803 1613 quem

1896 636 2082 705 procul
2128 638 2289 692 dubio
2341 638 2529 693 luteris
2574 638 2903 706 inquinatur.
2937 637 3068 691 Nam
3112 638 3240 692 dum
3285 641 3478 695 sordes

1897 726 2211 781 diluentium
2241 728 2484 797 suscipit,
2510 728 2662 797 quasi
2695 742 2804 781 sua:
2831 728 3106 781 munditim
3124 728 3471 783 serenitatem

1898 818 2093 887 perdit.
2134 817 2239 872 Sed
2284 818 2399 872 lucc
2442 814 2781 887 nequaquam
2818 818 3021 887 pastori
3065 817 3299 874 timenda
3326 829 3497 881 sunt,»

1899 910 2023 979 quia
2043 951 2059 976 ,
2085 910 2195 965 Deo
2232 911 2500 966 subtiliter
2527 918 2721 965 cuncta
2762 920 3053 980 pensante,
3084 917 3235 964 tanto
3262 909 3497 965 facilius-

1901 1017 1930 1055 a
1963 1016 2057 1056 sua
2089 1000 2336 1071 eripitur,
2369 1009 2571 1071 quanto
2599 999 2999 1054 misericordias
3024 1014 3089 1056 ex
3138 999 3314 1054 aliena
3358 1008 3497 1053 ten--

1903 1092 2107 1148 talione
2137 1092 2407 1163 fatigatur.
2436 1112 2455 1145 ο
2500 1092 2567 1146 Et
2597 1100 2745 1146 tanto
2776 1092 3074 1146 alienarum
3105 1092 3472 1146 infirmitatum

1902 1166 2238 1251 impuritaies
2265 1189 2320 1237 et
2362 1181 2631 1251 patienter
2673 1179 2890 1244 audire,
2920 1172 2989 1233 ὀι
3027 1179 3256 1234 infirmis
3304 1178 3465 1233 medi-

1903 1273 2061 1328 cinali
2092 1274 2348 1335 consilio,
2380 1282 2537 1343 prout
2562 1273 2753 1340 cuique
2777 1272 3033 1342 expedire
3061 1271 3287 1334 viderit,
3314 1269 3476 1326 debet

1905 1364 2077 1419 modis
2125 1365 2374 1419 omnibus
2418 1364 2739 1427 subvenire,
2789 1370 2990 1431 quanto
3025 1362 3228 1424 Deum,
3260 1369 3321 1416 ut
3360 1361 3476 1430 ipse

1903 1470 2002 1525 per
2022 1455 2334 1526 preplietam
2363 1454 2491 1510 dicit
2524 1453 2655 1523 (Jer.
2687 1453 2784 1523 vi),
2808 1451 3123 1507 sustinendo
3147 1449 3394 1505 laborare
3420 1451 3474 1505 in

1905 1547 2104 1602 nostris
2152 1546 2544 1616 iniquitatibus,
2589 1552 2645 1600 et
2690 1542 2902 1599 occulta
2948 1544 3143 1597 decora
3174 1549 3392 1605 nostra,
3421 1549 3481 1595 et

178 1704 192 1721 ι
221 1629 282 1686 in
316 1646 380 1686 se
407 1631 640 1687 locutum
686 1632 854 1691 fuisse
897 1634 1165 1688 veraciter
1204 1633 1369 1698 dixit,
1420 1632 1617 1688 Paulus
1665 1634 1807 1687 inter
1906 1638 2143 1708 ipsarum
2191 1637 2353 1692 etiam
2407 1635 2791 1706 cogitationum
2838 1631 3207 1695 ilnmunditias
3260 1630 3476 1699 conspi-

221 1720 332 1775 alia
380 1725 445 1777 de
483 1722 682 1779 talibus
707 1725 1023 1796 disputavit,
1056 1723 1143 1777 illa
1187 1739 1306 1794 qua:
1350 1740 1415 1778 ex
1464 1725 1806 1795 interrogatis
1906 1744 2061 1792 cere,
2104 1740 2158 1783 et
2192 1727 2614 1783 misericorditer
2656 1735 2908 1796 portare,
2952 1723 3155 1777 diutina
3197 1730 3501 1790 exspecta-.

220 1816 431 1874 sentire
478 1816 773 1885 ροιθτίωυδ
793 1856 808 1882 ι
856 1832 1195 1886 nequaquam
1243 1825 1423 1871 lacere
1465 1816 1800 1880 andcbimus.
1833 1820 1878 1879 B
1909 1822 2052 1875 tione
2080 1820 2331 1888 ignorare
2356 1832 2461 1872 non
2492 1825 2685 1887 potest.
2718 1814 2871 1871 Unde
2897 1821 3117 1868 sanctus
3148 1810 3479 1881 Augustinus

221 1916 464 1966 terrente
489 1923 587 1963 nos
626 1923 692 1963 eo
733 1916 897 1979 atque
927 1909 1177 1963 dicente:
1214 1906 1317 1973 Qui
1348 1924 1428 1962 me
1463 1906 1722 1961 erubuerit
1750 1917 1797 1960 et

218 2013 369 2052 meos
401 2012 681 2061 semones,
711 1998 848 2050 hunc
871 1994 1046 2050 Filias
1089 1995 1315 2049 hominis
1355 1996 1650 2059 erubescet,
1681 2011 1798 2050 cum

218 2088 420 2143 venerit
447 2087 502 2141 in
528 2087 798 2158 majestate
836 2104 953 2154 sua,
982 2097 1031 2142 et
1067 2087 1264 2155 Patris,
1294 2096 1342 2142 et
1376 2097 1676 2143 sanctorum
1704 2104 1799 2142 an-

218 2177 457 2249 gelorum
483 2174 633 2249 (Luc.
660 2194 738 2244 ιι,
757 2177 871 2248 26).

297 2266 466 2323 Nemo
484 2268 647 2322 etiam
670 2267 828 2322 debet
855 2268 1169 2323 exacerbati
1196 2268 1418 2323 audiens
1445 2268 1800 2339 turpitudines

220 2356 601 2412 infirmitatem
645 2372 781 2426 quas
828 2367 1088 2411 venenata
1136 2358 1410 2413 diabolica:
1455 2358 1803 2427 malignitatis

220 2448 489 2504 calliditas
509 2449 757 2503 humana:
779 2449 968 2522 inﬂigit
992 2449 1287 2521 fragilitati,
1310 2452 1485 2506 sciens
1507 2465 1584 2516 se,
1612 2466 1801 2506 secun-

222 2541 352 2595 dum
393 2539 707 2609 Apostolum
736 2539 921 2613 (Ilebr.
955 2557 1008 2607 v,
1037 2542 1116 2612 9.),
1153 2542 1542 2596 circumdatum
1573 2556 1692 2597 esse.
1719 2542 1801 2597 in-

222 2627 514 2695 firmitate,
544 2641 600 2684 et
633 2631 984 2687 considerans
1013 2632 1248 2700 seipsum
1271 2672 1285 2695 ,
1317 2648 1384 2687 ne
1415 2630 1554 2686 forte
1600 2639 1656 2685 et
1686 2630 1801 2700 ipse

226 2728 483 2775 tentetur.
516 2719 700 2790 Neque
727 2721 886 2776 debet
924 2731 1194 2787 metuere,
1223 2724 1381 2777 beato
1409 2722 1621 2777 dicente
1665 2722 1799 2777 Gre-

222 2811 376 2882 gorio
408 2811 461 2865 in
488 2811 689 2882 Regula
732 2811 986 2882 pastorali
1017 2810 1251 2882 (Pastor.
1283 2828 1361 2877 xl,
1397 2830 1511 2882 cap.
1551 2811 1641 2881 5),
1685 2831 1703 2863 ι
1745 2820 1805 2867 ut

223 2902 352 2957 dum
399 2901 571 2956 aliena
614 2911 941 2958 tentamenta
988 2903 1464 2959 condescendendo
1507 2903 1800 2974 cognoscit,

225 2992 427 3049 auditis
470 2993 856 3049 tentationibns
903 2994 1067 3048 etiam
1116 2994 1231 3064 ipse
1269 2994 1529 3063 pulsetur,
1575 2993 1702 3064 quia
1749 3002 1805 3048 et

240 3179 1994 3204 '—_—_———_———————-—~———o

445 3348 611 3420 568
659 3338 1263 3401 INTERROGATIO
1311 3338 1560 3399 PRIMA
1575 3384 1588 3398 .

297 3461 465 3515 Aiunt
491 3460 633 3513 enim
679 3459 857 3529 primo
897 3457 1130 3527 capitulo
1172 3473 1187 3513 :
1229 3457 1379 3514 Uxor
1426 3457 1628 3514 domini
1659 3456 1806 3528 regis

229 3552 474 3607 Lotharii
502 3551 675 3621 primo
703 3549 919 3619 quidem
947 3558 1192 3619 reputata
1219 3559 1303 3604 est
1333 3548 1399 3603 de
1420 3557 1626 3618 stupro,
1650 3546 1804 3617 quasi

226 3643 405 3697 frater
442 3656 571 3696 suus
615 3655 738 3694 cum
785 3654 850 3694 ea
885 3639 1183 3694 masculino
1224 3639 1510 3709 concubitu
1555 3639 1696 3693 inter
1724 3637 1806 3692 fe-

225 3748 409 3797 mora,
437 3731 577 3787 sicut
605 3731 777 3786 solent
806 3729 1029 3794 masculi
1051 3730 1103 3785 in
1129 3729 1398 3786 masculos
1424 3728 1804 3798 turpitudinem

223 3823 465 3894 operari,
497 3821 674 3878 scelus
717 3820 882 3877 fuerit
918 3832 1202 3891 operatus,
1229 3830 1283 3874 et
1312 3821 1435 3875 inde
1472 3821 1585 3891 ipsa
1609 3834 1806 3874 conce-

224 3914 395 3985 perit,
429 3922 760 3983 quapropter
784 3922 844 3967 ut
871 3912 1139 3967 celaretur
1179 3911 1437 3980 ﬂagitium
1467 3920 1648 3980 potum
1677 3911 1806 3964 hau-

223 4007 317 4068 sit,
344 4012 400 4059 et
427 4013 638 4075 partum
677 4004 954 4059 abortivit.
991 4003 1122 4070 Quae
1150 4003 1262 4073 ipsa
1288 4003 1581 4073 denegans,
1614 4001 1808 4070 proba-

222 4097 396 4152 tionis
423 4105 645 4151 auctore
673 4097 1009 4165 testibusque
1051 4094 1447 4156 deficientibus,
1479 4091 1681 4163 judicio
1708 4090 1806 4145 lai-

226 4188 730 4251 corum.nobilium
780 4196 835 4243 et
882 4184 1126 4242 consultu
1184 4186 1556 4257 episcoporum
1584 4223 1599 4246 ,
1648 4191 1809 4252 atque

224 4283 397 4352 ipsius
423 4280 567 4351 regis
617 4296 916 4345 consensu,
947 4280 1181 4334 vicarius
1222 4277 1460 4347 ejusdem
1503 4277 1715 4331 femina:
1740 4275 1810 4329 ad

219 4374 489 4445 judicium
520 4388 673 4442 aqua:
699 4372 957 4427 ferventis
985 4372 1140 4437 exiit,
1170 4380 1223 4427 et
1252 4379 1535 4441 postquam
1566 4369 1810 4424 incoctus

223 4468 408 4521 fuerat
434 4465 549 4534 ipse
581 4472 845 4534 repertus,
876 4462 1062 4518 eadem
1099 4461 1298 4518 femina
1340 4460 1575 4516 maritali
1602 4469 1717 4514 toro
1745 4473 1809 4513 ac

224 4554 482 4627 coniugio
530 4554 713 4625 regio,
767 4554 987 4608 decreto
1033 4567 1140 4622 quo
1191 4566 1451 4621 suspensa
1502 4550 1677 4605 fuerat
1726 4557 1809 4603 est

222 4650 391 4703 etiam
459 4646 724 4702 restituta.
792 4643 990 4714 Sicque
1044 4652 1167 4713 post
1216 4643 1448 4713 spatium
1510 4640 1805 4710 temporis,

225 4738 505 4795 nescimus
530 4744 711 4791 utrum
743 4735 811 4792 de
849 4734 1038 4791 eadem
1069 4749 1141 4805 re.
1172 4748 1239 4787 an
1281 4733 1347 4787 de
1372 4732 1662 4788 commisso
1688 4738 1809 4800 post

225 4832 421 4888 initum
448 4826 776 4899 conjugium,
805 4843 835 4883 a
863 4826 1182 4897 quibusdam
1212 4824 1475 4894 episcopis
1521 4823 1642 4878 talis
1668 4822 1809 4877 sicut

224 4920 384 4976 vobis
418 4920 840 4974 transmittimus
864 4916 1202 4985 conscriptus
1230 4915 1457 4969 habetur
1485 4913 1725 4976 libellus,
1753 4921 1808 4967 et

221 5026 324 5081 per
364 5008 725 5079 quorumdam
767 5022 863 5062 ora
905 5007 1191 5076 vulgatur,
1237 5005 1362 5074 quia
1406 5018 1505 5074 per
1544 5013 1805 5060 secretam

222 5099 647 5163 confessionem,
667 5113 831 5168 quam
856 5096 1066 5152 libellus
1092 5096 1192 5151 iste
1216 5094 1483 5166 designat,
1504 5109 1599 5149 vos
1625 5095 1804 5149 czeteri

222 5205 421 5246 omnes
460 5189 727 5260 episcopi,
762 5195 1036 5256 assumpta
1083 5186 1358 5257 parabola,
1399 5201 1519 5241 eam
1566 5186 1806 5241 debeatis

178 5324 179 5329 η
224 5279 472 5335 funditus
515 5296 545 5334 a
592 5279 827 5335 maritali
856 5276 1124 5334 connubio
1149 5292 1457 5344 removere,
1483 5285 1538 5333 et
1567 5278 1612 5333 si
1643 5278 1806 5333 etiam

225 5372 464 5442 amplius
485 5373 795 5443 exegeritis,
819 5382 1042 5442 cogetur
1059 5371 1212 5428 vobis
1236 5373 1363 5427 dare
1382 5372 1617 5428 libellum
1645 5388 1808 5427 manu

228 5444 327 5516 sua
378 5460 674 5528 ﬁrmatum,
725 5470 785 5516 ut
816 5461 955 5516 sicut
1002 5460 1115 5516 Ebo
1155 5461 1425 5530 quondam
1475 5461 1809 5517 Rhemorum

225 5553 517 5624 episcopus
557 5568 655 5623 per
683 5552 920 5609 libellum
966 5562 1187 5608 secretae
1220 5553 1575 5608 confessionis
1618 5569 1648 5606 a
1678 5554 1805 5608 sede

192 5627 197 5632 ’
225 5652 286 5697 et
312 5643 506 5698 ordine
534 5653 619 5698 est
663 5645 962 5708 submotus,
990 5645 1061 5698 ita
1088 5653 1144 5697 et
1183 5644 1291 5698 ista
1328 5659 1422 5714 per
1454 5644 1688 5699 libellum
1722 5661 1804 5699 se-

228 5744 397 5789 cretae
422 5733 772 5791 confessionis
813 5752 845 5791 a
883 5736 1112 5791 maritali
1146 5746 1489 5792 removeatur
1510 5738 1799 5792 consortio.

1905 1913 1959 1967 in
1991 1912 2125 1967 libro
2151 1920 2345 1981 quarto
2385 1917 2573 1965 contra
2597 1909 2886 1972 lulianum,
2918 1905 3049 1961 dicit
3080 1923 3093 1959 :
3129 1922 3147 1955 ι
3171 1902 3278 1958 Nos
3303 1910 3476 1961 certe.

1904 2009 1950 2061 si
1977 2021 2070 2060 eos
2099 2005 2151 2059 in
2181 2019 2316 2075 quos
2338 2002 2491 2057 nobis
2516 2009 2755 2071 potestas
2776 2006 2881 2064 est,
2907 2008 3034 2053 ante
3059 1994 3245 2051 oculos
3267 2002 3480 2048 nostros

1904 2102 2215 2166 perpetrare
2260 2088 2900 2169 scelera‘permittamus,
2945 2087 3020 2141 rei
3065 2099 3186 2141 cum
3217 2083 3349 2153 ipsis
3373 2081 3480 2137 eri-

1905 2200 2045 2241 mus.
2071 2184 2243 2252 Quam
2283 2198 2411 2237 vero
2459 2179 2870 2236 innumerabilia
2922 2177 3008 2233 ille
3053 2174 3316 2247 permittit
3364 2172 3480 2227 fieri

1906 2285 2031 2329 ante
2055 2273 2238 2329 oculos
2274 2286 2421 2336 suos,
2453 2286 2572 2341 qua:
2601 2271 2786 2340 utique
2822 2268 2866 2323 si
2900 2267 3179 2329 noluisset,
3214 2263 3360 2319 nulla
3387 2278 3480 2317 ra—

1908 2368 2052 2421 tione
2091 2363 2464 2436 permitteret?
2490 2372 2543 2417 et
2571 2370 2747 2416 tamen
2778 2360 2956 2431 justus
2996 2368 3051 2413 et
3077 2359 3250 2413 bonus
3290 2364 3393 2419 est,
3424 2365 3481 2411 et

1904 2455 2046 2526 quod
2074 2462 2195 2525 post
2221 2454 2532 2525 patientiam
2560 2454 2652 2508 dat
2682 2451 2858 2506 locum
2905 2447 3264 2520 poenitentia},
3292 2446 3482 2501 nolens

1905 2548 2137 2618 aliquem
2165 2546 2361 2616 perire.
2394 2563 2413 2598 ι
2445 2543 2596 2612 Quod
2626 2559 2724 2598 cur
2771 2543 2865 2597 fiat
2893 2548 3116 2595 sanctus
3145 2539 3482 2594 demonstrat

1906 2636 2196 2705 Gregorius
2234 2634 2395 2705 (hom.
2428 2634 2493 2687 15
2531 2634 2586 2687 in
2614 2631 2841 2703 Evang.)
2871 2645 3145 2701 exponens
3185 2628 3481 2698 Scriptum:

1907 2726 2270 2781 testimonium
2312 2723 2647 2780 :Altissimus
2695 2733 2770 2778 est
2819 2723 2954 2777 enim
2997 2712 3199 2792 patiens
3250 2719 3484 2774 redditor

1906 2814 2100 2888 (Eccli.
2129 2813 2208 2886 v),
2243 2833 2261 2867 ί
2292 2816 2544 2885 quoniam
2571 2822 2626 2868 et
2668 2815 2869 2884 patitur
2898 2813 3035 2868 mala
3068 2820 3250 2867 nostra
3274 2820 3331 2866 et
3360 2810 3482 2866 red-

1905 2908 2003 2961 dit.
2036 2906 2167 2962 Nam
2195 2921 2330 2978 quos
2352 2907 2441 2961 diu
2475 2916 2533 2961 ut
2561 2915 2941 2963 convertantur
2963 2906 3179 2970 tolerat,
3212 2922 3318 2961 non
3349 2918 3487 2960 con-

1907 3012 2095 3053 versos
2122 2997 2310 3052 durius
2334 2999 2571 3051 damnat.
2604 3016 2621 3048 ι

2000 3167 3471 3193 -ι-------------“ν

1834 3339 1878 3401 C
1910 3332 2016 3389 Sed
2050 3342 2106 3389 et
2129 3334 2193 3389 de
2217 3328 2511 3386 venerabili
2544 3330 2871 3384 Rhemorum
2900 3327 3306 3397 archiepiscopo
3325 3326 3486 3381 nobis

1908 3431 1992 3479 est
2024 3421 2224 3478 dictum
2272 3422 2525 3491 quoniam
2576 3420 2668 3474 tali
2720 3418 2862 3474 facto
2912 3417 3242 3482 consentiat,
3286 3423 3341 3469 et
3385 3431 3484 3486 per

1906 3516 2207 3583 episcopos,
2234 3512 2576 3569 Wenilonem
2608 3510 2813 3565 scilicet
2858 3509 3343 3578 Rothomagensem
3389 3522 3481 3560 ar—

1906 3604 2344 3674 chiepiscopum,
2399 3613 2456 3657 et
2502 3600 2868 3671 llildegarium
2917 3599 3266 3669 episcopum,
3312 3593 3507 3650 verbo“

1905 3692 2054 3747 vices
2084 3708 2208 3747 suas
2236 3692 2556 3762 impleverit,
2584 3700 2638 3744 et
2665 3704 2761 3758 per
2780 3688 3120 3751 Adventium,
3150 3686 3239 3756 qui
3268 3700 3387 3739 cum
3414 3699 3513 3740 eos

1908 3781 2132 3836 Rliemis
2161 3796 2259 3851 pro
2303 3783 2406 3836 hac
2447 3796 2607 3835 causa
2638 3780 2846 3835 locutus
2873 3778 3081 3843 fuerat,
3107 3777 3318 3831 litteras
3346 3790 3512 3831 con--

1907 3886 2097 3927 sensus
2125 3872 2208 3927 sui
2232 3873 2298 3927 ad
2319 3871 2569 3942 placitum
2597 3872 2737 3939 regis
2758 3878 2813 3924 et
2837 3870 2903 3924 ad
2929 3876 3253 3924 conventum
3273 3868 3486 3938 episco-

1906 3962 2080 4031 palem
2110 3962 2402 4028 direxerit,
2431 3971 2486 4017 et
2509 3977 2606 4031 per
2633 3962 2879 4017 eumdem
2912 3960 3233 4015 Adventium
3276 3959 3509 4016 litteras-

1907 4068 2033 4107 suas
2094 4052 2288 4107 exinde
2335 4052 2401 4106 ad
2455 4051 2801 4122 apostolicam
2871 4051 3053 4106 sedem
3104 4048 3482 4106 transmiserit.

1909 4144 2062 4201 Unde
2083 4144 2211 4214 quid
2248 4144 2371 4199 inde
2398 4159 2465 4199 ex
2506 4144 2728 4198 veritate
2770 4143 3062 4198 secundum
3105 4143 3513 4198 auctoritatem'

1910 4236 2198 4290 tenendum
2235 4236 2327 4301 sit,
2357 4250 2387 4289 a
2423 4236 2574 4290 vobis
2601 4249 2696 4304 per
2722 4236 3023 4302 veritatem,
3053 4249 3173 4305 quae
3215 4236 3355 4290 Deus
3374 4243 3485 4300 est,

1909 4324 2214 4381 remandari
2241 4326 2394 4381 nobis
2422 4327 2782 4396 deposcimus.

1979 4413 2179 4470 Textus
2205 4424 2383 4470 autem
2427 4416 2589 4471 libelli
2633 4424 2755 4470 octo
2781 4415 3136 4487 capitulorum
3181 4413 3509 4486 hujusmodi:

1911 4519 2033 4560 esse
2057 4504 2424 4576 dignoscitur:

1978 4617 2104 4672 Car.
2137 4616 2177 4671 Ι.
2213 4636 2231 4668 ι
2270 4615 2379 4672 Nos
2425 4617 2696 4688 episcOpi,
2747 4618 2838 4688 qui
2897 4617 2948 4673 in
2995 4616 3232 4688 Aquensi
3285 4616 3510 4687 palatio:

1839 4692 1888 4751 Ῐ)
1912 4724 2084 4778 nuper
2110 4710 2285 4763 vocati
2313 4708 2683 4774 convenimus,
2705 4709 2833 4779 quid
2866 4708 2938 4764 ibi
2966 4709 3257 4775 sensimus,
3289 4709 3488 4779 quidve

1915 4799 2230 4868 reperimus,
2277 4800 2343 4853 ad
2394 4799 2639 4853 notitiam
2684 4798 2913 4855 fratrum
2948 4810 3003 4856 et
3046 4803 3510 4872 coepiscoporum.

1913 4888 2176 4942 deducere
2204 4903 2480 4953 curamus,
2511 4897 2570 4942 nt
2595 4888 2694 4959 ipsi
2729 4904 2914 4946 aurem
2945 4891 3124 4946 cordis
3164 4900 3219 4945 et
3243 4894 3496 4960 corporis.

1911 4980 2381 5035 accommodantes
2410 4979 2746 5048 discernant,
2778 4990 2834 5037 et
2870 4982 3107 5036 unanimi
3150 4980 3373 5036 consilio
3403 4981 3484 5034 in~

1912 5070 2133 5125 veniant
2178 5085 2335 5140 quem
2384 5072 2584 5126 exitum
2633 5081 2689 5128 et
2745 5087 2901 5142 quem
2960 5072 3119 5127 linem
3177 5069 3480 5138 huiusmodi

1914 5172 2090 5213 causae
2124 5159 2415 5229 imponant.

1984 5277 2112 5333 Car.
2140 5278 2201 5332 ll.
2234 5300 2252 5330 ι
2288 5278 2563 5335 Gloriosus
2609 5295 2700 5333 rex
2751 5279 3070 5347 Lotbarius,
3117 5279 3377 5333 familiare
3428 5288 3498 5334 et:

1916 5380 2181 5427 secretum
2228 5370 2548 5439 colloquium
2603 5369 2878 5424 nobiscum
2927 5369 3153 5436 habens,
3204 5367 3486 5425 humiliter

1916 5461 2107 5517 devota
2153 5460 2384 5531 puritate
2431 5474 2558 5513 suas
2588 5458 2846 5527 speciales
2875 5473 2937 5513 ac
2967 5458 3212 5528 proprias
3242 5457 3483 5533 necessi-

1918 5561 2076 5617 tates,
2108 5551 2384 5606 consilium
2419 5558 2475 5603 et
2519 5549 2813 5605 remedium
2857 5549 3167 5620 qnmrendo,
3194 5550 3481 5619 exposuit.

1911 5645 2020 5701 Nos
2047 5660 2258 5716 quoque
2303 5644 2593 5697 suze‘bonaa
2625 5641 2885 5696 voluntati
2913 5640 3372 5713 congratulantes,
3400 5641 3482 5697 ia-

1910 5738 2111 5808 crymis
2144 5736 2311 5807 ipsius
2332 5744 2387 5790 et
2413 5734 2656 5803 suspiriis
2683 5734 2923 5798 invitati,
2952 5744 3006 5790 ct
3056 5737 3121 5789 ad
3151 5735 3470 5806 conipwi-G
