4026 6340
194 314 357 417 ἡ

1146 350 1239 406 DE
1270 346 1596 407 DIVORTIO
1631 347 1957 403 LOTHARII
1999 349 2087 404 ET
2126 350 2546 411 TETBERGE.

3366 354 3487 414 854⁸

214 462 403 534 mino,
430 482 478 526 et
504 472 560 525 ιιι
608 465 849 525 remisisti
888 465 1205 531 intpietatent
1248 466 1444 536 peccati
1486 465 1586 519 mei
1624 459 1796 534 (Psal.
1826 467 1876 523 Α
1904 470 2160 529 statuant,
2192 484 2212 517 ι
2253 466 2426 522 sciant
2467 476 2524 522 et
2560 467 2865 538 quicunque
2890 471 3181 526 venerandi
3207 464 3483 542 episcopi;

230 580 378 627 sui,
406 561 484 633 5).
511 562 645 616 Huic
665 569 878 630 quoque
906 552 1233 615 con£e$sioni
1258 571 1287 608 a
1319 555 1546 610 Domino
1574 568 1800 624 repensa

225 663 315 709 est
342 644 612 714 remissio,
644 654 759 704 non:
780 649 1017 721 punitio,
1042 665 1161 719 qua:
1197 662 1301 703 nun
1330 656 1414 703 εει
1453 647 1804 713 extorta'per

226 752 469 809 metum,
492 736 913 815 sed‘piolata‘ad
957 738 1299 812 indulgentiae
1328 757 1476 810 spem
1503 754 1599 809 per
1637 739 1801 793 medi-

225 826 408 890 cabile
428 836 853 895 hortaMentum‘,
885 841 963 885 ιη’
982 831 1109 887 item
1137 833 1275 886 dixit
1299 850 1312 885 :
1354 829 1421 884 Et
1448 846 1512 883 ex
1538 830 1802 883 uoluntate

221 942 345 978 mea
375 942 401 978 ε
454 924 657 993 νβιεὸον
693 925 740 977 ei
780 920 1154 993 (Psalsxxvn,
1190 922 1277 993 7);
1324 936 1424 976 nec
1470 922 1698 979 invitata
1736 920 1802 973 ad

210 1022 434 1090 pneseh
464 1019 835 1072 em'bonorem
857 1010 885 1079 ,ἰ
902 1016 994 1069 sed
1026 1009 1091 1069 ad
1127 1014 1360 1068 futuram
1383 1014 1764 1068 beatitudian
1785 1052 1801 1073 .

219 1112 355 1183 quia
400 1097 664 1178 scriptum
704 1117 786 1161 est
834 1125 848 1160 :
895 1105 1099 1160 Vanum
1151 1114 1225 1158 est
1272 1105 1412 1159 vobis
1464 1114 1584 1157 ante
1635 1102 1803 1156 lucem

204 1202 706 1275 ‘surgerensurgite
744 1211 1013 1270 postquam
1062 1198 1321 1259 sederitis,
1359 1197 1447 1265 qui
1473 1195 1803 1250 manducaui

215 1280 415 1366 ponent
452 1280 650 1346 deteris
685 1289 877 1360 (Psal.-
902 1305 1085 1351 cxxvt,
1119 1290 1169 1352 ‘I,
1213 1288 1292 1359 2).
1336 1288 1428 1341 Ille
1464 1288 1607 1341 enim
1642 1287 1798 1357 571

218 1396 356 1442 ante
387 1386 559 1439 lucem
586 1383 780 1453 surgit,
813 1383 902 1449 qui
935 1374 963 1435 a
999 1382 1093 1435 Dei
1126 1381 1367 1435 custodia
1409 1396 1506 1448 per
1535 1379 1805 1449 negligen-

200 1468 357 1532 Ttiam
388 1468 764 1531 mandatorum
787 1471 904 1540 ejus
925 1487 983 1527 se
1001 1466 1243 1525 alienans
1267 1471 1428 1531 cadit,
1445 1478 1499 1523 et
1519 1481 1642 1523 ante
1661 1470 1803 1522 diem

214 1566 442 1622 venturi
469 1564 652 1619 saeculi
684 1563 736 1616 in
768 1563 869 1617 bac
897 1563 1005 1615 vita
1027 1560 1146 1629 quae
1176 1561 1316 1619 nocti
1344 1570 1431 1614 est
1455 1551 1682 1621 similis,
1702 1560 1803 1613 boa-

196 1658 451 1713 'noribus
476 1655 661 1711 extolli
689 1670 753 1709 ac
788 1653 1052 1722 proficere
1092 1647 1645 1721 appetit.‘Sedenilum
1676 1656 1804 1719 ergo

212 1750 487 1818 priusrest
523 1761 623 1816 per
650 1743 1047 1814 paenitentiam,
1095 1750 1153 1795 ut
1194 1751 1312 1811 post
1335 1750 1481 1795 recte
1520 1753 1805 1807 surgamus

1902 559 1957 605 et
1992 565 2146 622 reges
2184 553 2422 621 gloriosi,
2465 566 2520 611 et
2544 572 2733 613 omnes
2755 558 2816 612 in
2845 560 2965 615 sinu
3002 563 3191 617 matris
3219 564 3507 620 Ecclesias‘

1902 642 2169 709 collucati,
2214 647 2339 715 quia
2380 647 2523 703 hanc
2559 649 2811 705 latentem
2841 648 3186 716 causamsub
3213 655 3315 708 hac
3341 668 3473 708 con-

1900 737 2106 797 .dili'one
2160 739 2341 807 potius
2385 739 2651 807 ignorare
2678 739 2836 812 quam
2887 745 3030 799 scire
3070 746 3337 808 volumus.
3374 763 3476 817 pro

1904 828 2083 881 causis
2128 834 2668 895 quasostendemus.
2710 834 2991 897 Videlicet,
3025 839 3149 906 quia
3180 839 3342 892 nimis
3373 840 3479 892 lia-'

1898 917 2094 973 bemus
2131 920 2197 973 de
2236 921 2474 989 peccatis
2501 925 2717 988 nostris,
2746 934 2796 979 et
2825 928 2982 981 nobis
3010 944 3039 981 a
3067 940 3275 984 secrete
3306 932 3475 984 conli-

1904 1010 2131 1065 tentium
2176 1012 2461 1067 devotione
2503 1014 2865 1079 confessis,“
2887 1034 2915 1070 a
2939 1020 3095 1073 nobis
3122 1021 3350 1075 subditis
3372 1032 3480 1090 pu-'

1903 1098 2042 1156 blice
2064 1111 2120 1156 et
2144 1103 2380 1172 pandere
2421 1106 2573 1172 gravi
2619 1102 2945 1174 commissis,
2979 1111 3046 1165 ad
3077 1125 3197 1179 quae
3230 1111 3476 1167 deﬂenda

1903 1190 2044 1245 oculi
2093 1193 2263 1246 nostri
2308 1192 2648 1265 nequaquam
2690 1196 2960 1253 sufﬁciunt
2994 1216 3008 1252 :
3050 1210 3251 1267 quanto
3302 1202 3478 1272 magis

1905 1281 1993 1336 illa
2022 1299 2142 1352 qua:
2174 1283 2361 1349 latent,
2400 1295 2455 1340 et
2478 1301 2578 1355 per
2605 1287 2740 1343 alios
2766 1290 2946 1343 sanari
2980 1289 3173 1344 melius
3193 1283 3483 1362 quam'pcr

1903 1384 2249 1440 nos.possunt
2268 1382 2324 1429 et
2343 1376 2509 1441 ablui,
2544 1378 2881 1445 curiasitale,
2923 1395 3043 1448 qua:
3079 1376 3391 1449 grave'est,
3416 1391 3481 1437 ut

1904 1464 2036 1519 dicit
2061 1467 2372 1535 Gregorius,
2417 1462 2630 1535 vilium,
2651 1471 2763 1526 'illa
2794 1465 3002 1528 discere
3031 1485 3085 1529 et
3114 1476 3301 1531 audire
3331 1493 3481 1547 quae-

1905 1572 2107 1612 ramus.
2139 1558 2291 1613 Unde
2325 1562 2699 1630 superadjecto
2740 1566 2955 1619 cumulo
2978 1567 3137 1637 572
3178 1569 3257 1623 sic
3297 1570 3481 1639 lugca-‘

1906 1663 2048 1712 mus,
2072 1650 2239 1703 sicut
2283 1650 2371 1705 ille
2415 1653 2538 1720 pius
2577 1663 2631 1708 et
2666 1665 2888 1710 sanctus
2917 1657 3021 1720 vir,
3050 1659 3134 1711 cui
3168 1659 3254 1711 illa
3281 1658 3481 1714 femina

1906 1738 2150 1796 corafessa
2182 1741 2301 1803 fuit,
2333 1743 2673 1798 tristissimus
2700 1754 2754 1800 et
2783 1746 3095 1815 angustians
3117 1757 3279 1816 atque
3306 1750 3482 1817 ι)ωηί-

353 1814 762 1906 indulgentiam,
794 1834 918 1903 quia
945 1832 1189 1903 quisquis
1219 1846 1362 1885 nunc
1400 1846 1458 1884 se
1485 1837 1674 1898 sponte
1703 1844 1800 1899 per
1830 1814 1876 1874 Β
1907 1842 2041 1893 tens,
2060 1834 2187 1901 quia
2212 1834 2352 1889 illius
2373 1837 2725 1892 confessionis
2748 1814 2995 1893 conscius
3017 1814 3211 1904 fuerat,
3241 1814 3381 1897 sicut
3405 1843 3478 1898 ibi

209 1922 599 2001 paenitentiam
626 1924 1025 1986 non'humiliat,
1042 1938 1379 1992 nequaquam
1408 1924 1550 1977 bunc
1572 1936 1801 1991 sequens

212 2020 398 2091 gloria
424 2017 649 2074 exaltat.
683 2014 927 2082 Qualiter
951 2022 1281 2067 autemnon.
1302 2011 1549 2077 exaltari,
1581 2010 1675 2073 sed
1706 2010 1802 2063 hui-

200 2106 423 2167 ;miliari
454 2124 549 2180 per
577 2107 972 2164 confessionem
1004 2116 1059 2159 et
1085 2105 1458 2175 pmnitentiam
1488 2104 1798 2166 debeamus,

207 2200 482 2257 Dominus
536 2200 590 2254 in
647 2196 938 2267 Evangelia
989 2195 1148 2249 Lucae
1200 2194 1440 2249 habitum
1491 2192 1803 2261 paenitentis

209 2294 578 2354 demonstrat,
608 2289 794 2343 dicens
824 2305 838 2339 :
874 2285 1013 2340 Olim
1039 2286 1094 2339 in
1132 2285 1302 2337 cinere
1346 2297 1391 2337 et
1429 2283 1597 2337 cilicio
1625 2283 1805 2336 seden-

195 2387 284 2438 -’tes
320 2381 691 2446 pmniterdiam
708 2378 927 2448 egissent
956 2375 1108 2445 (Luc.
1141 2392 1197 2435 ι.
1223 2375 1347 2437 55),;
1379 2382 1431 2428 et
1463 2373 1515 2427 in
1544 2371 1753 2441 psalmo
1784 2387 1799 2424 :

210 2471 518 2528 Πατιιὶιὶαυὶ
538 2472 592 2524 in
615 2468 822 2539 jejunio
840 2468 1067 2521 animum
1090 2462 1658 2535 meam.(Psai.,xxxw.
1678 2462 1800 2533 13);

209 2573 265 2619 et
294 2578 318 2617 :
350 2561 644 2615 Induebam
672 2576 755 2613 me
778 2558 948 2613 cilicio
977 2556 1149 2628 (Psnl.
1182 2573 1335 2620 uix,
1361 2558 1446 2625 8);
1476 2566 1531 2610 et
1559 2577 1569 2608 :
1606 2554 1727 2608 Fac.
1744 2572 1804 2608 us

209 2671 339 2709 suns
367 2656 708 2708 conturbatus
758 2650 930 2720 (Psal.
960 2667 1117 2713 xxix,
1147 2650 1202 2707 8)
1227 2666 1243 2713 ;
1286 2657 1340 2702 et
1373 2667 1387 2702 :
1420 2647 1659 2702 Cinerem
1690 2657 1805 2699 tau-

194 2761 378 2817 ‘qmm
402 2744 1020 2817 pauemmandueabam.
1050 2753 1098 2796 et
1129 2754 1305 2809 potum
1335 2756 1506 2794 meum
1530 2756 1649 2793 cum
1678 2740 1804 2807 ﬂetu

200 2837 570 2906 temperabant
592 2834 769 2906 (Psal;
790 2849 861 2893 et;
891 2834 1010 2904 tO)’;
1033 2844 1088 2888 et
1113 2851 1124 2886 :
1164 2832 1402 2901 Vigilavi,
1429 2843 1481 2885 et-
1500 2831 1671 2899 [actus
1688 2846 1804 2882 sunt

200 2931 354 2983 sicut
380 2942 560 2993 passer
601 2924 871 2978 solitarius
915 2925 972 2978 in
1000 2934 1133 2978 tecto
1160 2921 1336 2992 (Psal.
1370 2937 1425 2982 τ,
1455 2921 1533 2981 8).
1568 2919 1723 2975 Unde
1751 2927 1807 2973 et

1901 1926 2161 1994 scriptum
2193 1934 2299 1990 est,
2332 1927 2490 1982 luxit.
2535 1928 2657 1982 Sed-
2684 1929 3070 1996 legimus'quia
3102 1933 3244 1987 luxit
3261 1930 3479 1990 saniuel

1900 2017 2119 2073 Saulem
2152 2060 2167 2081 ,
2219 2020 2472 2088 quoniam
2498 2014 2505 2021 ’
2528 2014 2724 2089 abiecit
2767 2036 2888 2076 eum
2939 2008 3239 2087 Dominus
3269 2017 3391 2080 ita"
3419 2030 3481 2083 ut

1902 2110 2161 2165 Dominus
2200 2111 2404 2166 diceret
2444 2112 2492 2165 ei
2521 2134 2535 2165 :
2563 2110 2839 2184 Usquequa
2862 2125 2916 2168 tu
2961 2116 3133 2201 lugesé
3160 2116 3315 2187 SaulI
3344 2136 3478 2189 gno-
3769 2121 3854 2181 ί..-

1901 2206 2044 2259 niam
2065 2222 2157 2274 ego
2185 2205 2350 2275 abjrci
2372 2206 2531 2259 eum?
2573 2205 2627 2272 (1
2653 2206 2911 2276 Reg.‘xvr,
2939 2208 3017 2277 7.)
3057 2209 3159 2264 Sed
3207 2227 3311 2266 non
3355 2211 3482 2282 legi:

1905 2310 2027 2349 mus
2060 2311 2182 2349 eum
2225 2298 2477 2367 cuiquam
2515 2300 2895 2356 manifestasse
2925 2318 3023 2371 pro
3047 2319 3155 2371 quo
3181 2304 3327 2358 illum
3354 2321 3480 2374 pec-

1905 2395 2027 2439 cato
2076 2386 2294 2447 luxerit,
2336 2390 2440 2443 nisi
2490 2389 2588 2458 ipsi
2637 2389 2804 2453 Sauli,
2845 2401 2900 2445 et
2934 2401 3193 2462 quantum
3231 2395 3483 2467 lacrymte

1899 2479 2082 2548 ipsius
2104 2480 2232 2534 inde
2255 2480 2463 2535 Domini
2490 2478 3086 2545 auribus-intiniarunt:
3112 2490 3115 2517 τ
3152 2492 3159 2506 ¹
3302 2498 3309 2511 ο
3367 2489 3373 2517 ί

1900 2606 1907 2609 -
1974 2571 2154 2625 Altera
2186 2589 2351 2626 causa
2380 2583 2458 2627 est
2487 2576 2611 2643 quia
2645 2575 2881 2644 Spiritus
2905 2580 3077 2632 sancti
3105 2580 3325 2634 oraculo
3350 2595 3482 2635 cau-

1904 2668 2018 2713 tum
2040 2676 2160 2715 esse
2181 2663 2515 2733 dignoscitur
2534 2676 2589 2720 ut
2612 2668 2810 2735 quique
2830 2677 3114 2736 peccantes
3137 2654 3481 2739 peccatorum

1905 2768 2123 2806 suorum
2151 2753 2392 2809 latentes.
2411 2772 2604 2811 causas
2643 2759 2975 2827 spiritalibus
3003 2761 3308 2816 senioribus
3335 2765 3484 2831 pate;

1904 2840 2130 2905 faciant,
2160 2845 2250 2913 qui
2276 2846 2449 2900 sciant
2471 2856 2525 2899 et
2551 2863 2643 2899 sua
2662 2858 2713 2901 et
2737 2848 2908 2902 aliena
2939 2837 3161 2904 vulnera
3184 2836 3396 2917 curare,
3426 2862 3483 2908 et

1906 2946 2014 2986 non
2062 2934 2309 3003 detegere
2354 2950 2417 2989 ac
2460 2937 2756 3006 publicare.
2807 2940 2873 2993 Et
2914 2951 3197 3010 propterea
3226 2943 3278 2997 in
3311 2930 3484 2999 sacris

194 3019 363 3075 sacri
395 3015 836 3084 canonesjubeut
866 3014 1048 3085 (Cone.
1074 3013 1256 3077 Aqat.,
1282 3028 1400 3065 can.
1436 3010 1525 3080 l5)
1551 3020 1609 3064 ut
1633 3010 1803 3079 poeni-

1904 3025 2210 3079 canonibus
2240 3026 2475 3091 Africani
2520 3028 2729 3082 concilii
2774 3030 3032 3097 scriptum
3086 3033 3315 3087 habetur
3339 3034 3481 3103 (can.

198 3105 404 3166 tentes
434 3118 675 3174 tempore
713 3123 827 3177 quo.
845 3105 1219 3175 paenitentiam
1252 3109 1437 3172 petunt
1458 3143 1473 3166 ,
1503 3101 1798 3169 impositio—

211 3215 341 3254 nem
378 3198 636 3255 manuum
665 3205 721 3263 et
758 3195 993 3250 cilicium
1025 3209 1189 3263 super
1217 3192 1392 3260 capita
1423 3207 1451 3244 a
1484 3190 1762 3245 sacerdote
1787 3227 1803 3251 ,
1830 3163 1877 3226 ε

200 3294 361 3347 sicut
413 3289 615 3359 ubique
683 3289 1039 3343 constitutum
1099 3294 1212 3346 est,
1265 3291 1681 3350 consequantur.
1744 3279 1809 3339 Et

213 3387 387 3455 (conc.
427 3382 573 3451 Afr.,
613 3398 731 3435 can.
761 3380 851 3443 10)
895 3397 910 3433 :
964 3377 1154 3432 Manus
1198 3375 1628 3445 impositionem,
1659 3372 1810 3445 cujus

213 3477 426 3529 crimen
458 3473 733 3539 vulgatum
759 3478 879 3535 est,
920 3478 1054 3523 ante
1082 3465 1645 3533 absidem~accipiata
1666 3463 1808 3533 quod

211 3566 588 3637 unusquisque
633 3563 842 3634 publice
876 3562 1150 3631 paenitens
1200 3559 1268 3612 ab
1296 3559 1547 3629 episcopo
1576 3572 1714 3616 suo,
1743 3556 1809 3610 de

212 3659 373 3729 cujus
423 3654 683 3727 parochia'
725 3664 840 3718 est,
888 3654 1049 3708 debet
1097 3654 1398 3720 suscipere.
1443 3650 1573 3703 Illud
1628 3659 1806 3719 autem

209 3749 365 3819 quod
388 3747 715 3818 generaliter
741 3744 883 3799 laedit
924 3743 1250 3802 Ecclesium,
1298 3757 1329 3795 a
1379 3740 1608 3811 synodo,
1642 3740 1694 3794 id
1725 3747 1811 3795 est

214 3850 491 3897 conventu
518 3836 837 3907 episcopali,
883 3835 1271 3889 medicabiliter
1299 3834 1459 3887 debet
1511 3831 1713 3889 saluari.
1744 3830 1810 3884 Et

210 3934 359 3986 miro
388 3930 549 3984 modo
580 3930 666 3984 hic
709 3927 923 3983 libellus
951 3924 1313 3996 episcopalem
1335 3966 1350 3986 ,
1376 3925 1466 3992 qui
1511 3939 1610 3992 pro
1644 3937 1808 3977 causa

213 4021 459 4094 generali
490 4020 604 4075 ﬁeri
636 4019 812 4079 debet,
844 4027 900 4073 et
936 4025 1204 4072 secretam
1235 4014 1492 4069 describit
1517 4014 1811 4068 confessio-

216 4128 370 4178 nem,
399 4126 521 4182 qure
548 4109 841 4180 specialem
875 4107 1115 4178 postulat
1143 4105 1490 4160 medicinam.
1608 4158 1611 4159 ν
1772 4168 1787 4181 θ

286 4205 493 4260 δράσει
521 4203 813 4273 septimum
857 4185 1171 4270 capitulum,
1211 4199 1264 4253 in
1299 4212 1406 4266 quo
1435 4196 1692 4255 tentando
1722 4195 1806 4248 in-

217 4304 531 4367 terrogatur
573 4293 769 4350 femina
816 4292 925 4361 jam
958 4292 1273 4361 designata,
1325 4298 1382 4343 ut
1425 4289 1498 4343 ibi
1545 4288 1806 4357 scriptum

200 4400 344 4446 'cst:
377 4404 397 4438 ο
426 4384 620 4441 Utrum
647 4383 771 4439 inde
799 4384 1033 4453 aliquam
1077 4382 1237 4438 vellet
1288 4380 1678 4450 querimoniam
1722 4394 1808 4434 re-

200 4495 466 4543 .movere,
497 4488 592 4534 aut
623 4477 833 4546 aliquas
861 4476 1085 4531 insidias
1123 4474 1320 4539 moliri,
1352 4475 1396 4529 si
1419 4485 1539 4528 suae
1556 4473 1801 4544 petitioni
1836 4517 1879 4575 υ

198 4573 568 4631 «satisfactum
625 4572 842 4636 fieret,»
892 4584 961 4623 ex
1008 4583 1116 4637 quo
1151 4566 1354 4634 juratio
1402 4566 1804 4621 demonstratur

217 4667 447 4729 elicita,»
479 4661 750 4717 tarditatis
794 4669 992 4715 nostra:
1027 4667 1111 4714 est
1149 4657 1417 4729 ingeniolo
1457 4665 1799 4724 suspectum;

220 4757 350 4816 ideo
391 4770 421 4809 a
464 4755 617 4809 nobis
660 4752 793 4808 nihil
829 4760 914 4807 est
953 4751 1075 4805 inde
1111 4764 1451 4819 responsum,
1492 4747 1805 4802 ne.deviare

218 4858 318 4904 aut
344 4864 375 4902 a
414 4848 577 4919 legali
607 4847 820 4901 tramite
847 4852 941 4898 aut
964 4860 994 4897 a
1023 4841 1245 4911 capituli
1276 4841 1468 4896 semita
1501 4840 1801 4895 videamur.

198 4960 205 4975 ι
296 4941 379 4996 De
407 4955 472 4993 eo
500 4940 661 4994 etiam
688 4937 830 5005 quod
869 4936 921 4990 in
951 4934 1213 5004 praemissi
1245 4932 1405 4988 libelli
1437 4939 1631 4987 octavo
1659 4932 1804 5001 capi-

196 5033 342 5087 ‘tulo
381 5031 643 5098 scriptum
673 5036 795 5082 est:
836 5044 855 5077 ι
880 5024 1017 5091 Quid
1047 5025 1278 5093 denique
1307 5038 1336 5077 a
1362 5038 1505 5091 stepe
1532 5024 1640 5076 fato
1674 5038 1803 5076 con-

196 5124 400 5179 ‘fratre
429 5129 617 5174 nostro
643 5118 708 5172 de
743 5118 844 5171 hac
872 5132 929 5170 re
958 5114 1183 5170 multum
1230 5114 1499 5177 trlstante,
1541 5123 1598 5169 et.
1636 5128 1804 5182 angu-

194 5213 449 5273 ‘stiante,
480 5224 547 5264 ac
574 5209 808 5277 lugente,
847 5217 1007 5275 atque
1035 5206 1175 5275 quod
1219 5219 1455 5276 unquam
1502 5204 1802 5259 illiuscon-

198 5301 483 5359 fessionis
518 5300 769 5354 conscius
799 5298 1007 5351 exstitit
1030 5296 1316 5352 admodum
1342 5296 1641 5366 pmnitente
1670 5296 1805 5351 didi-

222 5394 425 5453 cimus,
445 5391 545 5446 hoc
571 5391 825 5446 fratribus
844 5399 897 5444 et
917 5390 1249 5460 coepiscopis
1269 5389 1417 5458 iuxta
1441 5390 1803 5445 conditionem

200 5482 372 5537 datas
403 5477 785 5549 licentite'viva
827 5494 956 5535 voce
994 5480 1325 5535 narrandum
1363 5490 1468 5544 est,
1497 5481 1723 5535 utsicut
1749 5481 1801 5535 in

223 5572 531 5644 primordio
578 5570 780 5626 dictum
840 5578 954 5634 est,
1012 5586 1135 5627 cum
1183 5582 1498 5643 argumenta
1541 5573 1804 5628 hactenus

224 5665 452 5737 latentis
493 5679 671 5720 causa:
718 5663 1081 5735 perceperint,
1129 5678 1236 5717 uno
1275 5662 1573 5733 eodemque
1614 5679 1803 5721 onmes

227 5758 462 5815 consilio
509 5764 563 5812 et
606 5770 870 5811 consensu
921 5770 1163 5810 errorem
1214 5754 1484 5824 expellant
1525 5766 1579 5810 et
1610 5745 1798 5809 reruni

1902 3113 2015 3179 99).
2052 3113 2117 3168 llt
2144 3116 2187 3167 si
2217 3117 2434 3183 quando
2460 3114 2765 3186 episcopus!
2791 3116 2919 3174 dicit
2959 3121 3191 3190 aliquem
3239 3124 3339 3177 sibi
3384 3124 3481 3179 soli

1906 3205 2190 3272 proprium
2212 3207 2415 3260 crimen
2444 3205 2608 3262 fuisse
2636 3202 2966 3275 confessum,
2999 3221 3160 3281 atque
3185 3213 3270 3267 ille
3302 3201 3482 3283 neget,

1914 3310 2019 3349 non
2071 3306 2222 3363 putet
2268 3299 2332 3350 ad
2380 3298 2628 3368 injuria'm
2681 3317 2853 3355 snam-
2883 3303 3167 3372 episcopus
3216 3306 3486 3372 pertinere

1912 3388 2054 3456 quod
2082 3388 2155 3441 illi
2180 3389 2279 3441 soli
2308 3404 2414 3442 non
2457 3390 2735 3454 creditur;
2785 3401 2841 3445 et
2882 3393 2927 3446 si
2971 3394 3224 3463 scrupulo
3253 3398 3485 3464 propriae

1895 3479 2255 3545 consicirntite
2306 3496 2364 3535 se
2410 3481 2804 3553 diciLneganti
2864 3484 3003 3538 nolle
3048 3487 3481 3554 communicare,

1900 3573 2145 3641 .quan‘liu
2186 3575 2651 3628 excommunicato
2695 3591 2799 3629 non
2846 3578 3325 3632 communicaverit
3354 3595 3484 3635 suns

1910 3661 2213 3729 episcomts,
2244 3662 2418 3716 cidem
2456 3664 2707 3733 episcopo
2734 3665 2957 3723 ali‘alijs
2987 3682 3090 3720 non
3120 3669 3485 3725 communicee

1912 3761 1999 3805 tur
2019 3752 2306 3828 episcopis,
2357 3762 2416 3805 ut
2460 3755 2628 3829 magis
2668 3765 2856 3829 caveat
2900 3759 3184 3826 cpiscopus
3231 3776 3297 3830 ne
3339 3760 3486 3836 dicat
3542 3742 3563 3753 ’

1912 3842 1965 3895 in
2021 3858 2344 3913 quemquam
2400 3847 2541 3913 quod
2594 3846 2715 3901 aliis
2767 3838 3102 3902 documentis
3153 3838 3255 3903 non
3308 3860 3486 3919 potest

1909 3934 2246 3988 convincere.
2301 3934 2436 4001 Quid
2486 3944 2571 3989 est
2616 3937 2758 3990 enim
2807 3938 3304 3995 crimen'confcsso
3338 3941 3483 3995 nolle

1910 4028 2333 4103 communicare,
2364 4025 2464 4080 nisi
2494 4017 2890 4081 confessionem
2910 4025 3154 4101 criminis
3174 4028 3483 4098 publicare?

1909 4113 1977 4167 Et
2030 4115 2461 4182 quantiscumque
2525 4116 2791 4185 episcopis
2852 4114 3049 4170 femina
3106 4108 3219 4186 ipsa
3270 4128 3481 4174 secreta

1909 4204 2247 4259 confessione
2279 4205 2531 4259 delictum
2569 4221 2723 4259 suum
2752 4207 3070 4275 prodiderit,
3097 4208 3175 4262 sic
3202 4210 3355 4276 quasi
3386 4212 3480 4266 uni

1908 4296 2122 4359 dixerit,
2170 4305 2437 4351 secretum
2480 4297 2666 4352 haberi
2702 4289 2940 4352 debebit.
2971 4295 3123 4352 Unde
3150 4296 3482 4370 Augustinus

1907 4402 2182 4455 exponens
2213 4388 2532 4442 sententiam
2573 4387 2794 4443 Levitici
2826 4406 2840 4441 :
2874 4387 2936 4443 Si
2969 4391 3480 4458 peecaverit’anima,

1908 4485 1956 4531 et
2000 4476 2224 4531 audierit
2272 4492 2445 4530 vocem
2477 4466 3203 4548 jurantisyteitt'sque'fuerit
3225 4480 3364 4550 quod
3387 4491 3478 4535 aut

1907 4568 2016 4637 ipse
2045 4567 2173 4620 vidit
2202 4578 2291 4620 aut
2335 4570 2573 4622 conscius
2602 4576 2700 4633 est,
2733 4569 2836 4624 nisi
2881 4569 3211 4635 indicaverit,
3252 4573 3482 4641 portabit

1905 4658 2227 4728 iniquitatem
2256 4674 2407 4712 suam
2439 4657 2623 4730 (Leuit;
2652 4659 2729 4730 v),
2763 4661 2833 4714 ita
2863 4661 2992 4716 dicit
3019 4660 3403 4733 (Quaestionum
3424 4666 3482 4720 in

1907 4747 2052 4810 Letu,
2074 4746 2167 4801 lib.
2197 4763 2278 4810 ut,
2303 4762 2351 4801 c.
2380 4747 2469 4817 l):
2501 4746 2641 4803 «Hoc
2662 4750 2829 4813 enim,
2854 4749 3120 4820 inquiens,
3155 4754 3368 4809 videtur
3394 4756 3480 4810 di-

1905 4853 2052 4903 cere,
2086 4852 2326 4908 peccare
2368 4839 2665 4903 hominem,
2707 4856 2814 4911 quo
2839 4843 3092 4899 audiente
3108 4843 3257 4913 jurat
3286 4848 3481 4916 aliquis

1908 4930 2123 4994 falsum,
2145 4940 2201 4984 et
2228 4932 2332 4986 scit
2352 4947 2473 4985 eum
2507 4930 2702 4988 falsum
2720 4934 2906 5003 jurare
2928 4944 2984 4989 et
3013 4945 3170 4990 tacet.
3203 4936 3355 4992 Tunc
3384 4944 3482 4992 au-

1908 5031 2017 5076 tem
2059 5024 2180 5084 scit,
2227 5023 2271 5076 si
2309 5023 2357 5076 ei
2389 5023 2707 5092 reirde'qua
2745 5023 2960 5092 juratur
2990 5026 3142 5080 testis
3168 5025 3349 5089 fuerit,
3387 5022 3482 5082 aut

1906 5114 2061 5177 vidit,
2086 5123 2178 5166 aut
2202 5114 2450 5169 conscius
2474 5112 2592 5177 fuit,
2622 5115 2673 5168 id
2697 5124 2800 5181 est,
2821 5114 3003 5184 aliquo
3026 5111 3184 5169 modo
3208 5112 3477 5185 cognovit,

1908 5212 2002 5257 aut
2026 5203 2216 5259 oculis
2256 5203 2716 5274 suis.conapexit,
2749 5206 2983 5274 aut‘ipse
3009 5203 3265 5273 quijurat
3291 5206 3361 5259 illi
3393 5206 3477 5259 iu-

1898 5295 2126 5358 .dicavit,
2168 5294 2238 5348 ita
2278 5295 2422 5349 enim
2469 5296 2644 5364 potuit
2688 5298 2807 5348 csse
2862 5294 3152 5349 conscius.;
3186 5293 3311 5348 Sed
3339 5295 3482 5349 inter

1892 5388 2156 5444 timorem
2189 5385 2348 5455 hujus
2379 5388 2604 5456 peccati,
2643 5388 2973 5441 etatimorem
3015 5386 3335 5455 proditionis
3381 5387 3475 5440 ho-

1862 5482 1869 5489 ’
1905 5482 2133 5547 minum,
2183 5484 2295 5535 non
2332 5496 2498 5550 parva
2526 5480 2706 5533 exstat
2732 5478 3320 5548 plerumqueftentatio.
3347 5476 3481 5532 Pos-
3555 5516 3573 5531 .

1902 5588 2111 5627 sumus
2134 5572 2277 5626 enim
2320 5579 2568 5640 paratum
2590 5564 2999 5638 -ad'perj.urbnii
3028 5568 3366 5623 admuttendo
3393 5567 3481 5622 vel

1903 5663 2238 5733 prohibendo
2262 5676 2295 5715 a
2321 5670 2429 5714 tam
2451 5660 2602 5732 gravi
2630 5668 2851 5729 peccato
2876 5673 3157 5725 revocare;
3185 5659 3277 5717 sed
3304 5660 3478 5714 sinon

1907 5753 2157 5819 audierit,
2200 5759 2255 5807 et
2301 5765 2482 5806 coram
2531 5749 2685 5806 nobis
2718 5748 2785 5815 dc
2814 5766 2873 5805 re
2896 5750 3059 5821 «piam
3084 5749 3476 5813 nobisindicag-
