3884 5482
570 327 682 380 655'

1554 322 1884 380 HI’NCMARI
1923 322 2314 380 RllEllENSlS
2353 323 2902 381 AllCillEPlSCOPl‘
3660 327 3734 384 036

569 449 726 496 verat
753 439 951 495 falsum
979 436 1266 509 juraverit,
1298 445 1482 492 utrum
1518 438 1828 506 prodendus
1851 440 1940 503 sit,
1975 439 2018 492 si
2046 454 2163 507 pro-
2190 439 2238 498 Α
2341 436 2542 492 Textus
2586 436 2750 492 libelli
2794 447 2998 508 septem
3045 435 3390 508 capitulorum
3432 436 3584 494 taliter
3614 441 3738 496 conti-

570 534 714 589 ditus
739 532 904 586 etiam
929 531 980 584 in
1005 529 1302 599 periculum
1330 529 1522 584 mortis
1547 529 1815 594 incurrat,
1847 530 2156 585 diﬂicillima

573 623 802 692 quzestio
844 630 947 676 est.
982 621 1087 692 Sed
1121 620 1247 690 quia
1289 636 1395 675 non
1441 621 1711 690 expressit
1751 622 1837 675 cui
1887 623 1987 676 hoe
2019 622 2159 676 indi-

571 715 804 770 candum
827 723 994 776 esset,
1020 722 1202 768 utrum
1227 712 1301 767 illi
1330 713 1415 767 cui
1443 712 1743 781 adjuratur,
1777 730 1840 768 an
1867 715 2158 782 sacerdoti,

572 809 659 863 vel
705 808 938 876 cuipiam
989 807 1082 878 qui
1125 822 1232 862 non
1275 807 1447 862 solum
1484 822 1608 861 eum
1644 809 1735 877 qui
1765 809 2013 878 persequi
2055 825 2160 863 non

569 895 749 968 potest
778 898 1067 968 irrogando
1095 897 1416 967 supplicium
1450 897 1544 952 sed
1574 897 1736 952 etiam
1767 913 1926 952 orare
1952 914 2050 969 pro
2073 899 2162 952 illo

570 996 772 1058 potest,
821 988 1033 1042 videtur
1079 989 1211 1042 mihi
1251 988 1392 1056 quod
1433 1003 1494 1042 se
1529 989 1692 1043 homo
1737 988 2096 1042 solvatetiani
2130 1003 2160 1043 a

571 1080 785 1149 peccati
807 1077 1046 1143 vinculo,
1079 1079 1125 1133 si
1155 1078 1360 1134 iudicet
1390 1079 1585 1133 talibus
1615 1079 1706 1148 qui
1737 1079 1910 1148 magis
1935 1089 2164 1148 possunt

571 1170 834 1240 prodesse
884 1185 1044 1238 quam
1093 1170 1285 1224 obesse
1337 1168 1574 1239 perjuro,
1625 1170 1739 1225 sive
1783 1171 1848 1224 ad
1889 1171 2163 1240 corrigen-

573 1247 888 1323 dumfsive
928 1261 994 1314 ad
1046 1260 1213 1314 Deum
1251 1275 1352 1329 pro
1389 1260 1480 1314 illo
1505 1259 1845 1328 placandum,
1887 1261 1999 1315 sive
2047 1261 2162 1328 ipse

573 1353 903 1409 confessioni
957 1353 1215 1407 adhibeat
1260 1353 1582 1406 medicinam
1608 1361 1662 1407 et
1692 1362 1884 1407 caetera
1929 1368 2048 1422 qua:
2087 1352 2160 1408 ibi

572 1441 936 1512 prosequitur.
964 1461 983 1493 ›
1036 1441 1187 1506 Quod
1233 1450 1411 1496 autem
1439 1443 1505 1496 de
1529 1456 1635 1495 uno
1656 1452 1878 1511 peccato
1907 1442 2158 1507 diximus,

575 1530 644 1586 de
676 1533 796 1586 aliis
826 1533 990 1586 etiam
1021 1527 1180 1602 573
1215 1533 1377 1587 debet
1415 1533 1662 1603 intelligi.
1699 1534 1770 1588 Et
1799 1533 2052 1589 Salomon
2082 1535 2163 1589 di-

575 1622 652 1677 cit
680 1639 694 1676 :
722 1621 826 1688 Qui
863 1621 1098 1675 ambulat
1142 1623 1525 1690 fraudulenter,
1564 1623 1754 1676 revelat
1794 1641 2034 1690 arcana;
2069 1625 2160 1696 qui

575 1721 750 1765 autem
787 1709 959 1778 ﬁdelis
999 1720 1097 1784 est,
1152 1712 1318 1765 animi
1352 1712 1484 1766 celat
1513 1714 1845 1767 commissum
1871 1711 2054 1783 (Prov.
2080 1731 2154 1779 ιι,

576 1801 688 1872 15).
719 1801 786 1854 Ει
808 1810 1028 1856 sanctus
1065 1801 1362 1872 Gregorius
1398 1804 1451 1856 in
1481 1802 1746 1860 Pastorali
1778 1807 1961 1876 regula
1996 1810 2154 1879 (part.
2191 1783 2237 1844 Β

578 1907 783 1961 ll,cap.
812 1891 866 1962 5)
904 1892 1082 1946 dicit:
1119 1912 1136 1944 ‹
1161 1892 1344 1958 Tales,
1396 1894 1665 1964 inquiens,
1717 1911 1837 1952 sese
1881 1899 1972 1968 qui
2022 1916 2161 1969 prte-

578 1993 706 2038 sunt
743 1985 1057 2051 exhibeant,
1100 1987 1295 2056 quibus
1339 1988 1564 2058 subjecti
1593 1990 1800 2044 occulta
1829 2007 2042 2061 quoque
2065 2007 2163 2048 sua

575 2076 810 2148 prodere
843 2092 948 2132 non
987 2079 1341 2146 erubescant;
1390 2088 1450 2134 ut
1487 2097 1610 2136 cum
1658 2083 2016 2140 tentationum
2063 2085 2166 2141 ﬂu—

580 2179 702 2226 ctus
728 2172 935 2240 parvuli
968 2172 1224 2237 tolerant,
1257 2174 1325 2228 ad
1354 2175 1586 2244 pastoris
1614 2186 1871 2242 mentem,
1910 2179 2067 2248 quasi
2097 2180 2162 2234 ad

577 2263 772 2318 matris
816 2263 1016 2329 sinum,
1065 2273 1375 2330 recurrant;
1411 2277 1466 2320 et
1488 2266 1590 2322 hoc
1628 2269 1769 2337 quod
1802 2284 1861 2324 se
1895 2270 2164 2340 inquinari

579 2352 846 2423 pulsantis
894 2353 1064 2424 culpa:
1103 2356 1352 2411 sordibus
1397 2358 1727 2427 prmvident,
1778 2363 2164 2418 exhortatiOnis

579 2445 698 2515 ejus
721 2447 912 2502 solatio
940 2462 1005 2502 ac
1030 2447 1283 2517 lacrymis
1307 2450 1568 2506 orationis
1596 2451 1796 2507 lavent.
1830 2472 1848 2506 ›
1880 2455 1946 2509 Et
1975 2465 2162 2512 notum

579 2539 646 2595 de
671 2540 848 2608 seipse
882 2540 1169 2610 unicuique
1197 2550 1429 2604 constat.
1452 2544 1578 2612 quia
1611 2560 1769 2600 nemo
1796 2556 1879 2602 est
1908 2548 1997 2618 qui
2030 2565 2167 2619 prae-

578 2630 690 2685 lato
719 2645 816 2686 suo
840 2639 1060 2700 peccata
1112 2647 1209 2686 sua
1254 2633 1483 2701 prodere
1511 2627 1626 2688 non
1675 2637 1981 2701 erubescat,
2027 2637 2072 2692 si
2108 2652 2166 2694 se

581 2723 841 2779 denudari
891 2725 975 2780 vel
1019 2725 1280 2794 publicari
1326 2728 1618 2796 putaverit.
1667 2728 1736 2783 Et
1781 2730 1833 2784 iu
1886 2729 2167 2802 Carthagi-

563 2814 734 2874 nensi
759 2815 987 2870 concilio
1017 2817 1332 2885 praecipitur
1362 2818 1531 2884 (conc.
1565 2815 1749 2872 Carth.
1776 2835 1851 2884 tv,
1883 2836 2004 2875 can.
2031 2821 2122 2892 25)
2149 2840 2162 2876 :

589 2906 693 2963 «Ut
719 2908 1005 2978 episcopus
1037 2909 1234 2965 nullius
1261 2925 1479 2965 causam
1521 2910 1724 2975 audiat,
1754 2911 1819 2966 de
1845 2927 1950 2980 qua
1984 2914 2032 2966 ei
2072 2929 2168 2969 ne-

583 3015 736 3054 cesse
775 3000 880 3054 erit
916 3001 1128 3069 publice
1157 3001 1422 3068 judicare,
1457 3002 1660 3071 absque
1686 3004 1974 3072 preesentia
2005 3003 2167 3059 cleri-

583 3103 770 3142 corum
787 3104 1040 3156 suorum;
1068 3091 1305 3159 alioquin
1330 3092 1480 3145 irrita
1502 3092 1608 3146 erit
1628 3094 1889 3147 sententia
1905 3093 2162 3163 episcopi,

585 3179 688 3232 nisi
740 3180 1026 3248 praesentia
1087 3179 1406 3235 clericorum
1465 3195 1687 3234 suorum
1739 3182 2108 3236 confirmetur.
2141 3201 2160 3234 ι

583 3274 654 3330 Ει
701 3274 962 3329 Dominus
1016 3275 1068 3329 in
1122 3275 1409 3346 Evangelio
1461 3274 1880 3345 delinquentcm,
1926 3275 2167 3330 adhibito

584 3381 694 3420 uno
715 3366 802 3422 vel
829 3367 1037 3420 duobus
1063 3366 1306 3435 praecipit
1350 3366 1682 3420 commoneri
1731 3364 1947 3435 (Matth.
1985 3365 2163 3436 xvm),

584 3473 654 3512 ne
684 3457 901 3527 quando
927 3458 994 3511 ad
1021 3457 1318 3511 Ecclesium
1348 3456 1508 3511 fuerit
1533 3456 1904 3521 deferendum,
1938 3457 2029 3525 qui
2055 3473 2168 3511 mo-

584 3557 803 3612 nuerat,
853 3564 960 3603 non
1007 3557 1304 3614 corrector,
1344 3533 1458 3615 sed,
1510 3549 1884 3604 deficientibus
1917 3549 2164 3616 testibus,

581 3639 860 3709 iudicetur
885 3639 1065 3709 potius
1093 3640 1430 3694 criminator.

659 3798 843 3855 Tertia
872 3813 1033 3852 causa
1062 3807 1146 3853 est
1171 3799 1295 3868 quia
1332 3799 1397 3853 de
1433 3797 1767 3853 absconditis
1786 3796 2033 3867 judicare
2058 3814 2166 3853 non

587 3907 896 3962 possumus,
942 3906 1040 3946 nec
1092 3892 1367 3956 debemus,
1408 3908 1528 3961 quae
1568 3908 1667 3947 nos
1706 3891 1896 3957 latent,
1933 3894 2072 3948 sicut
2115 3902 2169 3948 et

589 3985 705 4038 hazc
729 3999 917 4043 causa,
945 3999 1065 4053 qua:
1112 3984 1288 4037 latens
1334 3983 1386 4037 in
1428 3991 1552 4037 ante
1583 3983 1691 4039 fato
1725 3983 1905 4040 libello
1933 3999 2170 4054 pronun-

589 4077 780 4140 tiatur,
812 4085 866 4131 et
895 4075 1088 4130 nesciri
1119 4091 1149 4129 a
1178 4075 1332 4129 nobis
1353 4083 1606 4144 perpetuo
1629 4075 1862 4144 cupitur,
1889 4075 1933 4130 si
1959 4084 2169 4130 secreto

588 4173 815 4228 consilio
853 4173 1032 4227 sanari
1073 4173 1345 4243 nequitur.
1378 4172 1443 4227 Et
1476 4174 1730 4242 quoniam
1775 4177 1841 4230 de
1882 4175 2170 4230 latentibus

583 4266 830 4334 judicare
871 4280 974 4320 non
1009 4280 1318 4334 possumus,
1347 4267 1535 4319 beatus
1558 4265 1901 4321 Innocentius
1930 4267 1994 4321 ad
2029 4267 2172 4320 Exu-

588 4357 801 4426 perium
857 4356 1185 4412 Tolosanum
1241 4357 1433 4410 scribit
1485 4357 1794 4428 episcopum
1853 4359 2030 4428 (epist.
2079 4359 2168 4419 ll,

589 4463 712 4516 cap.
746 4447 828 4511 4),
871 4446 1237 4514 requirentem
1275 4461 1374 4499 cur
1411 4449 1871 4502 communicantes
1909 4449 2006 4502 viri
2047 4464 2167 4502 cum

591 4535 852 4589 adulteris
879 4534 1139 4588 uxoribus
1167 4549 1273 4587 non
1300 4537 1642 4600 conveniant,
1671 4553 1790 4592 cum
1824 4549 2010 4592 contra
2040 4555 2171 4594 uxo-

592 4639 681 4679 res
729 4625 781 4677 in
823 4625 1096 4678 consortio
1141 4624 1505 4681 adulterorum
1548 4629 1788 4683 virorum
1831 4645 2052 4685 manere
2092 4633 2172 4686 vi-

593 4717 846 4781 deantur,
878 4732 998 4771 cum
1040 4732 1202 4787 super
1241 4718 1343 4774 hoc
1380 4719 1687 4775 Christiana
1735 4722 1922 4792 religio
1968 4725 2172 4781 adulte-

591 4809 732 4864 rium
761 4809 810 4862 iu
841 4819 1070 4878 utroque
1096 4825 1224 4864 sexu
1254 4811 1370 4879 pari
1402 4812 1612 4865 ratione
1641 4812 1981 4867 condemnet.
2011 4813 2167 4886 [Quia

590 4903 739 4957 viros
772 4917 917 4966 suos,
946 4901 1212 4971 inquiens.
1243 4903 1498 4957 mulieres
1536 4919 1640 4956 non
1683 4903 1838 4960 facile
1869 4907 1934 4960 de
1963 4910 2170 4964 adulte-

591 4997 672 5051 rio
716 5004 1005 5060 accusant,
1042 5008 1096 5050 et
1136 5011 1238 5050 non
1289 4996 1490 5050 habent
1527 4995 1742 5051 latentia
1787 5008 2010 5066 peccata
2053 5001 2170 5054 vin-

593 5088 812 5142 dictam.
844 5087 959 5142 Viri
1009 5098 1187 5143 autem
1234 5088 1456 5143 liberius
1485 5105 1680 5144 uxores
1718 5091 1988 5146 adulteras
2028 5093 2170 5162 apud

593 5178 903 5232 sacerdotes
942 5177 1153 5232 deferre
1194 5190 1617 5244 consueverunt;
1667 5191 1719 5235 ct
1770 5182 1890 5236 ideo
1934 5184 2172 5238 mulieri-

593 5268 717 5331 bu's,
751 5269 963 5337 prodito
996 5283 1184 5322 earum
1217 5270 1466 5334 crimine,
1495 5272 1802 5325 conuuunio
1837 5275 2168 5343 denegatur:

593 5359 838 5412 virorum
880 5367 1060 5412 autem
1105 5358 1305 5412 latente
1345 5362 1653 5425 commisso,
1687 5379 1792 5416 non
1838 5363 1994 5418 facile
2027 5365 2175 5433 quis-

596 5463 757 5482 nII'IIII
800 5465 862 5482 ην
909 5450 1301 5482 αιιεηῖηἷηιιηιηο
1343 5451 1640 5482 ηιιιιίῖιιΛΙιιπ
1693 5455 1778 5482 nn:
1824 5455 2008 5482 ..σξη-ιη
2051 5454 2149 5482 ,δηι-

2263 536 2444 583 nctur.

2339 620 2469 674 CAP.
2505 618 2547 674 Ι.
2595 639 2613 671 ‹
2651 619 2941 689 Postquam
3008 621 3236 674 domnus
3287 628 3459 673 noster
3499 618 3741 687 Lotharius,

2264 710 2645 764 serenissimus
2676 727 2740 764 ac
2767 710 3188 780 gloriosissimus
3215 724 3328 772 rex,
3357 708 3633 780 Tetbergam
3659 728 3744 766 cum

2263 814 2525 854 consensu
2555 809 2610 854 et
2639 801 2913 855 voluntate
2942 800 3177 855 fidelium
3204 815 3414 854 suorum
3436 801 3495 854 ad
3513 800 3746 872 coniugium

2263 906 2412 946 more
2455 891 2620 961 regali
2667 891 2768 945 sibi
2810 891 3057 955 soeiavit,
3086 899 3140 946 et
3183 888 3547 944 discordiarum
3578 891 3748 958 querela

2267 982 2410 1036 inter
2436 997 2531 1036 eos
2561 993 2844 1050 coeperunt
2872 982 3098 1045 exoriri,
3131 981 3330 1035 dictum
3367 987 3445 1033 est
3473 980 3618 1034 eidem
3642 981 3747 1048 prin-

2263 1073 2367 1142 cipi
2398 1088 2427 1126 a
2455 1073 2774 1143 quibusdam
2805 1072 3074 1146 quomodo
3105 1077 3400 1126 memorata
3427 1069 3649 1142 Tetberga
3670 1086 3750 1126 see-

2267 1162 2351 1218 lus
2391 1165 2657 1234 quoddam
2707 1165 2968 1220 borrihiie
3021 1154 3087 1220 ac
3135 1167 3289 1219 nefas
3335 1171 3582 1233 patratum
3611 1162 3750 1218 vulnus

2265 1252 2532 1307 occultum
2574 1253 2626 1307 in
2670 1255 2850 1308 animo
2879 1256 2993 1311 sive
3024 1253 3076 1308 in
3104 1269 3330 1324 corpore
3355 1253 3578 1317 haberet,
3606 1252 3649 1307 in
3678 1268 3750 1323 quo

2264 1346 2429 1401 Deum
2462 1348 2697 1417 graviter
2720 1347 2982 1403 offensum
3022 1347 3267 1408 haberet,
3297 1361 3393 1416 pro
3420 1361 3518 1416 quo
3545 1347 3674 1401 etiam
3700 1348 3750 1402 illi

2267 1453 2374 1492 non
2417 1450 2562 1493 esset
2601 1439 2784 1510 digna,
2813 1456 2986 1510 neque
3029 1439 3217 1494 liceret
3253 1439 3340 1494 vel
3365 1454 3482 1494 eum
3515 1439 3686 1494 deceret
3709 1439 3751 1494 ad

2264 1526 2573 1598 coniugium
2600 1543 2717 1582 eam
2747 1529 2974 1598 amplius
3001 1529 3220 1583 habere.

2335 1619 2462 1674 CAP.
2493 1619 2556 1674 ll.
2603 1641 2621 1672 ‹
2658 1621 2735 1675 Ex
2783 1622 3034 1692 opinione
3078 1638 3210 1677 vero
3262 1621 3558 1692 praemissa,
3590 1636 3681 1692 quae
3713 1621 3754 1675 de
3838 1655 3839 1670 ι

2266 1709 2354 1764 illa
2393 1724 2491 1779 per
2528 1726 2625 1765 ora
2666 1713 3022 1780 quorumdam
3055 1713 3332 1774 volitabat,
3369 1712 3601 1782 praefatus
3627 1711 3753 1765 retin

2267 1805 2556 1870 conspeetu
2613 1802 2852 1858 ﬁdelium
2911 1819 3130 1858 suorum
3185 1812 3398 1859 secrete
3445 1818 3506 1858 ac
3551 1801 3756 1856 manifeste

2267 1894 2431 1967 574
2465 1895 2780 1966 frequenter
2805 1898 3102 1952 collocutus
3124 1895 3246 1962 fuit,
3273 1907 3331 1952 et
3357 1911 3474 1952 cum
3497 1894 3567 1951 eis
3591 1893 3756 1952 ratione:

2267 1986 2479 2052 habuit,
2512 1988 2651 2042 unde
2673 1986 2934 2057 judicium
2965 1997 3149 2058 postea
3179 2003 3277 2057 per
3301 1987 3530 2057 ipsorum
3552 1984 3753 2039 consiliu

2265 2081 2478 2136 exstitit
2508 2079 2731 2146 factum,
2769 2082 2862 2136 sed
2903 2095 3009 2134 non
3046 2079 3225 2134 divina
3257 2079 3430 2148 pietas
3459 2070 3754 2145 indulgensrei

2265 2174 2551 2229 veritatem
2598 2172 2948 2228 manifestare
2985 2171 3175 2236 voluit,
3215 2170 3312 2224 sed
3351 2184 3469 2224 cum
3505 2163 3754 2236 postmodum
3838 2163 3839 2236 ξ

2266 2267 2335 2320 ad
2372 2267 2602 2320 fratrem
2649 2280 2805 2319 suum
2848 2263 3180 2318 Ludovicum
3230 2261 3592 2329 imperatorem
3626 2256 3664 2310 in
3687 2253 3757 2308 lu-

2266 2359 2394 2413 liam
2423 2359 2751 2423 devenisset,
2781 2355 2910 2412 illuc
2956 2355 3195 2424 apertius
3237 2360 3508 2423 patratum
3543 2345 3679 2404 scelus
3703 2350 3756 2398 est

2267 2451 2342 2506 illi
2370 2448 2795 2504 manifestatum.

2337 2541 2464 2596 Car.
2501 2539 2584 2594 lll.
2625 2559 2644 2591 ι
2683 2537 2912 2594 Proinde
2943 2553 3012 2592 ne
3043 2534 3281 2605 suspicio
3312 2533 3416 2588 ista
3443 2540 3494 2587 et
3517 2527 3757 2598 nequissima

2265 2630 2410 2685 fama
2439 2631 2504 2684 de
2535 2644 2705 2684 uxore
2732 2628 2882 2699 regia
2911 2626 3112 2680 diutius
3137 2623 3504 2679 inexaminata
3527 2627 3603 2674 aut
3626 2619 3757 2684 impro-

2265 2723 2391 2777 bata
2415 2730 2680 2785 maneret,
2699 2729 2968 2790 quatenus
2995 2718 3135 2773 idem
3167 2716 3425 2772 dominus
3450 2721 3610 2768 noster
3625 2707 3757 2764 certior

2267 2813 2622 2882 securiorque
2671 2809 2895 2866 eﬂ‘ectus
2945 2809 3010 2864 de
3056 2809 3159 2864 hac
3198 2821 3403 2871 causa,
3456 2818 3564 2858 cum
3598 2794 3756 2869 (μυείυί

2271 2906 2475 2977 agenda
2529 2910 2686 2958 erant
2735 2918 2887 2957 more
2935 2899 3100 2969 regali
3141 2898 3368 2953 liberius
3409 2896 3754 2962 exsequerentur,

2268 3002 2636 3051 convenerunt
2665 2993 2817 3064 jussu
2855 2989 3094 3060 ejusdem
3124 2989 3410 3060 principis,
3435 3001 3564 3040 anno
3587 2981 3757 3036 videlicet

2270 3086 2667 3142 lucarnationis
2707 3083 3001 3139 Dominicze
3040 3081 3145 3136 860
3190 3089 3246 3135 et
3297 3079 3447 3150 regni
3487 3077 3587 3144 ejus
3604 3068 3756 3137 v,indi-

2268 3178 2448 3233 ctione
2479 3193 2598 3239 vm.
2630 3192 2663 3229 v
2703 3175 2827 3230 Idus
2863 3173 3132 3237 Januarii,
3162 3172 3339 3241 Aquis
3369 3169 3574 3240 palatio,
3594 3161 3756 3219 Gunthe-

2267 3265 2380 3323 rius
2408 3279 2651 3338 summus
2693 3265 3003 3335 capellanus
3031 3271 3086 3318 et
3118 3261 3467 3331 Teotgaudus
3493 3253 3760 3322 archiepisco-

2265 3359 2339 3428 pi,
2370 3357 2666 3411 Advcntius
2697 3365 2751 3410 et
2791 3355 2831 3409 F
2837 3369 3004 3408 rauco
3043 3352 3308 3422 episcopi,
3350 3349 3520 3417 Hegil,
3541 3355 3586 3401 et
3609 3341 3757 3400 Odeliu-

2269 3436 2368 3520 gus
2411 3448 2655 3511 abbates,
2707 3447 2823 3502 sive
2879 3445 2972 3499 alii
3021 3444 3203 3500 fideles
3247 3441 3391 3510 ejus.
3433 3439 3613 3507 Quibus
3639 3430 3758 3487 omnia

2266 3541 2518 3610 superius
2577 3540 2781 3593 inserta
2839 3536 3110 3598 referens,
3153 3533 3401 3603 iubendo
3456 3529 3634 3587 monuit
3672 3536 3758 3594 prt-

2266 3633 2498 3700 scriptos
2539 3631 2820 3698 episcopos
2866 3638 3026 3696 atque
3064 3627 3312 3689 abbates,
3338 3625 3562 3691 dirigens
3591 3618 3643 3673 ad
3663 3613 3758 3670 illam

2267 3731 2328 3775 ut
2356 3723 2420 3776 de
2454 3721 2707 3790 praedicta
2750 3719 2893 3772 fama
2934 3717 3075 3788 apud
3121 3731 3240 3771 eam
3287 3729 3502 3770 omnem
3537 3712 3601 3766 rei
3625 3704 3758 3760 teriu-

2271 3820 2376 3867 tem
2403 3811 2790 3881 perquirerent,
2823 3810 2984 3865 sicuti
3018 3817 3073 3863 et
3100 3809 3370 3864 fecerunt.
3399 3805 3528 3860 Nam
3558 3803 3648 3872 ipsa
3669 3809 3754 3850 ωη-

2270 3901 2411 3956 fessa
2455 3911 2539 3955 est
2581 3902 2691 3964 eis,
2731 3914 2916 3955 coram
2963 3900 3072 3954 Deo
3114 3907 3168 3953 et
3212 3897 3423 3969 angelis
3467 3896 3595 3963 ejus,
3634 3884 3754 3944 omnia

2271 4008 2497 4063 qumque
2545 3992 2749 4046 in«illa
2804 4000 2991 4057 erant,
3048 4005 3318 4060 omneque
3372 3997 3614 4044 secretum
3656 3978 3754 4048 in!"

2271 4097 2513 4159 exortam
2563 4085 2762 4138 famam
2808 4085 3025 4153 penitus
3072 4083 3322 4152 apparuit
3365 4080 3490 4144 illis,
3520 4077 3756 4147 ipsique“?-

2273 4180 2417 4234 versi
2463 4180 2852 4234 nuntiaverunt
2883 4161 3138 4247 praedicto
3181 4174 3298 4246 regi
3345 4172 3485 4244 quod
3516 4171 3577 4225 ad
3607 4169 3757 4220 uxorem

2275 4289 2380 4328 non
2412 4272 2600 4327 liceret
2629 4270 2701 4324 illi
2733 4285 2852 4324 eam
2889 4270 3105 4323 habere.

2346 4360 2474 4416 CAP.
2516 4359 2603 4414 IV.
2648 4377 2667 4410 ι
2715 4358 2932 4412 Primus
2980 4354 3318 4410 Guntharius
3369 4352 3500 4409 dixit
3541 4340 3758 4405 :Conlessa
3838 4340 3839 4416 ᾖ

2275 4465 2360 4510 est
2383 4452 2492 4508 Deo
2522 4461 2576 4508 et
2605 4452 2760 4508 nobis
2784 4451 2927 4521 quod
2961 4449 3152 4504 vulnus
3180 4448 3234 4502 in
3265 4463 3327 4503 se
3355 4447 3567 4502 haberet
3589 4434 3756 4496 interius,

2277 4559 2383 4600 non
2416 4554 2595 4598 tamen
2635 4559 2730 4598 sua
2767 4548 2982 4611 sponte,
3014 4539 3112 4596 sed
3155 4539 3424 4595 violenter
3478 4535 3569 4591 sibi
3605 4530 3757 4586 illatum.

2277 4652 2375 4708 pro
2403 4651 2510 4706 quo
2541 4635 2817 4705 indignam
2845 4649 2904 4688 se
2929 4647 3050 4689 esse
3075 4632 3294 4686 omnino
3317 4627 3571 4700 judicavit
3590 4621 3643 4676 ad
3662 4627 3759 4684 reg?

2277 4728 2381 4782 lem
2421 4727 2534 4783 sive
2568 4725 2869 4780 maritalem
2905 4732 3083 4779 torum
3101 4721 3215 4791 jam
3245 4721 3472 4776 ulterius
3495 4710 3759 4772 accedent,“

2277 4817 2581 4872 nullatenus
2623 4824 2807 4886 posset
2842 4830 2938 4884 pro
2977 4814 3232 4882 prredicto
3270 4811 3490 4873 scelere,
3517 4801 3634 4876 quod
3660 4804 3758 4862 ιιιτνε

2277 4919 2362 4966 est
2402 4911 2614 4973 dicere,
2665 4905 2974 4976 conjugium
3029 4904 3290 4960 famulare
3329 4919 3452 4958 cum
3491 4914 3568 4960 eo,
3598 4891 3757 4980 vel

2275 4999 2512 5068 quolibet
2551 4972 2782 5067 amplius
2830 4972 3029 5051 habere
3059 5014 3072 5049 :
3102 5004 3157 5050 et
3190 4995 3309 5049 ideo
3350 4993 3616 5062 deprecata
3637 4987 3695 5035 εει
3721 4972 3758 5026 θ’

2277 5091 2508 5144 centiam
2547 5089 2646 5143 sibi
2679 5089 2794 5143 dari
2827 5088 3072 5143 mutandi
3103 5087 3414 5142 smcularem
3451 5074 3758 5137 habiturum”

2277 5179 2417 5233 virili
2475 5181 2849 5234 commistione
2896 5178 3230 5242 discedendi,
3269 5175 3414 5230 nulla
3465 5163 3758 5228 interveniente

2278 5270 2467 5325 fraude
2496 5271 2806 5335 iracundiae,
2836 5269 2920 5324 vel
2956 5271 3118 5324 etiam
3143 5268 3436 5328 voluntate,
3465 5273 3605 5330 quam
3634 5255 3757 5350 οοξιιη

2278 5363 2524 5417 eurndcm
2558 5379 2735 5433 regem
2769 5362 3011 5424 haberet,
3039 5362 3132 5415 sed
3158 5369 3234 5424 ut,
3263 5358 3348 5412 illa
3383 5352 3664 5409 discedente,
3689 5347 3758 5432 illi"

2281 5454 2456 5482 nn:-nn
2486 5464 2532 5482 AI
2567 5469 2790 5482 nnnnnnn
2815 5453 3080 5482 onlnnnllln
3131 5460 3177 5482 nl
3211 5452 3320 5482 Inoo
3345 5445 3483 5482 ηηηδ
