4026 6340
195 333 298 393 637

1148 330 1236 386 DE
1273 328 1600 386 DIYORTIO
1633 327 1956 384 LO'I'IlAllII
1998 330 2083 384 ET
2125 330 2538 390 TETBERGE.

193 447 405 500 factum
455 442 716 499 hactenus
759 441 936 508 latuit,
968 450 1023 498 et
1068 441 1224 498 nefas
1260 453 1343 499 est
1379 442 1510 498 illud
1541 451 1599 496 ut
1629 441 1778 496 dein-
1807 443 1852 502 Α
1883 440 2294 501 fornicationem
2317 449 2562 504 exercuit
2587 458 2641 504 et
2670 452 3018 520 perpetravit.
3061 451 3176 508 Hoc
3203 453 3465 509 testificor

193 551 325 605 ceps
364 549 516 589 more
542 534 707 587 maris
735 541 788 587 et
827 533 1040 586 feminae
1068 533 1227 587 simul
1257 533 1605 588 conveniatis.
1630 531 1698 586 Et
1729 530 1776 584 si

193 639 407 689 tamen,
437 635 496 680 ut
523 625 673 694 prius
703 623 820 686 fuit,
850 624 1003 678 vobis
1031 633 1176 679 esset
1210 623 1458 678 amabilis
1482 632 1536 677 et
1561 622 1778 685 dilecta,

193 723 387 777 darem
420 720 572 775 vobis
601 717 884 774 consilium
929 719 1222 772 secundum
1259 717 1613 771 ministerium
1647 714 1778 768 mibi

192 812 577 874 commissum,
601 818 657 864 et
692 809 977 878 probarem
1011 808 1235 862 omnino
1265 823 1332 862 ne
1365 807 1589 860 ulterius
1624 804 1782 859 lateri

194 911 387 956 vestro
413 901 714 955 sociaretur
734 899 892 954 sicuti
923 898 1142 967 conjnx,
1173 899 1266 954 sed
1288 899 1444 969 juxta
1470 897 1782 966 petitionem

195 993 318 1061 qius
345 993 528 1048 velum
559 995 804 1062 accipere
835 1001 890 1047 et
928 992 1172 1046 habitum
1199 1001 1409 1046 mutare
1437 992 1540 1045 hoc
1568 989 1786 1060 permit-

200 1085 418 1138 teretis.

271 1176 406 1231 Cn.
450 1175 536 1230 VI.
581 1174 897 1231 (Similiter
951 1175 1298 1245 Teotgaudus
1351 1173 1787 1244 archiepiscopus

195 1269 341 1324 dixit
369 1280 533 1338 atque
563 1269 858 1325 consensit.

271 1360 407 1415 Car.
449 1361 556 1415 VII.
603 1380 621 1412 ι
664 1361 780 1432 Egil
819 1361 988 1425 abba,
1035 1362 1154 1416 vice
1201 1359 1442 1429 ejusdem
1484 1359 1785 1429 Tetbergae,

200 1455 281 1507 ita
313 1453 618 1508 faciendum
649 1455 820 1510 suasit
845 1463 899 1510 et
929 1456 1081 1523 petiit
1103 1468 1178 1520 ut,
1208 1455 1330 1524 quia
1362 1471 1466 1508 non
1496 1470 1592 1507 sua
1624 1470 1787 1522 spon—

200 1557 290 1609 te,
336 1549 431 1602 sed
475 1550 524 1601 vi
568 1564 818 1618 oppressa
864 1565 976 1604 rem
1027 1549 1311 1603 nefandam
1363 1559 1786 1620 perpetraverat,

200 1639 542 1694 tribueretur
576 1641 623 1694 ei
669 1641 895 1695 facultas
934 1642 1169 1704 velandi,
1202 1652 1256 1696 et
1295 1642 1442 1696 locus
1473 1658 1578 1710 quo
1612 1654 1792 1711 patra-

201 1743 320 1786 tum
351 1732 547 1787 vulnus
574 1744 793 1788 sanaret
823 1751 837 1788 :
869 1736 1010 1804 quod
1044 1751 1172 1788 vero
1202 1735 1537 1804 simpliciter,
1563 1745 1616 1788 et
1647 1734 1790 1788 nullo

1885 543 2021 590 teste
2051 539 2180 592 mihi
2207 541 2535 596 conscientia
2564 557 2704 606 mea,
2727 559 2829 596 non
2847 542 3028 612 aliqua
3051 544 3312 600 malevola
3338 561 3467 616 sug-

1882 630 2128 699 gestione
2173 646 2427 698 persuasa
2448 673 2462 694 ,
2496 648 2669 702 neque
2697 634 2913 688 violenti
2952 635 3272 690 necessitate
3309 651 3460 690 com-

1883 720 2052 791 pulsa,
2088 723 2182 774 sed
2221 723 2447 791 simplici
2476 724 2746 779 voluntate
2773 725 2846 778 rei
2875 727 3156 780 veritatem
3185 726 3344 781 sicuti
3381 733 3464 780 est

1883 813 2145 882 professa.
2172 813 2262 869 Sic
2285 831 2367 869 me
2383 815 2595 884 adjuvet
2620 817 2896 879 Dominus,
2913 819 3002 887 qui
3029 828 3340 887 peccatores
3357 819 3468 873 sal-

1884 921 2012 959 vare
2037 907 2213 970 venit,
2237 915 2290 962 et
2325 917 2541 976 peccata
2578 907 2897 976 simpliciter
2917 923 2978 962 ac
3000 909 3265 962 veraciter
3293 908 3468 962 confi-

1885 997 2123 1052 tentibus
2157 1013 2338 1052 veram
2367 997 2752 1069 indulgentiam
2781 999 3049 1067 promisit,
3073 1000 3116 1054 si
3143 1000 3274 1053 nihil
3299 999 3469 1070 fingo,

1843 1126 1862 1148 ς
1886 1091 1930 1145 si
1959 1107 2088 1145 vera
2119 1093 2337 1161 propria
2368 1108 2501 1146 voce
2529 1093 2823 1162 pronuntio
2841 1132 2856 1154 ,
2879 1101 2934 1146 et
2959 1092 3256 1146 litterarum
3289 1093 3470 1146 chiro-

1888 1185 2098 1254 grapho
2143 1198 2254 1238 rem
2284 1195 2491 1256 gestam
2525 1184 2822 1242 confirmo:
2856 1185 2981 1253 quia
3027 1184 3358 1239 tolerabilius
3385 1191 3472 1239 est

1889 1277 2020 1330 mibi
2057 1276 2380 1353 imprudenti
2411 1292 2472 1330 ac
2497 1277 2738 1345 decepta:
2769 1275 2999 1338 femina.
3025 1291 3208 1331 coram
3241 1275 3473 1330 homini-

1888 1368 1988 1422 bus
2019 1369 2231 1435 culpam
2263 1368 2582 1439 simpliciter
2606 1369 2876 1433 confiteri,
2900 1385 3060 1438 quain
3087 1377 3212 1423 ante
3242 1367 3472 1422 tribunal

1902 1457 2115 1513 Domini
2147 1460 2468 1514 erubescere
2501 1469 2662 1529 atque
2686 1471 2946 1514 :eternum
2974 1475 3053 1514 vae
3084 1461 3304 1514 habere.
3343 1479 3360 1512 ι

1961 1547 2092 1602 (ΞΜ).
2125 1548 2266 1602 XVI.
2297 1568 2314 1598 ι
2348 1548 2456 1602 Hoc
2485 1550 2667 1619 itaque
2694 1552 2918 1604 recitato
2941 1552 3234 1605 astantiutn
3262 1550 3474 1604 animos

1891 1639 2085 1694 horror
2111 1641 2313 1709 pariter
2345 1657 2407 1694 ac
2437 1641 2591 1695 dolor
2614 1642 2862 1710 perculit,
2898 1657 2961 1696 ac
2988 1644 3053 1696 de
3081 1652 3228 1696 tanta
3254 1641 3471 1696 licentia

1892 1733 2172 1786 diabolicze
2203 1732 2410 1786 fraudis
2437 1733 2776 1787 sacerdotum
2813 1744 3030 1802 pectora
3061 1732 3293 1802 gemitus
3323 1745 3477 1785 com-

202 1823 557 1877 incumbente
600 1824 822 1885 timore,
862 1831 954 1876 aut
995 1824 1233 1892 qualibet
1269 1826 1553 1878 occasione
1585 1824 1665 1878 vel
1701 1839 1794 1877 vo-
1823 1828 1866 1886 Β
1895 1823 2079 1892 plevit.
2127 1822 2232 1878 Sed
2281 1825 2528 1892 quamvis
2575 1824 2673 1877 ista
2714 1823 2830 1892 ejus
2880 1825 3151 1879 confessio
3198 1821 3478 1877 credibilis

201 1911 436 1975 luntate,
461 1911 554 1966 sed
590 1928 690 1982 pro
726 1913 817 1966 Dei
849 1927 1034 1968 amore
1061 1923 1118 1968 et
1146 1914 1338 1968 animae
1375 1929 1485 1967 suae
1521 1913 1789 1968 solutione

200 2006 446 2074 petebat.
483 2023 502 2056 ι

277 2095 357 2149 De
401 2096 504 2150 hoc
549 2095 725 2150 libello
752 2095 1126 2152 rationabilius
1157 2103 1336 2150 tacere
1365 2110 1525 2164 quam
1558 2109 1787 2163 respon—

203 2183 339 2240 dere
369 2185 684 2257 delegimus,
715 2188 969 2256 quoniam
1007 2187 1162 2241 sicuti
1189 2187 1468 2255 prmmisso
1499 2187 1790 2240 irrationa-

204 2279 421 2333 bilitate
446 2295 509 2333 ex
542 2279 728 2348 majori
758 2289 909 2349 parte
929 2280 1156 2334 habetur
1175 2279 1336 2350 575
1361 2279 1683 2344 consimilis,
1716 2279 1788 2332 ita

205 2373 429 2426 veritati
476 2383 530 2426 et
573 2373 766 2426 rationi
798 2373 932 2426 adeo
959 2373 1190 2426 habetur
1221 2373 1516 2436 dissimilis,
1548 2381 1606 2425 ut
1641 2371 1788 2426 credi

207 2481 316 2520 non
348 2466 539 2519 debeat
565 2481 594 2518 a
623 2465 860 2535 praefatis
893 2466 1171 2520 confectus
1200 2466 1487 2535 episcopis.

280 2558 390 2612 Sed
416 2568 472 2611 et
501 2559 554 2611 in
589 2557 819 2627 quodam
852 2566 1018 2622 temo,
1044 2574 1203 2628 quem
1230 2573 1296 2614 ex
1327 2559 1539 2627 integro
1573 2566 1794 2628 propter

210 2648 293 2701 sui
327 2647 690 2717 prolixitatem
718 2649 804 2703 hic
835 2648 1074 2703 seribere
1100 2649 1484 2709 devitavimus,
1508 2648 1662 2716 cujus
1692 2647 1794 2700 ini-

214 2738 348 2790 tiutn
375 2746 459 2792 est
483 2757 495 2792 :
531 2757 550 2790 ι
582 2738 740 2792 Αιιιιο
767 2738 834 2792 ab
863 2739 1236 2795 Incarnatione
1263 2740 1472 2794 Domini
1503 2739 1628 2802 860,
1656 2738 1794 2792 indi-

213 2830 394 2884 ctione
418 2847 533 2892 vm,
551 2833 819 2886 mediante
837 2832 1132 2887 Februario
1156 2849 1359 2895 mense,
1384 2832 1794 2888 decernentibus

211 2922 464 2992 gloriosis
507 2924 720 2994 regibus
759 2923 1060 2990 Ludovico,
1102 2924 1294 2980 Carolo
1336 2936 1497 2994 atque
1538 2925 1793 2980 Lothario

203 3013 460 3080 juniore,
493 3016 544 3068 in
578 3015 814 3085 generali
862 3026 1128 3071 conventu
1169 3018 1484 3087 optimatum
1525 3032 1591 3070 ex
1630 3031 1796 3086 regno

212 3105 343 3158 almi
405 3105 685 3169 Lotharii,
743 3117 921 3160 actum
968 3117 1023 3162 et
1072 3110 1369 3163 concilium
1419 3111 1790 3179 episcoporum

1895 1925 2209 1984 appareret,
2259 1925 2434 1969 tamen
2474 1930 2539 1968 ne
2581 1914 2719 1969 forte
2766 1932 2863 1985 pro
2903 1916 3080 1986 aliqua
3129 1914 3471 1984 deceptione,

1893 2018 1987 2062 aut
2008 2023 2105 2077 pro
2138 2008 2330 2062 timore
2355 2007 2602 2075 alicujus,
2633 2023 2772 2077 szepc
2799 2008 2941 2062 dicta
2980 2007 3176 2061 mulier
3211 2005 3475 2060 mentire-

1897 2111 2002 2160 tur,
2029 2101 2205 2153 denuo
2245 2110 2604 2154 memoratum
2643 2114 2823 2168 regem
2863 2097 3234 2166 alloquentes,
3268 2093 3480 2164 magnis

1893 2207 2014 2244 eum
2043 2191 2495 2245 obtestationibus
2521 2190 2874 2244 astrinxiinns
2905 2197 2963 2241 ut
3003 2188 3157 2241 nobis
3193 2185 3479 2240 confitere-

1898 2288 1984 2333 tur
2022 2281 2065 2334 si
2111 2297 2230 2335 eam
2272 2280 2523 2333 suasione
2555 2290 2645 2332 aut
2687 2278 3108 2334 comminatione
3147 2276 3214 2330 ad
3245 2275 3478 2344 seipsam

1896 2372 2161 2426 fallaciter
2201 2371 2597 2425 criminambnn
2641 2369 3007 2438 compulisset.
3069 2368 3297 2421 Econtra
3363 2366 3480 2434 ipse

1896 2482 2018 2520 cum
2046 2466 2293 2520 maximis
2319 2463 2757 2518 altestationibus
2792 2463 2956 2533 576
2982 2462 3137 2516 nobis
3164 2457 3478 2521 declaravit,

1897 2557 2063 2611 solam
2111 2556 2183 2610 rei
2231 2556 2516 2609 veritatem
2565 2554 2706 2607 illam
2735 2552 2982 2608 confiteri
3023 2566 3080 2606 se
3112 2549 3481 2620 persuasisse,

1897 2665 1999 2704 nec
2027 2649 2078 2702 in
2113 2664 2178 2702 ea
2219 2663 2380 2702 causa
2411 2647 2738 2701 industriose
2781 2645 2984 2715 aliquid
3016 2645 3250 2713 amplius
3280 2642 3479 2714 egisse.

1902 2739 2184 2795 Referebat
2221 2738 2383 2793 etiam
2412 2738 2571 2791 nobis
2611 2737 2664 2790 in
2697 2737 2812 2806 ipsa
2852 2737 2984 2789 liora
3016 2733 3286 2803 quomodo
3331 2738 3484 2801 post-

1900 2849 2062 2903 quam
2089 2832 2321 2902 primum
2347 2829 2619 2884 infandam
2653 2844 2764 2883 rem
2797 2827 3037 2891 audivit,
3067 2833 3122 2879 et
3153 2839 3336 2879 veram
3363 2837 3484 2878 cre-

1900 2926 2055 2989 didit,
2080 2932 2340 2994 quantum
2372 2923 2495 2977 inde
2517 2921 2688 2975 doluit
2711 2929 3078 2989 quantumque
3101 2916 3203 2972 sibi
3230 2915 3484 2984 inopina-

1903 3026 2013 3070 tum
2045 2995 2243 3070 malum
2267 3024 2320 3069 et
2345 3013 2565 3067 minime
2584 3019 2767 3080 optata
2789 3009 2899 3064 fors
2923 3007 3215 3078 displicuit.
3239 3005 3488 3073 Qualiter

1900 3108 2132 3178 denique
2161 3122 2272 3160 rem
2302 3103 2496 3160 findant
2528 3103 2795 3172 patienter
2823 3099 2996 3162 ferre,
3027 3107 3082 3152 et
3102 3095 3332 3164 nisijam
3363 3104 3486 3149 tan-

213 3195 542 3265 Aqnisgrani
575 3196 793 3265 palatio,
825 3198 1111 3254 Guntharii
1141 3200 1568 3270 Agrippinensis,
1601 3199 1798 3256 Theot-
1824 3183 1868 3244 (ἶ
1903 3209 2013 3254 tum
2047 3199 2185 3252 fama
2213 3195 2568 3257 cucurrisset,
2591 3191 2864 3247 occultare
2894 3189 3084 3252 voluit,
3123 3197 3176 3243 et
3222 3195 3485 3257 quantum

213 3287 374 3358 gaudi
409 3287 775 3352 Treverensis,
803 3289 1104 3344 Wenilonis
1132 3290 1596 3362 llothomagensis,
1624 3292 1799 3346 Fran-

214 3375 370 3430 conis
397 3376 773 3447 Tungrensis,‘
798 3378 1048 3434 llattonis
1087 3381 1439 3436 Virdunensis
1460 3423 1475 3448 ,
1506 3382 1799 3453 Hildcgarii

215 3467 526 3529 Meldensis,
557 3467 787 3523 llilduini
812 3471 1132 3526 Aviniensis.
1172 3492 1192 3525 ι

287 3561 421 3615 Cu.
473 3559 587 3615 XV.
634 3561 715 3614 Ad
756 3561 930 3615 locum
972 3563 1037 3617 de
1078 3562 1276 3619 femina
1315 3567 1457 3622 unde
1492 3567 1692 3637 agitur,
1726 3567 1800 3620 ita

215 3657 483 3725 scriptum
517 3656 854 3725 reperimus:
891 3673 909 3706 ι
944 3655 1113 3709 Porro
1151 3657 1272 3721 illa,
1314 3658 1456 3712 nulla
1509 3659 1801 3714 securitate

214 3748 321 3801 hoc
347 3745 555 3800 celandi
583 3756 674 3799 aut
699 3747 988 3814 superandi
1018 3747 1150 3800 fulta
1169 3789 1182 3811 ,
1212 3749 1390 3817 primo
1418 3750 1526 3818 regi
1557 3751 1799 3803 ordinem

212 3839 512 3908 perpetrati
541 3847 752 3902 reatus,
781 3848 841 3892 ut
870 3838 1012 3892 fama
1044 3837 1220 3894 fuerat
1239 3879 1253 3902 ,
1280 3842 1573 3894 enarravit.
1602 3841 1802 3895 Deinde

213 3929 540 3997 quibusdam
583 3931 960 4000 episcoporum
1005 3931 1164 3984 simul
1194 3940 1244 3985 et
1277 3932 1537 3986 laicornm
1571 3933 1801 4001 idipsum

213 4019 547 4075 enucleavit.
577 4020 770 4076 Postea
799 4037 1014 4092 quoque
1045 4023 1342 4077 chartulam
1367 4039 1475 4078 sua:
1503 4023 1802 4078 confessio-

213 4114 334 4177 nis,
383 4129 483 4168 suo
520 4123 708 4183 rogatu
745 4117 1107 4186 conscriptam
1127 4156 1143 4180 ,
1177 4116 1231 4170 in
1262 4127 1445 4170 nostra
1476 4117 1716 4170 omnium
1747 4123 1803 4170 et

215 4208 515 4262 multorum
551 4207 806 4263 laicormn
839 4209 1149 4278 praesentia,
1194 4210 1246 4264 in
1277 4225 1438 4263 manu
1469 4210 1686 4281 gloriosi
1719 4226 1806 4267 re-

213 4301 297 4371 gis
317 4299 561 4355 Lotbarii
587 4301 846 4370 porrexit,
880 4316 1110 4370 moxque
1137 4317 1317 4356 coram
1343 4303 1595 4357 omnibus
1627 4302 1804 4372 palam

214 4395 395 4448 locuta
421 4410 435 4446 :
466 4392 691 4446 Domine
717 4393 789 4446 mi
818 4409 935 4457 rex,
966 4394 1161 4462 inquit,
1196 4402 1419 4463 propter
1453 4394 1622 4448 Deum
1651 4409 1800 4464 rogo,

212 4497 267 4539 et
295 4494 523 4554 propter
545 4494 783 4539 vestram
814 4487 1114 4540 mercedem
1134 4525 1148 4549 ,
1177 4494 1237 4539 ut
1262 4486 1393 4539 mihi
1429 4485 1801 4555 paenitentiam

213 4591 379 4642 agere
403 4576 583 4638 liceat,
615 4577 869 4646 quoniam
911 4586 964 4631 et
992 4579 1170 4633 verbis
1199 4587 1252 4633 et
1290 4580 1493 4649 scripto
1539 4578 1803 4633 confiteor

215 4681 304 4719 me
341 4665 680 4735 conjugalem
725 4667 968 4736 copulam
1002 4683 1106 4722 non
1141 4671 1370 4732 mereri,
1419 4671 1642 4740 ideoque
1679 4685 1804 4738 pro-

213 4766 390 4810 strata
442 4757 760 4826 suppliciter
811 4759 1095 4828 expostulo
1141 4769 1200 4813 ut
1247 4761 1378 4816 mihi
1419 4761 1529 4831 jam
1572 4777 1717 4816 nunc
1751 4769 1806 4816 et

213 4847 475 4917 deinceps
526 4864 629 4903 non
683 4851 959 4919 denegetis
1005 4852 1147 4920 quod
1191 4867 1324 4907 mea:
1367 4853 1527 4908 saluti
1575 4855 1809 4923 posthac

215 4951 540 4992 succurrere
577 4947 776 5006 potest.
813 4959 832 4991 ›
865 4939 1070 4995 Textus
1114 4941 1296 5011 itaque
1337 4941 1480 4997 illius
1523 4944 1804 5012 scriptum

213 5030 338 5084 hac
365 5031 527 5085 verba
553 5041 609 5086 et
636 5031 780 5086 hunc
805 5047 1024 5088 sensum
1054 5033 1402 5088 continebat:
1437 5051 1456 5086 ι
1486 5033 1598 5104 Ego
1624 5035 1809 5089 Thiet—

214 5120 397 5185 brihc,
426 5137 590 5191 quam
617 5122 835 5178 feminei
865 5139 1027 5180 sexus
1051 5124 1436 5196 imprudentia,
1466 5133 1521 5181 et
1543 5125 1813 5196 fragilitas

215 5213 411 5267 Iefellit
429 5214 683 5278 humana,
699 5226 755 5270 et
777 5216 1106 5270 conscientia
1128 5216 1307 5271 delicti
1332 5216 1563 5280 mordet,
1587 5225 1810 5286 propter

215 5319 370 5374 spem
422 5306 618 5362 salutis
659 5308 853 5362 anima:
894 5323 1062 5372 meae,
1104 5318 1160 5364 et
1213 5318 1434 5379 propter
1483 5308 1806 5363 fidelitatem

214 5411 348 5466 erga
395 5399 665 5455 seniorem
708 5415 923 5465 meum,
964 5417 1146 5456 veram
1179 5402 1574 5457 confessionem
1618 5417 1802 5457 coram

216 5488 334 5543 Deo
358 5498 414 5543 et
435 5493 639 5547 sanctis
667 5495 874 5565 angelis
901 5493 1048 5562 ejus,
1076 5510 1139 5549 ac
1171 5495 1568 5550 venerabilihus
1595 5497 1804 5566 episco-

216 5580 327 5648 pis,
377 5580 491 5636 sive
540 5584 808 5640 nobilibus
862 5584 1035 5651 laicis,
1093 5586 1171 5641 sic
1203 5586 1480 5655 profiteor,
1513 5587 1638 5655 quia
1677 5601 1803 5655 ger-

220 5685 416 5725 manus
445 5687 596 5728 meus
625 5672 928 5730 llucbertus
952 5676 1182 5730 clericus
1223 5693 1307 5732 me
1344 5677 1801 5732 adulescentulam

221 5763 487 5831 corrupit,
517 5775 571 5820 et
602 5765 652 5820 in
684 5781 803 5822 meo
829 5783 1055 5836 corpore
1094 5779 1280 5822 contra
1313 5769 1612 5823 naturalem
1645 5785 1800 5822 nsunt

1901 3294 2074 3364 potuit
2104 3292 2250 3346 fecit.
2285 3289 2436 3345 Unde
2473 3297 2529 3342 et
2566 3286 2758 3341 falsum
2783 3285 3044 3355 judicium
3073 3297 3134 3338 se
3158 3283 3361 3336 sciente
3385 3295 3488 3350 pro

1900 3387 2118 3441 veritica
2150 3381 2554 3439 examinatione
2583 3377 2823 3446 suscepit
2845 3384 2901 3429 et
2924 3373 3195 3436 toleravit,
3220 3380 3278 3424 ut
3298 3371 3343 3423 si
3367 3368 3485 3423 ﬁeri

1902 3486 2082 3549 posset
2116 3484 2260 3529 tanta
2292 3472 2568 3542 turpitudo
2595 3467 2928 3524 incredibilis
2973 3471 3290 3535 appareret,
3324 3469 3378 3516 et
3405 3460 3490 3516 sic

1902 3571 1954 3623 in
1980 3567 2177 3621 mundo
2198 3571 2577 3624 evanesceret,
2606 3560 2826 3630 ipseque
2853 3573 3035 3613 coram
3068 3554 3264 3609 stecnlo
3293 3553 3345 3606 in
3374 3560 3488 3606 tam

1903 3657 2257 3731 ignominiosa
2285 3653 2494 3708 macula
2520 3660 2574 3706 et
2605 3651 2821 3704 ruinosa
2849 3647 3147 3701 offensione
3171 3659 3275 3698 non
3310 3656 3488 3697 rema-

1904 3759 2076 3804 neret.
2126 3748 2418 3814 Postquam
2473 3752 2653 3796 autem
2700 3739 2937 3795 revelata
2977 3738 3144 3808 pestis
3175 3736 3342 3789 latere
3378 3747 3489 3788 non

1902 3841 2098 3911 potuit,
2122 3855 2186 3893 ac
2215 3839 2328 3908 ipse
2358 3836 2568 3907 pondus
2598 3834 2731 3887 tanti
2762 3831 3036 3902 opprobrii
3068 3829 3209 3883 ferre
3224 3826 3488 3896 nequivit.

1902 3931 2136 3985 maxime
2158 3944 2278 3982 cum
2299 3926 2543 3996 partibus
2566 3923 2888 3994 Burgundiae
2913 3930 3074 3990 atque
3095 3921 3259 3975 Italia:
3281 3919 3491 3973 discur-

1903 4036 2028 4074 rens
2055 4020 2214 4072 nimis
2239 4017 2568 4071 diffamatam
2599 4031 2662 4069 ac
2692 4014 3019 4084 divulgatam
3061 4011 3359 4065 fmditatem
3395 4023 3490 4062 ex-

1904 4111 2136 4174 horruit,
2165 4119 2378 4165 nonest
2406 4123 2600 4178 passus
2622 4107 2763 4161 hanc
2795 4118 3014 4159 causam
3055 4102 3174 4156 sine
3212 4101 3489 4170 episcOpo-

1904 4218 2022 4258 rum
2066 4201 2317 4256 examine
2350 4201 2550 4256 diutius
2595 4197 2877 4254 subsilere.
2925 4195 3130 4249 Revera
3171 4189 3492 4261 lacrymosis

1905 4291 2156 4361 suspiriis
2196 4289 2570 4360 multipliciter
2598 4289 2650 4343 id
2697 4286 2800 4342 sibi
2841 4285 2909 4340 de
2955 4290 3251 4338 memorata
3290 4277 3491 4334 femina

1908 4381 2230 4437 inculcatum
2252 4422 2267 4445 ,
2297 4387 2352 4433 et
2383 4378 2436 4432 in
2464 4377 2567 4431 hoc
2593 4376 2756 4432 etiam
2797 4387 2962 4445 regno
3005 4388 3034 4426 a
3075 4369 3324 4441 plurimis
3349 4364 3495 4421 afﬁr-

1909 4484 2112 4530 matum
2140 4489 2245 4528 non
2273 4473 2390 4528 sine
2415 4472 2615 4542 gemitu
2643 4469 2940 4538 repetebat.

1982 4570 2112 4623 ΟΑι).
2143 4565 2307 4620 XVII.
2343 4583 2362 4616 ι
2401 4562 2510 4618 Nos
2535 4562 2696 4630 igitur
2725 4575 2912 4614 rursus
2935 4557 3182 4614 eamdem
3213 4553 3496 4608 mulierem

1911 4661 2143 4731 primum
2197 4666 2444 4720 secreto,
2493 4655 2686 4710 deinde
2749 4667 2934 4709 coram
2990 4650 3140 4704 laicis
3192 4645 3499 4710 adivimus,

1911 4767 2140 4820 eamque
2181 4766 2303 4805 cum
2354 4747 2694 4816 adjuratione
2747 4745 2928 4799 divina
2979 4741 3202 4798 monitis
3247 4737 3502 4811 pluribus

1911 4842 2182 4898 exhortati
2217 4856 2406 4894 sumus
2427 4877 2440 4900 ,
2467 4853 2534 4893 ne
2562 4836 2664 4892 sibi
2695 4835 2807 4890 ullo
2843 4833 3005 4890 modo
3051 4833 3246 4887 falsum
3287 4827 3499 4914 crimen

1914 4935 2157 5000 inferret,
2194 4943 2518 4990 :eternarum
2543 4943 2758 5000 quoque
2786 4941 3071 4998 poenarum
3099 4923 3291 4987 minis,
3315 4920 3360 4976 si
3391 4912 3502 4975 hoc

1915 5026 2143 5089 faceret,
2181 5025 2460 5079 deterrere
2488 5021 2838 5077 curavimus:
2873 5018 3176 5084 iterumque
3208 5014 3273 5068 de
3309 5020 3502 5066 nostro

1912 5117 2139 5173 consilio
2183 5122 2238 5170 et
2278 5113 2514 5177 auxilio,
2561 5112 2790 5167 tuitione
2837 5125 2903 5165 ac
2951 5105 3268 5163 defensione
3307 5111 3501 5158 contra

1911 5220 2101 5262 omnes
2139 5205 2362 5259 insidias
2405 5203 2490 5257 vel
2519 5201 2801 5256 violentias
2843 5213 3090 5254 securam
3133 5193 3505 5273 reddidimus,

1913 5308 2121 5355 tantum
2168 5307 2226 5352 ut
2266 5297 2422 5352 nobis
2461 5295 2573 5364 jam
2617 5303 2748 5348 tunc
2796 5290 3118 5346 fiducialiter
3149 5285 3506 5342 confiteretur

1911 5402 2094 5447 utrum
2125 5405 2380 5459 persuasa
2411 5403 2478 5441 an
2517 5384 2794 5454 compulsa
2831 5384 2898 5437 ad
2929 5381 3162 5450 seipsam
3199 5374 3498 5432 criminan-

1911 5483 2040 5538 dum
2088 5481 2300 5534 fuisset.
2342 5479 2424 5532 Ad
2465 5479 2580 5531 haec
2611 5476 2699 5530 illa
2729 5489 2922 5544 aspero
2950 5472 3143 5527 intuitu
3179 5483 3279 5524 nos
3319 5466 3506 5522 redar-

1912 5593 2122 5648 guens:
2158 5573 2386 5637 Putatis,
2415 5571 2610 5639 inquit,
2645 5577 2702 5622 ut
2731 5569 2990 5638 meipsam
3023 5579 3120 5635 pro
3147 5562 3326 5632 aliqua
3358 5573 3416 5614 re
3444 5559 3504 5613 in

1915 5671 2118 5726 mundo
2147 5669 2219 5723 ita
2251 5667 2476 5738 perdere
2513 5663 2842 5718 voluissem?
2880 5660 3034 5716 Sicut
3069 5657 3214 5714 enim
3253 5654 3504 5710 confessa

1916 5765 2007 5826 fni,
2037 5765 2111 5819 sic
2137 5763 2418 5822 confiteor,
2454 5766 2506 5811 ct
2545 5758 2622 5813 sic
2661 5755 2980 5811 confitebor.
3011 5753 3241 5807 Tantum
3275 5749 3511 5805 obsecro
