4026 6340
614 346 722 406 639

1554 340 1879 399 unaunam
1919 336 2310 395 RHEMENSIS
2338 326 2879 402 sucutselsmrl‘
2914 330 2921 333 ’
2988 390 2997 397 .
3761 353 3844 406 an

606 470 827 531 propter
853 459 948 515 Dei
975 449 1215 514 amorem
1255 466 1315 513 ut
1351 473 1489 513 mets
1526 457 1776 527 precibus
1820 442 2179 510 desideratam
2209 450 2258 513 A'
2288 455 2444 517 rexit,
2486 465 2542 510 et
2576 442 2755 513 Ilaicis'
2786 476 2881 514 sua
2927 458 3165 533 crimina
3217 458 3545 523 denudavit,
3577 475 3665 515 rex
3711 460 3846 533 legale

607 553 1038 608 misericordiam
1087 546 1198 622 jam
1250 553 1423 604 modo
1457 542 1783 605 concedatis.
1819 548 1957 602 Hinc
2000 556 2189 601 nostra

607 637 932 697 sollicitudo
955 641 1240 711 requisivit
1264 632 1479 709 an‘ipsa
1519 640 1747 693 ulterius
1783 639 1906 692 inde
1949 628 2195 707 aliquam'

606 728 769 786 vellet
810 726 1202 801 querimoniam
1233 734 1449 785 movere
1470 771 1484 794 ,
1522 738 1617 784 aut
1638 723 1863 798 aliquas
1896 727 2194 796 aliquando.

607 820 834 875 insidias
878 817 1092 885 moliri,
1132 823 1177 876 si
1206 816 1585 891 sumpetitioui
1633 824 1787 876 fieret
1823 820 2193 875 satisfactum.i

607 908 773 979 Cujus
816 912 1196 982 obligationem
1247 923 1301 969 et
1342 922 1523 967 nostra
1563 912 1704 966 illico
1744 913 2072 966 nnanimitas
2106 913 2180 967 ita

605 1010 885 1071 prosecuta
914 1014 998 1058 est
1025 1022 1040 1058 :
1067 1002 1238 1066 Scias,
1270 1019 1303 1058 ο
1330 1003 1435 1057 ﬁlia
1459 1044 1477 1069 ,
1524 1004 1648 1073 quia
1684 1004 1729 1057 si
1775 1014 2012 1057 nostram
2044 1003 2097 1057 in
2130 1011 2184 1059 te

607 1092 862 1161 tuamque
888 1092 1284 1149 confessionem
1306 1093 1625 1156 Sententiam
1652 1090 2008 1163 exspectabis,
2040 1102 2101 1146 ut
2130 1102 2182 1149 te

605 1180 801 1235 divinae
829 1189 886 1236 et
914 1183 1192 1237 canonica:
1232 1182 1655 1252 comprehendat
1689 1183 2026 1239 auctoritatis
2055 1198 2182 1239 cen-

604 1285 765 1334 sura,
815 1280 871 1325 et
918 1270 1306 1338 indissolubilis
1357 1272 1579 1340 incipiat
1627 1272 1794 1343 ligare
1842 1273 2179 1329 sacerdotum

605 1369 797 1417 catena
818 1402 835 1427 ,
858 1362 997 1417 unde
1030 1363 1217 1419 adhuc,
1234 1368 1387 1433 potes
1417 1376 1768 1433 recuperare,
1796 1363 1839 1418 si
1869 1372 2048 1430 tamen
2086 1378 2182 1432 po-

603 1465 705 1519 tes,
726 1455 983 1521 tulterius,
1021 1465 1081 1510 ut
1112 1456 1461 1518 aestimamus,
1493 1471 1597 1510 non
1622 1456 1987 1526 recuperabis.
2020 1454 2111 1510 Sic
2126 1461 2184 1509 et

603 1548 728 1604 laici
748 1548 1039 1617 plurimum
1062 1562 1181 1601 eam
1210 1549 1623 1610 admonuerunt,
1647 1546 1879 1601 maxime
1906 1546 2073 1614 ipsius
2099 1545 2179 1599 fa~

605 1640 845 1695 miliares
870 1639 1111 1694 et.amici
1140 1638 1426 1693 admodum
1458 1637 1639 1704 illam,
1683 1654 1753 1693 ne
1790 1653 1847 1693 se
1874 1636 2187 1707 deciperet,

602 1731 868 1802 pulsando
887 1730 1255 1801 increpabant.
1286 1731 1403 1801 Ipsa
1430 1738 1627 1795 tamen,
1653 1730 1816 1785 veluti
1843 1730 1887 1785 si
1909 1730 2025 1800 ejus
2047 1744 2182 1783 cou-

2281 543 2543 613 judicium
2573 558 2873 615 conslrua‘t,
2898 560 2953 605 et
2979 551 3303 606 secundum
3328 540 3516 621 legem
3546 550 3848 618 acjustitiam

2287 635 2409 690 laici
2456 634 2723 709 conjugati
2753 640 2872 695 laici
2915 642 3057 711 regis
3084 642 3397 711 conjugem
3440 637 3705 707 judicent;
3730 650 3776 695 et
3812 644 3849 697 si

2288 728 2353 781 de
2399 743 2584 782 eorum
2628 731 2833 799 judicio
2872 732 2938 785 ad
2985 730 3314 800 episc0pale
3359 728 3622 797 judiéinm
3658 732 3847 791 venerit,

2287 822 2583 875 secundum
2628 822 2771 889 leges
2804 822 3215 899 ecclesiasticas
3261 821 3514 905 episcopi
3557 820 3605 875 ei
3628 820 3847 888 judicium

2285 910 2607 966 medicina‘le
2640 912 2935 981 imponant.
2966 911 3043 965 De
3069 912 3175 966 hoc
3209 911 3366 980 quod
3394 911 3468 965 ibi
3499 913 3742 979 scriptum
3764 920 3846 972 est,

2287 999 2429 1069 quod
2461 1001 2528 1055 de
2556 1002 2647 1055 tali
2673 1001 2817 1056 facto
2846 1017 2939 1056 rex
2984 1002 3185 1067 doluit,
3216 1011 3277 1056 et
3308 1002 3699 1056 contristatoei
3734 1002 3857 1056 actio

2284 1092 2387 1147 ista
2410 1093 2699 1163 displicuit,
2730 1094 3028 1149 cavendum
3051 1093 3123 1147 illi
3156 1102 3252 1148 est
3285 1109 3362 1149 ne
3386 1094 3608 1147 tristitia
3636 1094 3740 1161 ejus
3762 1109 3851 1148 non

2283 1186 2355 1241 sit
2377 1185 2599 1251 ablutio,
2629 1187 2725 1241 sed
2755 1174 2993 1244 sceleris.
3021 1172 3168 1255 quod
3185 1185 3368 1248 absit,
3393 1184 3678 1239 confessio.
3711 1201 3728 1235 ι
3751 1184 3849 1240 lla

2282 1280 2426 1334 enim
2453 1286 2555 1344 est,
2590 1288 2649 1333 ut
2679 1280 2927 1335 doctores
2958 1278 3215 1333 scribunt
3260 1278 3555 1339 Ecclesiae,
3583 1288 3635 1332 et
3658 1292 3849 1332 venen-

2281 1369 2405 1424 bilis
2424 1356 2704 1441 presbyter
2718 1369 2861 1424 Beda
2883 1369 3096 1424 illorum
3113 1382 3369 1436 sequens
3391 1367 3844 1431 sententiam‘dicit.

2282 1462 2501 1531 superni
2540 1463 2748 1529 justitia
2784 1462 3005 1531 judicii,
3054 1470 3113 1516 ιιι
3165 1466 3511 1536 plerumque
3568 1461 3762 1530 reprobi
3803 1470 3845 1514 et

2284 1560 2577 1623 agnoscant
2598 1568 2656 1608 se
2680 1562 2735 1608 et
2759 1553 3030 1611 fateantur
3051 1572 3300 1620 errasse,
3332 1565 3657 1622 certamque
3680 1551 3843 1605 erroris

2284 1645 2365 1698 sui
2394 1644 2781 1713 paenitudinem
2806 1657 3018 1717 gerant,
3043 1664 3144 1704 nec
3168 1658 3366 1703 tamen
3391 1645 3462 1699 ab
3488 1642 3708 1699 errando
3726 1641 3841 1710 quia.

2286 1743 2474 1799 scant,
2502 1732 2770 1805 quatenus
2815 1740 3005 1794 eadem
3049 1739 3413 1795 confessione
3459 1752 3527 1791 ac
3571 1733 3843 1805 pmuileutia

601 1824 842 1878 scientiae
868 1832 1136 1878 secretum
1169 1822 1489 1877 intuentium
1517 1821 1686 1876 oculis
1706 1821 1986 1877 visibiliter
2009 1835 2179 1890 appa-
2208 1803 2255 1862 Β
2284 1837 2469 1881 contra
2592 1829 2691 1899 ipsi
2723 1832 3091 1885 testimonium
3121 1832 3261 1886 dent
3289 1831 3425 1901 quia
3460 1803 3744 1896 nonvpescii
3766 1826 3838 1878 de—

601 1923 766 1975 reret,
805 1914 1089 1968 immobilis
1119 1914 1171 1967 in
1199 1929 1295 1968 sua
1322 1913 1657 1968 confessione
1688 1913 2016 1983 perduravit.

611 2035 619 2039 -
673 2006 801 2061 CAP.
831 2005 1014 2060 XVIII.
1046 2025 1062 2056 ι
1092 2004 1230 2072 Quid
1260 2005 1467 2076 longius
1495 2005 1878 2060 immoremur?
1898 2004 2180 2068 Jamotnni

601 2098 878 2159 dubietate
912 2106 1117 2151 remota
1137 2138 1151 2160 ,
1176 2106 1249 2151 .el
1280 2097 1357 2150 rei
1387 2096 1614 2150 veritate
1642 2105 1952 2165 comperta,
1983 2110 2179 2149 novum

600 2187 787 2243 auditu
842 2187 1058 2249 scelus,
1110 2185 1444 2254 nefandaque
1482 2185 1775 2254 pollutione
1820 2185 2177 2248 horrendum,

600 2278 902 2349 praesertim
950 2276 1103 2345 cujus
1152 2277 1375 2331 fetorem
1420 2277 1531 2346 jam
1581 2277 1668 2330 diu
1724 2292 1820 2346 per
1869 2276 2181 2330 innumeros

600 2366 759 2438 longe
801 2368 1015 2438 lateque
1059 2367 1199 2421 fama
1232 2369 1597 2437 disperserat,
1626 2383 1695 2421 ne
1735 2367 2182 2437 praesentibus'ac

600 2460 798 2514 futuris
839 2460 1153 2529 pestiferam
1191 2461 1591 2529 corruptionem
1624 2458 1851 2522 inferat,
1897 2459 1998 2512 nisi
2029 2474 2181 2514 seve-

601 2553 715 2607 rius
763 2552 1175 2623 diligeutiusqne
1226 2552 1519 2614 evellatur,
1570 2552 1710 2605 nulla
1763 2552 1863 2606 levi
1917 2568 2046 2607 cura
2095 2553 2179 2607 vel

598 2644 928 2714 indulgentia
958 2644 1299 2699 tractandum
1325 2644 1494 2697 visum
1518 2651 1622 2698 est.
1650 2642 1764 2696 Non
1788 2644 1931 2699 enim
1958 2643 2177 2698 dubium

600 2744 689 2790 est
712 2737 835 2805 quia
864 2736 1127 2790 naturalis
1151 2736 1293 2789 inter
1322 2734 1544 2789 fratrem
1577 2742 1632 2788 et
1658 2750 1898 2789 sororem
1923 2735 2179 2789 concubi-

601 2836 689 2881 tus
725 2828 935 2882 veniam
967 2826 1278 2894 tetuporalis
1304 2835 1674 2879 unumeretur
1697 2826 1939 2886 b'onoris,
1966 2823 2181 2897 etnibil

598 2918 746 2972 aliud
769 2928 936 2972 restat
973 2918 1133 2988 577
1177 2934 1338 2988 quam
1361 2918 1597 2972 vindicta
1626 2928 1682 2972 et
1708 2920 2042 2986 pmuiteutia.
2068 2917 2181 2974 Nec

602 3012 766 3066 habet
799 3010 1026 3065 ulterius
1072 3010 1448 3080 progrediendi
1494 3011 1834 3064 occasionem
1876 3011 2181 3065 damnabile

603 3102 838 3163 crimen,
865 3102 1007 3171 quod
1033 3101 1214 3155 statim
1248 3116 1276 3153 a
1308 3099 1814 3169 praevaricatoribus
1854 3099 2019 3163 multa
2059 3116 2181 3168 qua:

606 3192 824 3248 fuerant
844 3192 989 3247 licita
1004 3192 1227 3262 ,penitus
1247 3198 1524 3259 amputat;
1552 3190 1774 3257 ideoque
1794 3190 1897 3244 huc
1916 3188 1981 3243 eo
2003 3191 2180 3246 rarius

602 3301 637 3341 a
660 3285 859 3342 saeculo
880 3285 1128 3354 contigit,
1152 3299 1259 3353 quo
1281 3284 1489 3338 constat
1504 3282 1638 3351 quia
1660 3280 1836 3335 nullus
1858 3282 1979 3335 inde
2000 3296 2180 3353 exem-I

601 3377 748 3449 plum
782 3378 881 3432 sibi
911 3377 1286 3447 praesumpsit,
1326 3377 1467 3444 quod
1498 3391 1772 3445 nunquam
1802 3375 2011 3430 veniale
2039 3377 2179 3445 apud

604 3469 787 3524 mundi
818 3468 1045 3538 gloriam
1077 3483 1197 3521 esse
1222 3467 1414 3537 potuit.
1442 3467 1547 3521 Sed
1577 3482 1698 3521 cum
1723 3466 1944 3535 quilibet
1968 3467 2180 3539 aliquae

603 3560 709 3614 ties
754 3559 808 3612 in
857 3560 996 3612 hanc
1040 3559 1314 3612 miseriam
1338 3557 1477 3627 lapsi
1506 3566 1660 3619 sunt,
1695 3572 1801 3611 non
1832 3558 1898 3612 de
1934 3558 2181 3627 exemplo

604 3648 833 3703 alterius
868 3648 1104 3713 accidit,
1153 3648 1246 3703 sed
1287 3648 1356 3701 de
1394 3646 1839 3715 antiquadiaboli
1877 3646 2097 3711 fraude,
2126 3657 2182 3703 et

603 3739 768 3796 simili
812 3739 1120 3810 fragilitatis
1165 3739 1396 3808 impulsu
1452 3754 1517 3791 ac
1561 3738 1861 3807 praezipilio
1903 3754 2091 3795 recens
2125 3750 2183 3795 et

604 3835 757 3907 quasi
805 3849 940 3888 nova
992 3835 1143 3889 ruina
1178 3834 1299 3888 fuit.
1334 3834 1475 3887 Istud
1509 3844 1689 3888 autem
1719 3834 2058 3905 contagionis
2083 3849 2180 3902 ge-

603 3943 728 3993 nus,
755 3929 898 3997 quod
930 3943 1071 3981 nunc
1102 3927 1288 3993 incipit
1323 3941 1441 3980 esse
1479 3942 1672 3979 novum
1694 3966 1709 3991 ,
1738 3935 1793 3980 et
1819 3935 1974 3979 antea
2025 3923 2181 3979 nobis

602 4029 723 4074 erat
748 4017 1071 4080 inauditum,
1103 4018 1398 4070 cavendtun
1430 4028 1513 4068 e~t
1542 4033 1607 4068 ne
1634 4017 1938 4069 morbosum
1977 4024 2180 4083 pestem

605 4120 663 4163 et
691 4108 1044 4163 incuraliilem
1079 4108 1220 4161 luem
1254 4109 1797 4177 generidransmittat
1829 4107 2095 4171 humano,
2123 4116 2183 4162 ut

601 4202 675 4257 ita
707 4202 957 4256 videlicet
1006 4196 1163 4271 origd
1214 4199 1513 4269 perniciosa
1547 4201 1785 4255 funditus
1828 4201 2179 4269 exstirpetur,

600 4309 710 4365 quo
756 4293 961 4348 nullum
997 4286 1307 4361 exemplum
1354 4287 1663 4361 nullamque
1707 4290 2182 4362 fragilibus'reliu-

600 4393 733 4454 quat
758 4385 1100 4439 occasionem
1129 4400 1142 4437 :
1170 4399 1238 4438 ne
1265 4380 1424 4446 forte,
1451 4384 1593 4451 quod
1618 4383 1779 4445 absit,
1805 4382 1927 4436 talis
1955 4397 2182 4437 consue-

2281 1918 2562 1989 Iinquuut,
2595 1921 2721 1976 dum
2769 1938 2801 1977 a
2850 1932 3072 1995 peccato
3120 1923 3282 1993 quod
3342 1922 3594 1992 culpant,
3633 1918 3845 1973 cohibere

2282 2011 2602 2077 detrectant,
2624 2028 2796 2083 eoque
2818 2015 3017 2084 justius
3039 2024 3299 2085 pereant,
3327 2030 3440 2084 quo
3467 2015 3670 2066 foveam
3693 2009 3833 2080 pcrdi-

2282 2101 2461 2167 tionis,
2489 2118 2650 2172 quam
2699 2105 2992 2174 praevidere
3020 2090 3345 2169 valuerunt,
3380 2089 3655 2157 declinare
3698 2098 3835 2167 negle-

2280 2203 2494 2249 xerunt.
2524 2194 2678 2251 Unde
2702 2196 2959 2266 scriptum
2983 2205 3066 2251 est
3089 2198 3155 2251 de
3182 2198 3409 2252 Herode
3432 2196 3623 2268 (Marc.
3640 2192 3716 2261 Vt)
3738 2192 3829 2259 Quia

2280 2289 2630 2343 contristatus
2674 2300 2759 2344 est
2786 2305 2879 2344 rex
2910 2306 3007 2360 pro
3034 2289 3373 2345 Herodiadis
3406 2291 3680 2360 petitione.
3716 2284 3828 2338 Talis

2281 2378 2493 2448 quippe
2523 2387 2606 2433 est
2637 2380 2854 2433 tristitia
2883 2379 3114 2435 Herodis
3143 2381 3347 2449 Qualis
3384 2378 3693 2451 paenitentia
3724 2374 3826 2428 Pbao

2284 2469 2462 2523 raonis
2487 2479 2542 2523 et
2563 2468 2734 2535 .Iudte,
2761 2486 2991 2540 quorum
3019 2463 3275 2541 quisque
3297 2471 3545 2525 facinora
3578 2485 3684 2531 sua,
3712 2474 3824 2535 post.

2281 2574 2441 2629 quam
2469 2572 2757 2617 accusante
2781 2564 3111 2618 conscientia
3156 2565 3372 2618 invitus
3400 2562 3647 2633 prodidit,
3679 2573 3821 2625 vecors

2282 2653 2665 2723 augmentavit.
2696 2652 2883 2723 Itaque
2912 2653 3151 2717 llerodes
3198 2662 3373 2723 caput
3402 2653 3625 2708 Joannis
3644 2649 3816 2718 petitus,

2283 2742 2555 2797 tristitiam
2587 2744 2802 2813 quidem
2834 2734 3292 2813 prmtendeb‘atiin'
3313 2736 3636 2811 vultu,'quia
3663 2753 3713 2792 se
3737 2736 3823 2803 ipse

2283 2833 2587 2897 damnaret,
2611 2834 2941 2889 ostendendo
2965 2830 3179 2889 cunctis
3204 2834 3420 2903 liquido
3449 2834 3572 2902 quia
3600 2832 3813 2885 insontem

2282 2932 2508 2978 noverat
2528 2924 2584 2978 et
2611 2924 2879 2987 sanetum,
2899 2928 3060 2993 quem
3087 2919 3366 2978 erat'neci
3386 2924 3633 2976 daturus.
3659 2917 3814 2970 Verum

2283 3016 2329 3069 si
2370 3015 2677 3084 diligentius
2725 3029 2822 3069 cor
2864 3014 3152 3068 nefandum
3206 3015 3551 3084 inspicimus,
3586 3008 3817 3063 lmtabatnr

2283 3104 2492 3159 occulte
2532 3107 2675 3175 quod
2709 3104 2873 3176 578
2911 3118 2973 3158 ea
3015 3106 3312 3175 petebatur
3344 3100 3468 3175 quin
3502 3110 3556 3157 ct
3596 3091 3815 3155 aulea'fa-

2283 3213 2430 3263 cere,
2462 3200 2507 3253 si
2552 3198 2935 3254 excusabiliter
2978 3207 3205 3267 posset,
3244 3192 3567 3267 disponebat
3611 3211 3624 3247 :
3666 3189 3739 3260 qui
3773 3185 3813 3237 si-

2281 3299 2446 3358 caput
2487 3290 2805 3346 Herodiadis
2846 3298 3143 3360 peteretur,
3171 3290 3309 3345 nulli
3353 3290 3571 3345 dubium
3599 3286 3705 3353 quia
3737 3294 3815 3334 nec

2280 3384 2443 3439 vellet
2468 3384 2620 3449 dare,
2646 3399 2702 3439 et
2727 3386 2996 3439 veraciter
3036 3386 3212 3440 tristis
3259 3388 3538 3441 abnueret.
3569 3402 3588 3434 ι
3616 3378 3737 3435 Unde
3766 3382 3812 3425 et

2281 3476 2370 3531 hic
2399 3478 2631 3531 domnus
2673 3485 2859 3532 noster
2905 3493 3021 3541 rex,
3049 3480 3270 3547 superni
3322 3474 3635 3549 spectatoris
3669 3472 3805 3525 inten-

2280 3568 2414 3623 dens
2439 3568 2646 3633 oculos,
2667 3570 2763 3638 qui
2800 3570 2962 3624 corda
2992 3571 3237 3624 omnium
3272 3570 3557 3639 conspicit.
3583 3573 3631 3621 et
3652 3560 3722 3616 cui
3742 3572 3803 3609 co-

2280 3661 2470 3731 gitatio
2498 3659 2730 3715 hominis
2774 3659 3084 3724 confitetur,
3131 3659 3551 3731 dil'gentissime
3593 3649 3807 3725 ponde”?

2280 3752 2326 3806 si
2352 3766 2508 3820 aequo
2545 3749 2728 3805 dolore
2755 3744 3047 3817 acciperet,
3074 3757 3129 3802 et
3157 3756 3328 3818 aequa‘
3367 3737 3548 3801 vultus.
3568 3732 3803 3797 serenitate

2279 3857 2401 3898 eum
2424 3842 2734 3910 respiceret,
2763 3855 2795 3895 a
2829 3856 2935 3908 quo
2967 3847 3093 3893 tunc
3120 3838 3271 3894 forte
3295 3840 3548 3893 audiret:
3575 3832 3690 3899 Quia
3711 3841 3733 3878 θ
3762 3832 3803 3874 ω

2279 3930 2533 3985 feminam
2582 3930 2737 3984 istam
2787 3928 3040 3991 absolvis,
3068 3943 3169 3982 nec
3219 3929 3314 3983 illa
3368 3928 3524 3983 talem
3570 3919 3642 3974 vel
3680 3913 3804 3968 talem

2280 4021 2376 4075 tibi
2416 4034 2735 4089 quocunque
2769 4017 2928 4074 modo
2964 4017 3191 4073 ulterius
3217 4032 3459 4088 unquam
3488 4006 3799 4082 approximm

2278 4112 2578 4182 permittas.
2616 4111 2691 4165 De
2721 4110 2822 4164 hoc
2865 4114 3009 4178 quoat
3040 4123 3135 4162 rex
3177 4110 3469 4178 profitetur
3509 4102 3623 4173 quia
3650 4094 3797 4150 falsum

2274 4202 2556 4273 judicium,
2587 4216 2646 4256 se
2672 4200 2897 4263 sciente,
2925 4213 3022 4268 pro
3054 4198 3278 4270 verilica
3304 4191 3677 4253 examinatione
3700 4194 3790 4273 sns-

2280 4291 2449 4362 cepit,
2496 4292 2732 4347 scientes
2770 4290 2837 4345 de
2863 4287 3385 4357 omnibuS’judiciis
3426 4283 3611 4342 nostris
3640 4272 3793 4342 inquis-

2280 4384 2417 4439 simo
2438 4382 2694 4451 judiciet
2735 4383 2847 4453 regi
2874 4397 3060 4453 regum
3106 4383 3349 4439 rationes
3375 4396 3470 4436 nos
3499 4367 3791 4432 subtilissime

600 4476 730 4531 tudo
761 4476 1045 4540 inolescat,
1077 4491 1181 4545 qua
1212 4474 1515 4530 naturalem
1541 4477 2023 4545 consanguinitatis
2044 4491 2176 4530 eon-
2202 4495 2257 4556 Ι)
2283 4473 2605 4538 redditurus,
2632 4489 2753 4543 quae
2777 4474 3039 4529 sentimus
3065 4474 3274 4543 absque
3305 4478 3547 4543 respectu
3573 4468 3784 4556 permitti

596 4567 834 4620 cubitum
872 4566 994 4634 quis
1022 4566 1228 4621 devitet
1254 4575 1310 4620 et
1336 4566 1593 4621 fornicari
1618 4575 1804 4622 contra
1836 4577 2085 4637 naturam
2123 4567 2177 4621 in

599 4658 817 4729 proprio
845 4670 1061 4726 genere,
1090 4657 1209 4713 leve
1237 4658 1341 4715 hoc
1366 4658 1870 4715 aestimans-malum
1889 4700 1904 4725 ,
1929 4658 2179 4715 licentius

599 4764 852 4806 385110803
861 4759 901 4804 ί.
1100 4760 1105 4771 ’
1168 4766 1174 4775 '
1402 4768 1405 4773 '
1727 4770 1733 4793 ί

602 4862 607 4873 τ
666 4841 795 4897 CAP.
847 4841 984 4898 XIX.
1024 4860 1043 4895 ι
1081 4842 1175 4900 l-lis
1215 4858 1345 4914 ergo
1375 4843 1730 4899 consideratis
1779 4851 1836 4899 et
1889 4842 2178 4913 diligenter

595 4936 918 5006 perspectis,
947 4935 1229 5007 lugendam
1271 4936 1460 4992 incesti
1503 4936 1869 5006 pollutidnem,
1904 4935 1956 4990 in
2005 4933 2178 5004 publi-

597 5041 722 5082 cum
772 5027 1073 5083 exhalatam
1100 5067 1116 5093 ,
1163 5027 1390 5098 publica:
1437 5028 1765 5097 paenitentia:
1792 5025 2177 5083 satisfactione

596 5118 928 5186 purgandam
950 5118 1308 5173 decrevimus.
1346 5136 1366 5169 ι
1863 5124 1869 5133 ’

594 5254 601 5261 .
674 5198 817 5262 Hinc
859 5206 1097 5262 breviter
1136 5207 1606 5277 praelibamus,.in
1656 5222 1909 5275 processu
1966 5208 2177 5278 plenius

598 5290 866 5351 ostensuri
896 5337 912 5362 ,
963 5297 1088 5367 quia
1152 5295 1469 5363 bujusmodi‘
1521 5296 1882 5358 confessionis
1936 5297 2175 5353 libellum

597 5387 717 5444 ﬁeri
759 5387 869 5443 Leo
910 5400 1045 5458 papa
1077 5388 1515 5442 manifestissime
1562 5389 1810 5457 prohibet
1860 5388 2026 5459 (epist.
2082 5390 2175 5455 ὅθί

599 5480 673 5532 ad
695 5480 854 5549 episc.
881 5490 977 5548 per
995 5477 1384 5549 Campaniam),
1409 5479 1502 5534 sed
1535 5487 1591 5533 et
1633 5480 1853 5550 perinde
1894 5496 2117 5535 uxorem
2145 5497 2175 5536 a

598 5570 722 5625 viro
748 5570 1026 5625 discedere
1056 5584 1216 5638 posse
1251 5585 1427 5639 neque
1451 5570 1747 5626 auctoritas
1776 5585 1931 5625 sacra
1957 5571 2180 5639 permit-

600 5661 688 5715 tit.
721 5662 858 5729 Quia
882 5684 883 5689 η
905 5662 1071 5717 etiam
1096 5662 1212 5718 hinc
1241 5662 1444 5718 femina
1488 5680 1600 5719 sua:
1642 5666 2002 5720 accusationis
2032 5664 2181 5719 libel-

600 5750 711 5806 lum
741 5769 845 5808 non
875 5753 1160 5823 episcopis,
1193 5764 1251 5808 ut
1273 5755 1343 5810 ibi
1375 5756 1632 5825 scriptum
1662 5766 1763 5821 est,
1792 5756 1884 5813 sed
1921 5756 2031 5827 regi
2062 5772 2178 5826 por-

2280 4565 2512 4619 veritate
2550 4573 2801 4636 cogente,
2832 4563 3179 4633 proferimus.
3222 4564 3449 4623 .Scilicet
3490 4557 3604 4629 quia
3641 4554 3782 4604 conm

2279 4653 2450 4725 legale
2468 4653 2745 4709 decretum
2760 4661 2818 4706 et
2840 4650 3206 4720 evangelicam
3231 4653 3504 4707 veritatem
3526 4653 3667 4714 agere
3684 4643 3784 4703 μηδ’

2278 4744 2540 4815 sumpsit,
2584 4744 2851 4825 dicentem
2887 4761 2901 4797 :
2935 4742 3059 4797 Non
3093 4744 3313 4801 tentabis
3334 4738 3617 4803 ﬂaminem
3657 4726 3779 4825 θειξεξ

2278 4846 2427 4890 tuum
2465 4819 2679 4914 (.llattlr.
2725 4852 2799 4903 tv,
2829 4836 2911 4907 7);
2943 4840 3067 4908 qui,
3092 4840 3383 4907 utiterumT
3422 4830 3653 4897 scriptum
3685 4819 3776 4912 ε

2278 4927 2533 4988 Illusores
2565 4928 2772 4983 deludet
2799 4930 3002 5002 -(Prov.
3021 4932 3273 5002 111,34),
3295 4940 3355 4985 ιιι
3380 4923 3661 4987 sacrilegus.
3683 4914 3775 5001 tl"?

2280 5027 2465 5077 contra
2492 5031 2649 5075 sacra
2671 5031 3010 5081 sacramenta
3028 5037 3129 5091 per
3147 5028 3501 5088 contemptum
3523 5017 3573 5065 et
3594 5002 3776 5060 illusum

2280 5110 2427 5175 fecit,
2456 5112 2831 5182 penitentiam
2867 5114 3098 5184 accipiat
3119 5104 3658 5184 dignamjet'.’pe£38‘"v

2280 5175 2574 5277 sentientes
2596 5214 2775 5260 autem
2800 5207 2871 5271 ei,
2887 5208 2931 5261 si
2954 5175 3045 5277 qui
3071 5175 3305 5271 tuen-Lm,
3325 5175 3563 5273 legal—ibus
3582 5175 3772 5286 et}???

2281 5272 2514 5354 siasticis
2533 5300 2752 5371 judiciis
2778 5271 3171 5370 supponantur.
3204 5271 3605 5358 Galen-itm.un
3624 5271 3769 5371 illm.”

2282 5392 2645 5460 subsequitur,
2669 5392 2794 5462 quia
2816 5392 3002 5447 eadem
3029 5391 3228 5447 femina
3253 5388 3526 5448 secundum
3545 5384 3650 5462 suas

2285 5491 2371 5537 tas
2424 5456 2815 5551 postulationes
2862 5483 3074 5552 publica
3122 5479 3444 5553 paenitentiae
3472 5456 3768 5553 εδιίθδθθίξξξῗθ

2282 5542 2563 5644 purganda
2613 5571 2831 5629 decreta
2863 5542 2990 5645 est,
3022 5573 3067 5628 si
3115 5542 3169 5627 in
3204 5542 3762 5645 judicio'lmli'

2285 5629 2678 5721 rationabiliter
2703 5673 2758 5718 et
2779 5640 2924 5735 juste
2960 5629 3088 5719 illud
3137 5629 3327 5726 evasit,
3364 5652 3540 5714 comite

2289 5754 2372 5808 vel
2402 5753 2747 5826 indulgentiae
2779 5716 2987 5823 'pielate
3010 5792 3025 5820 ,
3059 5753 3196 5808 |tene
3238 5755 3491 5815 utcunque
3525 5746 3574 5788 5°
3616 5716 3760 5791 MM"
