4026 6340
221 383 326 439 Cll

1152 369 1610 443 DEngVORTlO
1651 365 1984 424 LOTHARII
2020 366 2108 422 ET
2148 366 2572 447 TETBEBGE.

3399 372 3503 453 et:

224 503 306 559 ita
340 510 527 557 tamen
560 506 620 550 ut
658 501 846 551 contra
872 490 1185 562 Apostolum
1217 488 1432 545 licentia
1465 485 1819 556 separationis
1846 492 1895 548 Α
1922 492 2142 554 propter
2165 486 2405 556 pondera
2432 493 2777 557 peccatorum
2807 499 3029 542 suorum
3059 500 3220 569 manu
3252 502 3347 543 sua
3376 491 3511 557 subi

225 594 349 663 ejus
383 589 701 648 scandalum
760 603 867 641 non
918 586 1013 640 liat
1047 583 1296 646 infirmis,
1328 590 1384 635 et
1433 581 1611 635 virum
1659 592 1827 645 suum,

226 684 500 743 mmchari
531 699 638 737 non
669 680 868 735 faciat:
899 679 983 734 sin
1021 686 1223 740 autem,
1257 675 1446 729 audire
1477 688 1600 728 cum
1643 672 1819 726 fauto-

227 779 389 833 ribus
433 774 547 830 suis
586 771 813 843 apostoli
846 771 1011 845 verba
1038 768 1302 823 debuerat
1337 783 1350 819 :
1410 763 1593 818 Petitis
1622 774 1669 817 et
1714 780 1818 817 non

227 868 500 938 accipitis,
522 880 581 923 eo
613 864 751 935 quod
771 862 908 939 male
937 861 1136 930 petatis
1172 859 1315 929 (Jac.
1345 873 1421 920 tv,
1444 856 1534 927 3);
1561 856 1818 925 quoniam

227 950 357 1028 qua:
378 972 441 1011 se
467 956 606 1026 apud
635 968 817 1023 regem
841 962 897 1006 et
921 950 1130 1006 nobiles
1161 949 1326 1004 laicos
1354 955 1704 1015 accusaverat
1724 960 1820 1016 per

229 1050 585 1118 scripturam,
609 1046 769 1102 sicuti
801 1044 1096 1100 secundum
1126 1042 1272 1112 leges
1297 1040 1570 1095 Romanas
1590 1039 1820 1109 quisque

228 1146 463 1196 accusat
490 1137 651 1190 alium
691 1135 793 1189 sub
838 1133 1147 1189 conditione
1185 1130 1387 1186 eisdem
1433 1128 1637 1199 legibus
1682 1127 1821 1182 desi-

231 1243 426 1305 gnata,
446 1243 782 1305 consequens
809 1210 1152 1306 noulvidelur
1177 1234 1236 1277 ut
1256 1225 1324 1278 ab
1348 1224 1429 1277 his
1450 1222 1692 1291 legaliter
1710 1235 1819 1304 non

222 1325 497 1396 iudicata,
523 1321 605 1376 vel
633 1320 961 1391 indulgentia
980 1316 1307 1388 principalis
1336 1314 1616 1381 sententia:
1657 1313 1819 1369 abso-2

230 1417 378 1479 luta,
406 1416 472 1468 ab
515 1413 781 1483 episcopis
811 1412 1127 1481 paenitentia
1176 1411 1385 1479 publica
1437 1408 1679 1463 nntlctari
1730 1408 1822 1461 de-

232 1506 444 1569 buerit,
478 1520 597 1560 cum
630 1505 683 1557 iu
724 1503 929 1573 judicio
957 1503 1201 1572 legaliler
1223 1501 1482 1569 disposito
1510 1501 1672 1554 etiam
1699 1514 1821 1552 car-

233 1597 436 1652 nilices
457 1596 660 1662 absque
682 1594 890 1663 prolato
912 1593 1115 1662 judicio
1141 1607 1290 1647 reum
1319 1592 1385 1644 ad
1416 1598 1680 1645 tormenta
1714 1604 1819 1641 non

231 1687 582 1758 pertrahunt,
613 1700 712 1738 nec
754 1685 870 1739 sine
902 1684 1229 1751 indulgentia
1264 1681 1541 1750 principali
1591 1679 1823 1733 vinculis

211 1776 550 1846 colligatum
612 1774 912 1830 absolvant.
976 1774 1128 1840 Quod
1191 1772 1419 1840 denique
1474 1779 1592 1841 post
1646 1769 1818 1822 valida

1916 574 2184 655 scriptum.
2216 576 2423 653 synodo
2458 591 2631 634 sacrae
2680 577 2944 655 porrexit,
2983 576 3099 648 ipse
3129 575 3288 645 juxta
3330 578 3501 635 libelli

1915 652 2476 721 tenoremconfessus
2515 675 2681 721 testes
2717 652 2998 731 adhibuit,
3043 677 3100 722 et
3142 672 3220 723 sic
3257 654 3498 738 demum,

1916 756 2211 811 secundum
2247 756 2642 811 confessionem
2686 771 2840 812 suam
2882 740 3110 812 testibus
3150 770 3207 811 et
3235 759 3505 830 scriptura

1918 848 2230 912 subnixam,
2255 857 2314 901 ut
2332 847 2576 915 judicum
2601 848 2894 903 electorum
2912 843 3507 917 judicio'a-miuisterio

1918 939 2206 1010 episcopali
2240 939 2518 994 recederet
2544 942 2881 1019 ~sententiam
2922 944 3236 1013 synodalem
3271 924 3504 1015 accepit,

1921 1030 2076 1095 abiit,
2106 1039 2163 1085 et
2182 1031 2429 1086 recessit.
2462 1016 2799 1101 Quapropter
2821 1016 3063 1088 dicentes
3090 1035 3214 1089 talia
3247 1037 3410 1091 etiam
3434 1053 3504 1092 ex

1920 1130 2106 1175 nostra
2144 1120 2502 1175 insinuatione
2531 1131 2879 1191 cognosmut,
2909 1118 3052 1190 quod
3082 1108 3149 1177 de
3178 1124 3503 1181 Christiana:

1921 1211 2180 1265 doctrina:
2220 1228 2314 1265 usu
2354 1211 2605 1281 ignorare
2646 1228 2749 1265 non
2801 1223 3044 1281 possunt,
3076 1216 3327 1283 quoniam
3368 1217 3511 1273 sicut
3591 1244 3599 1252 ~

1918 1290 2059 1360 alius
2087 1306 2241 1368 ordo,
2285 1304 2356 1356 ita
2384 1316 2438 1358 et
2464 1305 2563 1357 alia
2590 1320 2749 1358 causa
2784 1315 2836 1357 et
2866 1305 2949 1358 lex
2990 1320 3166 1361 causa:
3215 1308 3311 1361 viri
3339 1319 3422 1363 est
3456 1317 3512 1364 et

1922 1398 2130 1464 uxoris,
2158 1404 2213 1449 et
2237 1394 2340 1471 alia
2372 1412 2474 1473 non
2500 1396 2669 1475 solum
2692 1398 2949 1474 ipisropi,
2979 1413 3164 1452 verum
3184 1401 3508 1470 presbyteri,

1927 1497 2085 1557 atque
2114 1487 2349 1541 diaconi.
2376 1476 2533 1552 Nam,
2554 1489 2780 1542 docente
2806 1488 3110 1558 evangelica
3136 1500 3192 1543 et
3213 1492 3507 1560 apostolica

1925 1562 2155 1653 veritate
2188 1598 2200 1632 :
2240 1579 2336 1632 Vir
2368 1562 2470 1633 non
2505 1580 2655 1634 habet
2686 1589 2990 1650 potestatem
3014 1582 3245 1650 corporis
3268 1583 3352 1635 sui
3371 1623 3387 1647 ,
3416 1598 3510 1637 seu

1924 1672 2132 1735 mulier,
2168 1682 2214 1725 et
2248 1672 2435 1725 mulier
2472 1687 2578 1725 non
2608 1670 2759 1724 habet
2793 1682 3097 1741 potestatem
3134 1673 3366 1741 corporis
3404 1674 3512 1737 sui,

1926 1763 2016 1816 sed
2041 1761 2195 1839 νῆν-»(1
2221 1761 2343 1813 Cor.
2373 1777 2445 1815 vn
2468 1801 2483 1824 ,
2510 1760 2588 1831 ιι).
2616 1760 2732 1826 Qua
2764 1768 3031 1841 potestate
3058 1761 3329 1828 corporis,
3367 1761 3511 1816 sicut

229 1870 625 1926 auctoritatum
660 1869 995 1930 testimonia,
1042 1869 1133 1922 sed
1176 1882 1363 1936 parum
1414 1878 1507 1921 aut
1551 1865 1683 1919 nihil
1733 1864 1822 1919 illa
1858 1854 1898 1910 Β
1927 1864 2176 1909 auctores
2198 1862 2505 1936 exponunt,
2522 1868 2649 1906 usus
2673 1851 2985 1919 genitalium
3016 1851 3368 1923 designatur,
3392 1852 3514 1923 qui-

232 1960 453 2031 quaede
483 1958 701 2028 praefata
731 1957 930 2012 femina
961 1966 1080 2011 acta
1123 1965 1253 2017 sunt
1285 1956 1684 2021 confit-mantia,
1717 1954 1826 2009 imo

235 2062 299 2110 et
320 2054 406 2115 his
433 2054 677 2122 quaedam
702 2052 994 2114 contraria,
1026 2051 1219 2104 ibidem
1248 2049 1596 2117 subsequitur
1630 2067 1642 2101 :
1682 2066 1703 2101 ι
1747 2047 1825 2100 De

214 2142 575 2212 :rege’autem
600 2152 807 2205 nostro,
833 2150 887 2195 et
912 2142 1034 2211 ejus
1061 2140 1233 2209 fragili
1257 2139 1562 2207 juventute,
1592 2148 1644 2195 et
1676 2138 1824 2193 Iahili

228 2234 657 2293 «incontinentia,
683 2249 750 2288 ne
790 2233 1001 2301 populis
1038 2247 1307 2302 regnoque
1334 2233 1498 2298 ipsius
1524 2230 1823 2301 perieulum

227 2324 463 2385 «inferat.
489 2326 695 2380 consuli
723 2327 897 2379 adhuc
920 2341 1108 2391 magna
1138 2326 1430 2380 necessitas
1460 2325 1704 2379 imminet
1734 2343 1746 2377 :
1770 2332 1827 2378 et

240 2416 366 2471 ideo
392 2428 734 2485 summopere
759 2416 1294 2487 ﬂagitamus,collegii
1323 2420 1481 2472 vestri
1513 2419 1661 2472 cousi
1688 2418 1740 2471 io
1770 2427 1825 2472 et

234 2506 456 2562 sincera
486 2506 862 2573 cooperatione
894 2523 990 2567 nos
1017 2508 1065 2560 in
1104 2507 1326 2561 Domino
1341 2525 1368 2561 a
1398 2507 1548 2563 vobis
1572 2507 1827 2562 velociter

244 2596 538 2659 consolari,
567 2606 727 2666 atque
748 2580 1065 2662 confortari,
1097 2619 1116 2649 ι
1149 2600 1377 2653 mirabili
1409 2601 1552 2653 dictu
1588 2601 1826 2667 pendens

234 2686 401 2741 nobis
429 2686 544 2739 visa
575 2697 656 2741 est
683 2688 885 2756 prolata
910 2690 1199 2751 su'utentia,
1228 2690 1482 2758 quoniam
1502 2706 1619 2757 quur
1651 2690 1826 2758 requi-

228 2786 405 2832 ratur
429 2778 623 2833 exinde
655 2778 951 2832 consolatio
976 2796 1078 2833 non
1110 2779 1506 2848 profcrtur,ncc
1532 2781 1672 2833 utule
1695 2795 1826 2833 cou-

230 2868 425 2926 silium
453 2869 569 2923 dari
595 2870 783 2923 debeat
806 2871 1223 2923 demonstratur.
1246 2870 1583 2939 Quapropter
1600 2886 1823 2937 expres-

232 2959 358 3015 sius
379 2958 697 3031 interrogati
727 2960 794 3013 ab
820 2962 960 3023 aliis,
994 2963 1038 3016 si
1079 2960 1383 3030 conjugium
1418 2964 1528 3029 haec
1559 2963 1827 3029 copulatio

234 3052 389 3108 inter
418 3051 671 3104 domuum
701 3065 880 3121 regem
911 3061 967 3106 et
990 3067 1133 3121 Stepe
1156 3052 1350 3105 dictam
1385 3050 1829 3122 feminam,579

230 3141 447 3209 fuerat.
470 3156 588 3210 quin
615 3142 736 3195 inde
756 3159 907 3197 sacra
940 3145 1262 3209 auctoritate
1290 3144 1514 3209 docente
1541 3146 1818 3199 sentimus.

240 3235 296 3287 in
326 3247 595 3300 processu
610 3234 788 3300 operis
819 3233 1188 3303 ostendemus.
1221 3232 1275 3286 Si
1306 3249 1434 3285 vero
1455 3231 1826 3287 concubinalis
1852 3203 1900 3266 Ο

241 3323 578 3386 commistio,
604 3323 685 3376 vel
705 3325 1014 3378 incestualis
1028 3324 1249 3393 pollutio
1275 3326 1506 3393 exstitit,
1529 3334 1584 3379 et
1605 3326 1823 3390 exinde,

230 3429 367 3483 quae
398 3414 451 3467 in
496 3414 664 3468 sacris
703 3416 908 3485 paginis
940 3417 1241 3469 invenimus
1267 3416 1514 3481 collecta,
1557 3425 1829 3471 monstra-

226 3503 448 3559 .bimus.
499 3505 719 3559 Interim
752 3516 932 3561 tamen
965 3507 1122 3574 lllljlls
1156 3507 1285 3560 torni
1332 3509 1655 3576 scriptorum
1706 3521 1827 3561 cum

243 3595 406 3648 venia
452 3609 878 3667 commonemus,
923 3599 1047 3667 quia
1092 3600 1259 3654 tutius
1304 3599 1479 3654 fuerat
1510 3608 1832 3670 exspectare

230 3698 417 3758 atque
446 3700 701 3760 expetere
749 3692 957 3763 collegii
990 3694 1258 3763 generalis
1304 3693 1590 3748 consilium
1630 3708 1697 3747 ex
1748 3692 1833 3747 his

236 3795 373 3850 quae
427 3780 494 3834 de
522 3781 777 3850 prtedicta
825 3782 1021 3836 femina
1072 3792 1221 3854 gesta
1266 3792 1412 3848 sunt,
1445 3794 1500 3838 et
1539 3785 1593 3837 in
1644 3783 1832 3837 eodem

246 3870 500 3934 consilio,
530 3873 671 3939 quod
703 3888 844 3927 nunc
874 3873 1169 3943 requiritur
1209 3874 1275 3928 de
1303 3874 1500 3928 domno
1537 3888 1660 3943 rege
1704 3888 1835 3927 con-

248 3961 432 4016 silium
470 3971 774 4032 caperetur,
808 3979 968 4033 quam
1006 3981 1170 4030 nunc,
1208 3972 1265 4017 ut
1294 3980 1359 4019 ex
1389 3964 1613 4034 antiquo
1662 3963 1836 4018 solent

226 4054 623 4126 proverbiales
652 4057 852 4121 dicere,
881 4066 1001 4128 post
1028 4065 1400 4125 tempestatem
1442 4056 1724 4110 buccinam
1755 4056 1835 4108 iu-

249 4158 475 4210 sonare,
502 4145 626 4214 quia
653 4147 911 4215 scriptum
940 4155 1028 4221 est
1059 4164 1072 4199 :
1108 4143 1384 4214 Palpebrae
1409 4157 1514 4198 ture
1534 4143 1834 4214 praecedant

247 4253 463 4307 gressus
486 4248 603 4292 tuos
630 4238 810 4308 (Prov.
833 4256 907 4303 tv,
938 4238 1060 4309 26);
1089 4246 1144 4293 et
1177 4256 1190 4291 :
1225 4236 1414 4291 Omnia
1441 4237 1528 4306 [ac
1564 4252 1682 4290 cum
1709 4252 1834 4290 con-

248 4326 397 4393 silio,
424 4337 474 4381 et
501 4337 615 4397 post
645 4329 844 4398 factum
869 4346 971 4383 nou
999 4328 1266 4398 paenitebit:
1290 4326 1479 4398 (Eccli.
1520 4340 1692 4391 xxxu,
1719 4324 1833 4395 24).

683 4440 1292 4534 INTERROGATIO
1334 4440 1392 4501 ιι

326 4555 405 4612 De
443 4572 509 4612 eo
546 4558 688 4627 quod
727 4559 881 4614 nobis
907 4548 1167 4629 scriptum
1203 4572 1284 4614 est
1324 4560 1587 4628 quosdam
1632 4559 1833 4620 dicere,
1868 4562 1915 4620 ι)

247 4646 513 4716 quoniam
565 4650 631 4701 ad
676 4649 847 4702 instar
897 4658 1121 4703 secreta:
1168 4648 1522 4703 confessionis
1565 4649 1834 4719 quondam

247 4738 458 4796 Ebouis
484 4740 744 4809 episcopi,
766 4740 832 4795 de
863 4742 1196 4809 argumentis
1227 4740 1387 4808 hujus
1411 4757 1590 4796 causa:
1620 4741 1837 4794 latentis

230 4845 328 4887 sex
356 4830 696 4888 confessione
722 4832 960 4904 praefata:
990 4832 1202 4887 feminae
1229 4832 1422 4887 debeat
1440 4831 1693 4901 iudicari.

840 4942 1245 5003 RESPONSIO.
1810 5002 1811 5007 η

326 5034 491 5092 Forte
519 5035 641 5091 laici
671 5044 727 5092 et
760 5036 1065 5106 huiusmodi
1100 5035 1348 5090 homines
1375 5034 1595 5099 dicunt,
1624 5032 1717 5103 qui
1754 5046 1841 5087 ec-

240 5124 591 5181 clesiaSticas
618 5127 762 5197 leges
785 5127 1057 5198 ignorant,
1085 5134 1140 5181 et
1166 5124 1456 5197 episc0pali
1480 5134 1607 5177 tunc
1635 5131 1841 5191 tempo-

239 5218 338 5272 ris
361 5233 468 5274 non
497 5219 790 5276 interfuere
810 5220 1035 5289 judicio,
1074 5221 1167 5276 sed
1201 5236 1322 5291 quae
1343 5229 1465 5275 acta
1494 5225 1621 5271 sunt
1652 5217 1839 5271 auditu

242 5311 556 5383 conjiciunt
581 5313 792 5368 vitioso.
822 5312 989 5368 Unde’
1006 5328 1136 5376 nos,
1169 5313 1261 5382 qui
1300 5312 1353 5365 in
1384 5310 1572 5365 eodem
1606 5307 1839 5363 concilio

256 5399 483 5467 fuimus,
510 5412 656 5457 certa
685 5403 895 5465 notitia,
921 5411 979 5457 et
1003 5417 1073 5457 ex
1096 5401 1299 5457 eisdem
1325 5400 1492 5471 gestis
1518 5397 1838 5469 episcopali-

256 5492 386 5558 bus,
426 5503 481 5548 et
522 5495 611 5549 illo
642 5496 757 5564 ipso
781 5495 983 5566 scripto
1010 5494 1154 5565 quod
1192 5493 1305 5547 Ebo
1337 5508 1494 5546 manu
1535 5507 1630 5545 sua
1659 5490 1843 5545 firma-

257 5591 378 5637 tum
402 5584 630 5639 concilio
652 5585 896 5655 protulit,
921 5585 1207 5640 ostendere
1227 5598 1533 5652 possumus,
1557 5583 1681 5651 quia
1708 5598 1844 5651 pra:-

260 5671 408 5729 fatus
440 5676 723 5748 episcopus
754 5678 807 5732 in
832 5678 1037 5749 synodo
1066 5684 1353 5732 accusatus
1372 5674 1583 5745 iudices
1604 5675 1702 5730 sibi
1733 5675 1842 5727 elc-

263 5765 374 5834 git,
421 5765 659 5823 libellum
696 5769 763 5824 dc
804 5770 1110 5826 secessione
1142 5784 1172 5823 a
1204 5767 1505 5823 ministerio
1549 5765 1841 5836 pontificali

1929 1946 2028 2000 bus
2063 1944 2209 1997 abuti
2242 1928 2629 2012 conjuges'non
2661 1940 2859 1995 debent
2899 1941 2964 1996 ad
3004 1939 3161 2005 alios,
3200 1941 3295 1996 sed
3322 1943 3400 1996 uti
3427 1943 3508 1998 eis

1927 2037 2241 2106 nuptialiter
2266 2037 2411 2089 inter
2433 2036 2658 2105 scipsos.
2682 2033 2957 2103 Alioquin,
2982 2033 3121 2087 sicut
3145 2044 3199 2087 et
3220 2034 3511 2104 Apostolus

1928 2128 1994 2182 de
2016 2142 2073 2180 se
2102 2127 2235 2180 dicit
2258 2125 2306 2195 (I
2333 2124 2455 2178 Cor.
2476 2125 2577 2195 ix),
2607 2124 2837 2209 quisque
2863 2124 3027 2176 Deum
3057 2122 3253 2177 timens
3275 2133 3514 2193 potesta-

1928 2231 2034 2297 tem
2062 2220 2224 2275 habet
2246 2220 2544 2290 castigandi
2575 2233 2771 2286 corpus
2801 2232 2957 2271 suum
2981 2257 2995 2279 ,
3023 2225 3074 2271 et
3101 2216 3351 2271 servituti
3381 2217 3512 2271 sub.

1920 2313 2164 2384 jiciendi,
2194 2323 2250 2371 et
2290 2313 2355 2366 ad
2394 2321 2620 2383 mortem
2644 2324 2814 2378 usque
2854 2324 2953 2378 pro
2986 2298 3204 2385 Christo
3247 2307 3514 2373 tradendi,

1925 2414 2089 2475 atque
2111 2405 2406 2459 scentulum
2434 2392 2775 2456 communem
2802 2417 2865 2463 ac
2888 2400 3090 2454 licitum
3122 2414 3275 2452 usum
3312 2408 3511 2475 caetera

1928 2498 2166 2551 membra
2211 2511 2305 2549 sua
2363 2496 2646 2560 movendi,
2699 2502 2755 2548 et
2804 2492 3048 2569 corporis
3104 2491 3269 2562 580
3314 2506 3515 2565 curam

1926 2590 2115 2658 agendi
2145 2588 2327 2641 habet.
2370 2586 2480 2641 Sub
2507 2601 2616 2654 quo
2643 2601 2805 2641 sensu
2831 2585 2971 2638 idem
3003 2583 3297 2654 Apostolus
3320 2580 3514 2655 sequi-

1927 2690 2015 2734 tur
2042 2698 2053 2733 :
2087 2680 2151 2733 Et
2181 2680 2397 2749 alligata
2433 2690 2506 2733 est
2537 2677 2727 2732 mulier
2754 2676 2863 2747 lege
2902 2677 2997 2729 viri
3024 2676 3259 2746 quandiu
3299 2676 3375 2728 vir
3401 2674 3515 2743 ejus

1925 2774 2111 2826 vixerit
2135 2787 2154 2823 :
2184 2784 2389 2823 mortuo
2404 2781 2577 2823 autem
2596 2771 2701 2822 viro
2731 2770 2903 2822 soluta
2923 2778 2996 2821 est
3021 2784 3055 2820 a
3077 2767 3186 2837 lege
3206 2768 3326 2828 viri,
3351 2770 3515 2820 nubat

1906 2867 2010 2920 ~cui
2035 2865 2173 2928 rull,
2217 2874 2419 2918 tantum
2453 2865 2507 2918 in
2547 2860 2849 2937 llamino_(1
2890 2859 3012 2914 Cor.
3042 2860 3287 2931 vtt,27).
3326 2860 3394 2915 Et
3432 2861 3518 2914 vir

1927 2977 2032 3016 non
2085 2968 2252 3029 potest
2305 2972 2528 3019 uxorem
2562 2971 2730 3019 suam
2774 2954 3405 3022 dimitterequacunque
3446 2952 3515 3006 de

1927 3069 2113 3114 causa,
2156 3060 2211 3105 ct
2250 3049 2390 3103 nulla
2423 3048 2524 3103 alia
2556 3047 2657 3101 nisi
2688 3046 2799 3100 sola
2835 3044 3212 3099 fornicationis
3234 3058 3431 3106 causa,
3458 3051 3516 3097 et

1928 3145 1973 3198 si
2009 3144 2275 3198 dimiserit
2304 3158 2456 3204 eam,
2492 3142 2703 3196 vivente
2747 3142 2834 3195 illa
2866 3148 2981 3196 non‘
3003 3148 3181 3210 potest
3221 3139 3383 3193 aliam
3416 3138 3515 3192 du-

1931 3253 2075 3300 cere,
2111 3252 2210 3292 nec
2251 3234 2340 3289 illa
2389 3251 2505 3289 γιΓο
2538 3251 2635 3289 suo
2663 3235 2873 3289 vivente
2920 3233 3091 3305 alteri
3122 3233 3344 3295 nubere,
3387 3229 3515 3299 quia

1933 3330 2191 3397 scriptum
2214 3338 2291 3383 est
2329 3346 2342 3380 :
2370 3326 2523 3392 Quod
2550 3326 2690 3379 Deus
2719 3325 2991 3395 conjunxit
3004 3326 3166 3378 altomo
3186 3340 3289 3377 non
3304 3329 3516 3392 separet

1934 3418 2145 3489 (Matth.
2173 3434 2239 3480 χ,
2273 3418 2349 3487 9).
2386 3419 2525 3473 Deus
2552 3414 3041 3484 enimcnnjuuxit,
3072 3430 3232 3468 unam
3269 3412 3518 3469 faciendo

1933 3522 2150 3563 carnem
2177 3509 2277 3562 viri
2307 3518 2363 3561 et
2390 3507 2626 3562 feminae.
2658 3505 2807 3561 Hane
2837 3507 3000 3560 homo
3026 3520 3131 3558 non
3156 3512 3334 3574 potest
3354 3516 3515 3571 sepa-

1933 3615 2072 3660 rare,
2104 3599 2208 3653 nisi
2231 3598 2377 3653 solus
2402 3597 2631 3652 forsitan
2657 3597 2818 3652 Deus.
2852 3595 3023 3651 llnmo
3043 3603 3275 3666 separat,
3299 3593 3516 3664 quando

1934 3697 2152 3758 propter
2191 3690 2519 3745 desiderium
2551 3689 2799 3745 secundae
2848 3689 3031 3743 uxoris
3058 3688 3289 3758 primam
3334 3687 3517 3742 dimit-

1922 3782 2000 3834 tit
2029 3798 2041 3832 :
2075 3780 2217 3833 Deus
2257 3788 2503 3848 separat,
2543 3780 2635 3848 qui
2673 3787 2728 3833 et
2770 3779 3147 3848 coniunxerat,
3189 3778 3408 3849 quando
3452 3793 3519 3833 ex

1935 3886 2199 3926 consensu
2222 3880 2446 3940 propter
2470 3871 2789 3925 servitutem
2819 3869 2934 3934 Dei,
2959 3886 3024 3926 eo
3046 3870 3189 3939 quod
3214 3879 3427 3940 tempus
3451 3870 3507 3924 in

1935 3970 2085 4016 arcto
2123 3963 2215 4026 sit,
2261 3963 2341 4017 sic
2379 3962 2550 4018 habet
2576 3979 2800 4020 uxorem
2834 3965 2986 4034 quasi
3018 3979 3124 4019 non
3158 3964 3384 4019 habens.
3420 3961 3521 4017 Se-

1930 4061 2090 4120 parat
2124 4061 2304 4108 autem
2338 4053 2512 4117 Deus,
2544 4069 2652 4108 non
2691 4068 2721 4106 a
2748 4053 2985 4108 maritali
3016 4061 3071 4109 et
3099 4067 3301 4108 uxorea
3331 4068 3525 4109 secun-

1934 4143 2062 4196 dum
2086 4141 2253 4196 Demu
2279 4143 2411 4199 inita
2434 4141 2836 4210 conjunctione,
2861 4142 2954 4197 sed
2974 4157 3009 4197 a
3029 4142 3524 4198 carnalicomuier-

1936 4232 2020 4286 cio
2045 4240 2099 4286 et
2119 4232 2305 4286 uxorci
2343 4249 2471 4289 usus
2487 4234 2885 4288 commistione.
2912 4232 3065 4300 Quod
3089 4234 3135 4287 si
3164 4232 3390 4288 sufferre
3414 4248 3523 4287 non

1930 4332 2184 4390 possunt,
2216 4337 2322 4376 non
2352 4338 2411 4378 se
2441 4324 2762 4379 fraudentur
2783 4325 2852 4378 ab
2878 4324 3126 4387 invicem,
3163 4323 3264 4378 nisi
3296 4322 3435 4378 forte
3453 4322 3524 4377 ad

1922 4419 2168 4481 tempus,
2201 4421 2258 4466 ut
2280 4423 2470 4493 vacent
2497 4415 2753 4480 orationi,
2783 4423 2838 4471 et
2867 4416 3061 4471 iterum
3090 4423 3436 4471 revertantur
3463 4413 3521 4468 in

1940 4504 2194 4573 idipsum,
2229 4513 2288 4559 ut
2317 4522 2421 4561 non
2449 4516 2725 4561 tentantur
2750 4523 2781 4561 a
2804 4507 3006 4562 Satana
3034 4517 3255 4578 propter
3280 4507 3518 4563 inconti-

1943 4596 2203 4650 nentiam.
2252 4596 2310 4651 ln
2356 4596 2512 4666 cujus
2551 4599 2905 4655 tentationem
2951 4600 3524 4670 per‘iucontinen‘tiam

1941 4686 2186 4755 quisquis
2214 4702 2402 4742 eorum
2440 4688 2794 4745 adulterando
2834 4690 3109 4756 inciderit,
3161 4692 3406 4749 antidoto
3430 4706 3523 4747 sa-

1943 4774 2113 4830 lubris
2132 4778 2466 4846 pmoiteutite
2492 4779 2791 4835 remediqu
2814 4780 3130 4850 paenitendi,
3157 4791 3212 4836 et
3239 4796 3334 4851 per
3353 4782 3527 4838 eccle-

1942 4864 2215 4920 siasticam
2246 4868 2622 4931 auctoritatem
2661 4870 2922 4939 consequi
2962 4872 3345 4941 perfectionem
3380 4872 3526 4929 vale-

1942 4957 2041 5013 bit.
2066 4956 2361 5027 Episcopos
2388 4967 2593 5025 autem,
2623 4959 2987 5031 presbyteros,
3014 4960 3097 5015 vel
3132 4961 3408 5024 diaconos,
3431 4962 3523 5033 qui

1947 5046 2160 5102 mortali
2186 5048 2417 5103 crimine
2446 5049 2684 5105 dixerint
2712 5064 2772 5105 se
2795 5066 2916 5106 esse
2947 5050 3202 5121 pollutos,
3225 5053 3523 5108 secundum

1948 5134 2288 5194 Valentinum
2314 5138 2590 5210 Synodum
2613 5148 2754 5212 (can.
2776 5141 2855 5212 4).
2887 5159 2916 5196 a
2944 5143 3272 5212 supradictis
3296 5143 3520 5198 ordina-

1922 5229 2186 5291 tionibus
2207 5229 2435 5301 legimus
2456 5232 2872 5295 submovendus,
2904 5248 3027 5288 reos
3063 5233 3272 5288 scilicet
3299 5233 3381 5289 vel
3410 5236 3524 5291 veri

1919 5386 1925 5391 _
1948 5318 2310 5387 confeSsioue,
2337 5321 2420 5377 vel
2452 5322 2740 5377 mendacio
2765 5324 3030 5378 falsitatis.
3054 5323 3242 5395 Neque
3261 5324 3404 5379 enim
3436 5327 3528 5382 ab-

1919 5414 2082 5471 .solvi
2122 5424 2299 5485 potest
2326 5415 2419 5483 qui
2457 5416 2511 5470 in
2551 5415 2787 5484 seipsum
2817 5417 3017 5471 dixerit
3057 5417 3246 5471 mortis
3283 5430 3524 5481 causam,

1948 5521 2068 5575 quae
2097 5506 2239 5560 dicta
2272 5506 2324 5559 in
2354 5505 2518 5559 alium
2560 5506 2869 5576 puniretur,
2915 5523 3038 5563 cum
3068 5508 3247 5562 omnis
3288 5506 3379 5576 qui
3422 5506 3527 5563 sibi

1948 5594 2113 5650 fuerit
2136 5596 2329 5649 mortis
2349 5610 2510 5649 causa
2545 5594 2717 5664 major
2756 5596 3026 5651 homicida
3058 5597 3149 5652 sit.
3177 5596 3349 5664 Quam
3382 5610 3528 5650 mor-

1952 5693 2058 5741 tem
2086 5694 2307 5740 sanctus
2326 5685 2660 5755 Augustinus
2692 5686 2744 5740 iu
2782 5688 3047 5741 sententia
3082 5684 3480 5742 Deuteronamii
3509 5703 3523 5737 :

1954 5776 2012 5832 Si
2043 5776 2389 5847 deprehensus
2424 5776 2581 5846 fuerit
2622 5778 2774 5832 homo
2804 5778 3091 5833 sollicitans
3128 5777 3344 5848 fratrem
3373 5791 3528 5831 suum
