4026 6340
605 386 713 442 ϐίδ

1580 380 1911 437 HINCMAB!
1952 379 2350 436 liliEME-NSIS
2388 379 2908 436 ARCIIIEPISCOPI
3729 384 3811 444 ω

594 504 661 557 de
680 501 805 571 ﬁliis
826 499 1017 563 Israel,
1046 511 1091 553 et
1121 500 1322 554 vendito
1344 514 1403 551 eo
1425 496 1683 565 accipiens
1703 495 1946 564 pretium,
1976 492 2177 561 interﬁ-
2204 501 2251 557 Α
2281 492 2599 556 sacerdotis,
2624 501 2678 544 et
2703 490 2805 544 alia
2829 504 2992 545 causa
3008 498 3091 544 est
3105 486 3296 559 plebis,
3327 490 3817 562 aliaquepastorisg

594 593 785 656 cietur,
817 603 864 647 et
890 591 1097 661 auferes
1120 589 1313 644 malum
1342 589 1407 643 de
1429 588 1597 641 medio
1619 588 1697 640 tui
1722 586 1899 656 (Deut.
1924 601 2075 649 XXIV,
2098 586 2178 655 7),

602 684 709 737 isto
739 683 900 738 modo
927 682 1147 751 exponit
1169 681 1353 734 dicens
1386 696 1399 732 :
1438 698 1457 730 ι
1491 678 1720 733 Assidue
1750 678 1853 731 hoc
1874 675 2005 731 dicit
2040 675 2181 731 Scri-

599 785 784 843 plura,
830 788 950 827 cum
976 772 1131 840 jubet
1162 771 1335 826 occidi
1372 770 1562 825 malos.
1604 770 1717 837 Qua
1756 770 2024 826 locutione
2052 786 2181 825 usus

598 878 682 920 est
712 867 875 919 etiam
905 864 1195 933 Apostolus
1213 878 1335 917 cum
1366 863 1568 917 diceret
1597 879 1611 915 :
1643 862 1782 926 Quid
1806 863 1943 915 enim
1969 861 2096 914 mihi
2117 862 2181 915 de

597 955 678 1007 Itis
698 954 788 1024 qui
811 954 940 1023 foris
961 964 1080 1007 sunt
1101 953 1386 1021 judicare?
1408 968 1575 1006 nonne
1595 952 1659 1005 de
1678 953 1759 1006 his
1783 953 1872 1022 qui
1894 953 2033 1006 intus
2059 962 2180 1007 sunt

595 1046 952 1115 eosjudicatis
971 1044 1219 1113 {auferte
1240 1042 1437 1096 malum
1466 1058 1530 1096 ex
1558 1043 1699 1097 vobis
1726 1044 1856 1109 ipsis
1885 1041 1938 1113 (I
1968 1040 2091 1095 Car.
2123 1057 2178 1106 v,

600 1137 734 1206 12,).
767 1137 844 1192 Ex
877 1151 985 1206 quo
1022 1144 1243 1206 apparet
1273 1151 1395 1189 eum
1416 1134 1652 1189 voluisse
1684 1134 1929 1204 intelligi,
1961 1135 2050 1203 qui
2084 1134 2182 1188 ali-

601 1230 734 1298 quid
764 1229 871 1285 tale
904 1229 1179 1284 commisit
1203 1236 1261 1282 ut
1285 1229 1841 1283 excommunicatione
1872 1230 2067 1299 dignus
2089 1230 2178 1284 sit.

598 1319 717 1376 lloc
755 1321 900 1374 enim
954 1335 1099 1375 nunc
1138 1320 1251 1391 agit
1296 1320 1348 1373 in
1387 1319 1624 1374 Ecclesia
1670 1320 2179 1387 cxcommunicatio,

598 1411 745 1479 quod
769 1409 963 1479 agebat
994 1418 1123 1464 tunc
1162 1410 1488 1465 interfectio.
1523 1410 1614 1466 Sic
1644 1420 1698 1465 et
1724 1412 1863 1480 quod
1890 1411 2031 1482 leges
2057 1413 2185 1466 civi-

600 1501 681 1557 les
719 1504 1020 1558 ministerio
1064 1502 1373 1571 reipublicae
1413 1512 1587 1557 morte
1621 1504 2004 1566 condemnant,
2037 1502 2183 1574 leges

592 1591 979 1662 ecclesiasticae
1031 1593 1429 1662 degradatiouis
1472 1593 1556 1647 vel
1605 1595 2183 1649 excommunicationis

597 1681 800 1753 judicio
822 1682 1070 1752 puniunt.
1099 1682 1155 1736 ln
1180 1682 1452 1737 Africanis
1481 1698 1697 1753 quoque
1717 1684 2015 1739 canonibus
2050 1684 2183 1754 legi-

602 1789 763 1830 mus:
790 1771 855 1827 Ut
882 1775 1172 1845 episcopus,
1196 1776 1286 1845 qui
1309 1793 1364 1829 se
1385 1774 1794 1830 communicasse
1820 1792 1922 1830 non
1948 1793 2183 1830 commu-

2284 582 2386 636 alia
2402 581 2599 651 gregis.
2625 580 2690 634 Et
2711 580 3005 635 secundum
3021 580 3403 636 auctoritatem
3428 583 3733 650 canonicam,
3753 588 3819 643 vir

2281 680 2337 725 et
2359 672 2570 734 mulier,
2601 673 2762 727 etiam
2794 687 2955 725 causa
2979 671 3355 727 fornicationis
3373 671 3611 742 sejuncti,
3638 687 3822 744 possunt

2283 774 2470 817 mutua
2502 764 2943 818 reconciliatione
2982 774 3103 834 post
3132 766 3511 835 ptenitentiam
3541 767 3591 820 in
3617 769 3821 842 coningio

2284 855 2529 927 rejuugi;
2558 857 2840 927 episcopus
2861 868 3067 922 autem,
3098 858 3179 912 vel
3210 858 3521 930 presbyter,
3544 862 3649 916 sive
3673 864 3822 921 diaco-

2284 964 2406 1013 nus,
2426 949 2571 1018 jnste
2594 959 2649 1004 et
2692 952 2986 1005 secundum
3016 951 3160 1021 leges
3186 952 3585 1007 ecclesiasticas
3609 955 3824 1022 degrada-

2285 1049 2392 1104 tus,
2422 1042 2487 1094 ad
2518 1041 2742 1112 gradum
2772 1058 2878 1097 non
2916 1042 3060 1097 valet
3081 1044 3261 1097 denuo
3293 1044 3556 1113 aspirare.
3585 1044 3728 1112 Legat
3752 1054 3823 1115 qui

2283 1131 2514 1186 voluerit
2540 1132 2716 1201 magni
2745 1131 2940 1187 Leonis
2969 1134 3247 1203 epistolas,
3280 1142 3337 1186 et
3377 1134 3587 1187 decueta
3607 1132 3823 1204 Gregorii,

2285 1224 2342 1278 in
2374 1223 2568 1292 quibus
2593 1224 2833 1277 inveniet
2856 1224 3193 1295 episcopum,
3221 1223 3309 1279 vel
3339 1224 3713 1294 presbyterum,
3732 1225 3820 1280 sive

2289 1312 2593 1377 diaconum,
2636 1322 2756 1383 post
2807 1316 3195 1383 depositiouem
3244 1315 3564 1369 canonicam
3591 1315 3651 1370 ad
3668 1316 3825 1385 gradus

2287 1406 2688 1463 ecclesiasticos
2739 1409 3066 1479 aSpirantem
3092 1410 3287 1464 exsilio
3336 1409 3619 1479 deportari,
3671 1409 3739 1464 vel
3781 1412 3821 1465 in

2288 1498 2620 1553 monasterio
2645 1500 2746 1554 sub
2766 1501 3080 1569 poenitentia
3104 1501 3303 1554 debere
3325 1501 3558 1555 detrudi.
3580 1500 3823 1567 Estetiam,

2288 1589 2414 1657 quia
2463 1589 2656 1643 mulier
2683 1590 2798 1644 viro
2826 1607 2932 1645 non
2985 1599 3160 1662 potest
3187 1591 3323 1644 dare
3355 1590 3590 1644 libellum
3635 1591 3819 1660 repudii,

2290 1691 2346 1737 et
2368 1682 2482 1736 viro
2511 1682 2720 1738 mulieri
2753 1684 2883 1738 dare
2915 1684 3149 1738 libellum
3183 1683 3423 1754 repudii,
3452 1682 3590 1753 quod
3637 1681 3822 1754 Moyses,

2293 1778 2477 1825 etnon
2509 1770 2674 1838 Deus,
2730 1773 3021 1844 Evangelia
3079 1783 3235 1839 teste,
3297 1773 3566 1842 permisit,
3616 1773 3821 1828 Dominus

601 1865 844 1920 nicaudis
881 1882 1038 1937 super
1067 1883 1121 1919 se
1150 1868 1396 1920 mentitus
1426 1867 1618 1936 fuerit,
1648 1868 2001 1936 episcOpatum
2026 1867 2186 1920 amit-
2217 1857 2264 1916 B
2291 1860 2407 1930 ipse
2435 1862 2731 1931 prohibuit.
2783 1864 2873 1923 Et,
2919 1863 3084 1918 Paulo
3128 1862 3382 1927 docente,
3412 1878 3535 1917 non.
3576 1871 3822 1917 atramento

596 1962 696 2008 tat.
754 1954 901 2009 Uxor
947 1963 1126 2009 autem
1196 1971 1226 2009 a
1297 1955 1414 2011 viro
1482 1955 1573 2010 tali
1645 1956 1878 2011 colludio
1944 1957 2187 2026 separari

602 2059 710 2099 non
760 2053 955 2115 potest.
1000 2044 1116 2101 Huc
1157 2046 1365 2101 accedit
1404 2046 1549 2116 quod
1605 2047 1852 2117 superius
1884 2047 2043 2116 paulo
2088 2063 2188 2117 po-

600 2134 844 2201 suimus,
910 2135 1226 2205 episcopus,
1277 2137 1580 2208 presbyter,
1624 2137 1709 2190 vel
1766 2136 2031 2192 diaconus
2094 2138 2189 2192 ab—

604 2224 740 2280 solvi
775 2241 882 2279 non
930 2235 1130 2296 potest,
1178 2227 1269 2296 qui
1301 2226 1354 2280 in
1389 2241 1449 2281 se
1482 2228 1671 2282 mortis
1711 2243 1931 2283 causam
1973 2228 2186 2291 dixerit,

601 2332 728 2387 qua:
789 2316 931 2372 dicta
998 2317 1051 2372 in
1115 2318 1280 2373 alium
1353 2318 1659 2388 puniretur.
1737 2317 2003 2385 Quoniam
2073 2318 2190 2372 bare

600 2425 767 2465 causa
825 2409 893 2464 ab
950 2410 1051 2465 hac
1097 2410 1381 2477 muliere,.
1415 2420 1474 2465 ut
1533 2409 1733 2477 fertur,
1790 2412 1842 2465 in
1907 2425 1965 2465 se
2021 2410 2190 2466 solam

600 2499 759 2572 581
790 2516 895 2556 non
921 2501 1137 2567 dicitur,
1187 2518 1307 2573 qua:
1335 2504 1502 2558 multo
1530 2503 1703 2574 magis
1733 2504 1787 2558 in
1818 2502 2043 2557 fratrem
2099 2518 2183 2556 re-

601 2591 795 2645 fertur.
825 2590 1053 2659 ldcirco,
1083 2606 1182 2663 pro
1211 2591 1302 2647 tali
1331 2592 1498 2658 dicto,
1526 2604 1818 2662 antequam
1848 2601 1905 2648 et
1940 2608 2039 2663 per
2066 2608 2188 2647 eum

600 2681 687 2736 vel
720 2681 961 2738 confessa
992 2682 1076 2737 vel
1098 2684 1344 2739 convicta
1390 2683 1658 2739 clarescat
1688 2684 1742 2738 in
1770 2699 1933 2754 quem
1965 2682 2192 2739 relative

602 2772 886 2838 relabitur,
934 2774 1173 2843 separari
1222 2789 1328 2830 non
1385 2784 1584 2845 potest.
1636 2775 1743 2831 Sed
1793 2784 1847 2830 et
1885 2775 2191 2847 episcopus,

599 2863 905 2937 presbyter,
932 2865 1019 2920 vel
1048 2867 1330 2933 diaconus,
1360 2883 1466 2922 non
1497 2869 1572 2923 ita
1600 2879 1659 2923 ut
1687 2869 1772 2923 vir
1800 2877 1855 2923 et
1878 2884 2034 2933 uxor,
2065 2868 2109 2922 si
2137 2868 2192 2922 in

606 2951 860 3023 laqueum
887 2962 941 3008 et
970 2955 1324 3009 tentationem
1356 2954 1554 3011 diaboli
1609 2956 1915 3021 inciderint,
1947 2970 2044 3025 per
2082 2971 2195 3009 ma-

606 3056 708 3095 nus
733 3042 1127 3113 impositionem
1159 3045 1455 3100 remedium
1514 3054 1743 3116 possunt
1779 3047 2026 3115 accipere
2075 3060 2192 3115 pa:-

605 3134 972 3190 nitendizsed
1029 3135 1171 3191 sicut
1221 3136 1331 3192 Leo
1392 3139 1584 3193 scribit
1618 3138 1789 3208 (epist.
1845 3136 1934 3201 95,
1964 3154 2082 3208 cap.
2112 3138 2190 3209 2),

2289 1953 2382 2007 sed
2427 1953 2620 2023 spiritu
2672 1954 2765 2008 Dei
2817 1954 2922 2008 vivi
2977 1954 3063 2009 lex
3116 1956 3171 2009 in
3197 1955 3460 2010 cordibus
3484 1955 3727 2025 iustarum
3760 1961 3821 2009 est

2289 2046 2514 2115 scripta,
2567 2046 2817 2116 sacrique
2870 2061 3124 2111 canones,
3156 2056 3216 2102 ut
3247 2048 3451 2102 docent
3506 2048 3742 2101 Damasus
3779 2059 3819 2100 et

2290 2133 2423 2199 Leo,
2454 2134 2641 2190 eodem
2672 2135 2875 2206 Spiritu
2906 2147 3094 2192 sancto
3124 2147 3253 2192 sunt
3279 2137 3505 2202 conditi,
3530 2137 3592 2190 de
3617 2137 3820 2205 quiescu-

2291 2235 2440 2296 ptum
2472 2236 2555 2281 est
2582 2241 2598 2281 :
2625 2225 2853 2295 Spiritus
2878 2226 3057 2284 Patris
3079 2230 3234 2284 vestri
3265 2232 3359 2301 qui
3385 2229 3614 2299 loquitur
3642 2230 3690 2281 in
3713 2228 3817 2281 vobis

2290 2313 2509 2384 (Matth.
2540 2332 2596 2379 x,
2618 2315 2746 2386 9.0);
2777 2326 2831 2371 et
2853 2336 2866 2371 :
2893 2316 2951 2373 Si
2976 2320 3092 2388 quis
3111 2319 3354 2389 spiritum
3377 2316 3537 2388 582
3561 2315 3728 2370 Christi
3742 2330 3819 2367 nos

2290 2405 2463 2470 liabet,
2496 2406 2581 2460 hic
2610 2424 2715 2461 non
2739 2419 2813 2462 est
2837 2410 2950 2479 ejus
2973 2408 3284 2481 (Βοηιῖνιιι,
3307 2409 3399 2480 9);
3426 2419 3482 2462 et
3506 2426 3519 2460 :
3547 2406 3742 2476 Spiritus
3762 2412 3815 2458 est

2292 2496 2456 2562 Deus,
2489 2508 2563 2563 et,
2620 2500 2708 2554 ubi
2750 2500 2855 2555 vult
2887 2502 3093 2570 spirat;
3141 2513 3214 2567 et,
3253 2501 3439 2555 diuidit
3483 2498 3686 2569 singulis
3703 2503 3816 2568 prout

2292 2597 2400 2650 uult
2431 2596 2482 2668 (I
2499 2595 2623 2651 Cor.
2651 2612 2753 2659 xu,
2784 2593 2894 2666 11).
2927 2594 3165 2662 Quorum
3214 2595 3539 2649 auctoritate
3579 2602 3812 2651 canonum,

2294 2688 2407 2742 sive
2426 2702 2525 2758 pro
2553 2686 2868 2741 infirmitate
2901 2687 3118 2751 animm,
3139 2676 3262 2741 sive
3295 2701 3397 2757 pro
3431 2682 3659 2754 corporis
3702 2679 3815 2749 agri-

2296 2781 2501 2845 tudiue,
2529 2780 2658 2834 dato
2707 2778 2889 2833 libello
2917 2793 3079 2832 manu
3110 2793 3206 2833 sua
3238 2778 3566 2847 subscripto,
3596 2774 3657 2827 ab
3680 2768 3815 2825 Eccle-

2296 2872 2396 2937 sia,
2421 2872 2504 2927 cui
2533 2871 2861 2942 praesederat
2899 2859 3202 2940 episcopus,
3234 2878 3297 2925 et
3322 2885 3354 2924 a
3379 2884 3477 2924 suo
3520 2881 3576 2921 se
3599 2869 3759 2934 potest,
3781 2857 3814 2912 si

2297 2964 2546 3029 voluerit,
2603 2978 2886 3020 removere
2933 2961 3128 3028 ollicio,
3162 2964 3312 3019 sicut
3359 2965 3546 3018 beatus
3586 2952 3813 3025 Gregorius

2299 3055 2352 3109 in
2382 3056 2496 3111 suis
2517 3055 2790 3111 multotics
2825 3054 3072 3125 designat
3115 3054 3388 3126 epistolis,
3432 3051 3586 3109 veluti
3611 3049 3669 3103 ad
3693 3044 3809 3100 tiari-

2300 3146 2520 3201 nianum
2558 3149 2865 3215 episcopum
2903 3146 3325 3214 Ravennatium,
3353 3153 3409 3201 et
3457 3144 3522 3198 ad
3566 3141 3734 3197 clerum
3766 3147 3811 3188 ac

606 3220 912 3291 huiusmodi
963 3223 1128 3295 lapsis
1168 3225 1237 3279 ad
1295 3226 1707 3295 promerendam
1764 3226 2189 3283 misericordiam

2295 3235 2502 3305 plebem
2525 3212 2965 3303 Ariminensium,
2999 3252 3204 3294 necnon
3234 3212 3317 3293 etv
3342 3239 3410 3294 ad
3434 3233 3708 3291 Anatolium
3725 3227 3811 3282 dia-

607 3310 705 3367 Dei
734 3313 938 3383 privata
971 3323 1054 3369 est
1100 3315 1398 3384 expetenda
1439 3317 1696 3381 secessio,
1722 3317 1813 3371 ubi
1851 3317 1957 3373 illis
1980 3318 2195 3373 satisfa-

606 3402 740 3466 ctio,
770 3405 815 3457 si
844 3403 1007 3459 fuerit
1051 3404 1233 3475 digna,
1266 3406 1338 3459 sit
1375 3405 1540 3460 etiam
1592 3405 1868 3462 fructuosa
1902 3425 1916 3460 :
1946 3423 2047 3463 nec
2075 3423 2194 3477 per-

607 3492 899 3549 fectionem
929 3496 998 3549 ad
1030 3496 1230 3566 gradus
1278 3494 1534 3551 redeundi
1585 3496 1982 3554 ecclesiasticos
2026 3500 2197 3570 νωιιί-

609 3586 771 3640 tendo
790 3587 1044 3655 consequi
1073 3586 1457 3656 praevalebunt,
1491 3588 1633 3643 sicut
1661 3589 1726 3643 de
1747 3590 1865 3644 viro
1879 3600 1933 3645 et
1968 3590 2191 3657 femina,

608 3674 655 3728 si
686 3674 1127 3741 adulteraverint,
1159 3679 1555 3733 communionis
1583 3679 1973 3749 perfectionem
2003 3697 2193 3737 conse-

607 3765 699 3833 qui
731 3773 1007 3835 poterunt,
1065 3769 1335 3824 scribente
1391 3769 1607 3827 Gelasio
1657 3773 1832 3844 (epist.
1866 3773 1920 3844 6)
1952 3791 1965 3828 :
1993 3773 2194 3844 Hujus-

607 3860 756 3914 modi
791 3860 978 3927 etiam,
1023 3863 1067 3918 si
1101 3862 1240 3919 forte
1292 3865 1683 3935 subrepserint,
1745 3876 1855 3922 tam
1925 3870 2017 3939 qui
2067 3880 2194 3927 ante

604 3951 971 4021 peccaverint,
997 3953 1240 4009 detectos
1266 3965 1518 4026 oportere
1545 3955 1761 4027 depelli,
1809 3975 1972 4029 quam
2025 3976 2194 4017 sacrae

604 4041 958 4114 professionis
1007 4046 1221 4108 oblitos.
1275 4049 1826 4121 prmvaricatoresque
1869 4054 2040 4108 sancti
2072 4070 2194 4123 pro-

604 4133 768 4204 positi
825 4135 1011 4204 procul
1074 4136 1239 4192 dubio
1292 4139 1709 4195 submovendas.
1769 4161 1788 4192 ι
1847 4141 1915 4197 Et
1966 4143 2193 4199 Siricius

602 4222 779 4294 (epist.
805 4225 831 4279 ί
859 4227 929 4280 ad
960 4225 1275 4299 Himerium)
1314 4247 1327 4281 :
1365 4248 1384 4280 ι
1425 4230 1553 4285 Illud
1576 4246 1790 4301 quoque
1831 4246 1932 4287 nos
1955 4248 2056 4303 par
2091 4232 2193 4288 fuit

603 4316 909 4384 providere,
935 4328 996 4372 ut
1025 4320 1169 4374 sicut
1215 4321 1589 4389 paenitentiam
1617 4337 1777 4391 agere
1799 4323 2053 4391 cuiquam
2083 4339 2190 4379 non

604 4411 922 4466 cOnceditur
973 4411 1323 4476 clericorum,
1354 4413 1425 4467 ita
1455 4422 1511 4468 et
1544 4422 1669 4483 post
1704 4415 2098 4483 paenitudinem
2129 4432 2193 4471 ac

605 4501 1102 4557 reconciliationem
1127 4501 1257 4557 nulli
1289 4518 1524 4572 unquam
1557 4504 1694 4559 laico
1723 4505 1886 4559 liceat
1928 4506 2189 4560 honorem

603 4590 896 4647 clericatus
917 4593 1143 4662 adipisci
1175 4611 1187 4648 :
1214 4596 1342 4665 quia
1395 4597 1642 4666 quamvis
1665 4598 1772 4652 sint
1795 4598 2035 4651 omnium
2063 4613 2190 4669 pec-

603 4690 850 4738 catorum
901 4687 1227 4754 contagione
1279 4688 1544 4753 mundati,
1584 4688 1727 4744 nulla
1776 4698 1956 4744 tamen
1996 4692 2195 4747 debent

605 4773 963 4844 gerendorum
996 4785 1463 4833 sacramentorum
1491 4778 1849 4833 instrumenta
1896 4782 2190 4851 suscipere,

603 4865 699 4936 qui
729 4867 927 4921 dudum
961 4867 1161 4924 fuerint
1192 4885 1319 4925 vasa
1365 4871 1637 4925 vitiorum.
1672 4893 1691 4924 ι
1729 4873 1795 4927 Et
1850 4874 1989 4927 sicut
2016 4876 2067 4928 in
2097 4874 2197 4928 ali-

605 4973 715 5028 qua
743 4962 989 5031 corporis
1040 4973 1195 5031 parte
1232 4963 1509 5033 praecisus,
1541 4973 1632 5017 ant
1661 4965 1872 5033 publice
1901 4966 2193 5035 paenitens,

610 5052 684 5106 ad
717 5053 1144 5109 ecclesiasticum
1172 5055 1394 5125 gradum
1426 5057 1686 5123 canonice
1708 5072 1813 5111 non
1836 5065 2012 5128 potest
2034 5072 2191 5113 acce-

607 5142 759 5207 dere,
798 5144 883 5199 vel
910 5145 962 5199 in
993 5144 1369 5200 ecclesiastico
1391 5147 1560 5216 gradu
1585 5162 1806 5203 manere
1840 5165 1852 5202 :
1883 5149 1956 5203 ita
1986 5164 2087 5204 nec
2116 5147 2194 5203 di-

610 5249 824 5301 camus,
848 5239 938 5307 qui
966 5247 1092 5292 ante
1128 5238 1451 5308 baptismum
1483 5239 1565 5293 vel
1596 5249 1715 5309 post
1741 5241 2064 5309 baptismum
2112 5239 2195 5293 in-

612 5333 811 5379 ventus
856 5324 1045 5391 fuerit,
1096 5327 1449 5382 ecclesiastici
1511 5329 1711 5398 gradus
1752 5344 1975 5383 munere
2019 5338 2195 5399 potest

608 5415 833 5486 perfrui,
850 5431 1003 5471 sacra
1017 5418 1337 5473 auctoritate
1350 5419 1572 5474 docente
1589 5434 1603 5473 :
1621 5435 1742 5474 cum
1755 5419 1941 5473 eadem
1962 5420 2196 5474 auctori-

612 5517 699 5565 tas
736 5511 1014 5579 praecisos,
1035 5510 1118 5565 vel
1142 5512 1354 5581 publice
1383 5512 1436 5567 in
1463 5514 1823 5568 adolescentia
1846 5515 2190 5583 pmnitentcs,

621 5598 739 5652 sive
774 5600 990 5670 nuptias
1005 5601 1256 5670 digamix
1298 5602 1351 5656 in
1371 5602 1546 5659 laicali
1587 5604 1776 5658 ordine
1820 5619 1926 5658 non
1954 5602 2147 5657 refutet
2179 5622 2190 5655 :

615 5690 870 5758 quoniam
885 5693 1028 5748 sicut
1046 5693 1190 5748 aliud
1213 5694 1445 5750 cilicium
1470 5698 1685 5766 capitis,
1715 5705 1771 5751 et
1794 5697 1935 5751 aliud
1965 5698 2191 5752 membri

622 5777 846 5835 alterius
860 5796 958 5852 pro
976 5784 1290 5841 diversitate
1304 5794 1386 5840 est
1411 5788 1759 5858 corpuris,ita
1792 5788 1891 5843 alia
1926 5787 2085 5843 causa
2112 5800 2192 5844 est

2295 3341 2511 3390 conum,
2542 3336 2597 3383 et
2621 3329 2687 3382 ad
2711 3327 3018 3384 Etherium
3070 3330 3412 3400 episcopum,
3459 3336 3609 3396 atque
3631 3322 3687 3376 ad
3709 3318 3808 3372 Bru-

2295 3417 2584 3474 nicbildem
2615 3419 2890 3488 reginam;
2933 3421 3027 3476 sed
3057 3430 3113 3475 et
3150 3421 3204 3475 in
3235 3419 3532 3476 Gallicanis
3578 3409 3810 3472 canonibus

2296 3508 2363 3562 de
2422 3507 2667 3564 Potamio
2727 3508 3046 3566 Bracarensi
3126 3511 3533 3582 archiepiscopo
3596 3500 3812 3557 evidan

2296 3601 2628 3670 agnoscitur.
2677 3600 2793 3656 Non
2834 3613 3013 3657 autem
3070 3602 3325 3674 legimus,
3364 3611 3421 3656 ut
3447 3598 3649 3659 femina,
3674 3587 3807 3645 libello

2296 3686 2548 3759 Synodali
2571 3702 2819 3761 porrecto
2848 3694 3157 3758 conventui,
3190 3697 3358 3748 a'suo
3404 3691 3587 3747 debeat
3632 3679 3807 3747 coniugi3

2294 3784 2555 3851 separari,
2605 3793 2700 3839 aut
2747 3785 2864 3841 sine
2894 3787 3112 3856 publico
3159 3785 3566 3844 examinationis
3604 3775 3806 3849 judicio:

2294 3873 2560 3945 conjugali
2590 3876 2762 3930 valeat
2785 3877 2916 3949 jugo
2940 3878 3191 3950 disjungi.
3221 3878 3379 3951 Saepe
3401 3878 3536 3933 enim
3555 3886 3662 3928 cum
3682 3861 3808 3921 ωειςί-

2293 3978 2379 4018 ma
2433 3966 2843 4036 importunitate
2892 3968 3145 4024 mulieres
3191 3970 3432 4039 patimur
3493 3962 3799 4019 reclamantesi

2292 4072 2413 4126 quae
2434 4073 2555 4114 cum
2587 4069 2948 4125 sacramento,
2976 4069 3181 4130 quanto
3210 4062 3386 4134 magis
3406 4071 3522 4114 cum
3538 4049 3693 4108 libello
3715 4054 3804 4134 99"

2293 4160 2461 4213 recto,
2492 4147 2759 4204 allirmare
2807 4160 3095 4216 conantur,
3138 4152 3392 4220 quoniam
3434 4145 3528 4201 viri
3553 4140 3632 4211 qui
3658 4128 3802 4220 ea“?

2293 4238 2484 4310 galiter
2510 4245 2861 4307 susceperunt
2894 4237 2999 4292 illis
3027 4215 3133 4294 non
3154 4215 3383 4309 possunt
3408 4229 3696 4292 concubitus
3710 4215 3799 4274 red-

2293 4331 2420 4385 dere
2447 4329 2709 4393 debitum,
2730 4336 2785 4383 et
2806 4328 2940 4383 alias
2965 4327 3291 4400 multiplices
3333 4330 3638 4399 imposturas
3677 4318 3801 4380 ορρο·

2292 4431 2447 4477 nunt.
2487 4420 2566 4477 illi
2598 4435 2727 4475 vero
2779 4429 3004 4476 econtra
3028 4436 3125 4476 eas
3161 4421 3380 4476 mentiri
3436 4415 3674 4470 asserunt,
3699 4401 3801 4501 siin

2295 4513 2347 4567 in
2378 4511 2562 4565 multis
2589 4511 2667 4565 rei
2704 4510 3023 4580 comprobat
3050 4512 3251 4566 exitus.
3282 4509 3389 4566 Sed
3415 4519 3468 4564 et
3492 4501 3583 4558 viri
3604 4490 3801 4551 uxoribus

2294 4603 2469 4674 plura,
2493 4618 2613 4672 qua:
2641 4603 2729 4658 hic
2757 4602 2996 4658 inserere
3030 4602 3398 4674 turpissimum
3428 4597 3506 4653 vel
3541 4582 3798 4674 superﬂuum

2294 4669 2562 4760 ducimus,
2592 4694 2767 4749 solent
2793 4695 3064 4764 objicere;
3114 4669 3312 4764 quibus
3341 4693 3384 4749 si
3415 4687 3608 4745 facilem
3649 4669 3800 4764 prie”?

2294 4801 2476 4842 remus
2503 4800 2806 4850 assensum,
2829 4787 3108 4839 innumera
3141 4792 3506 4856 separatorum
3534 4770 3666 4827 turba
3684 4764 3796 4856 iuste

2298 4875 2394 4928 tuti
2417 4891 2445 4927 a
2474 4874 2699 4928 Domino
2728 4874 2960 4945 conjugii
3006 4854 3423 4945 lcgaliavfwdera
3461 4862 3689 4945 violaret,
3704 4854 3796 4941 qm.‘

2294 4963 2341 5019 si
2380 4980 2702 5034 quocunque
2729 4973 2789 5018 ut
2815 4941 3012 5020 vellent
3034 4941 3209 5027 modo,
3240 4964 3339 5018 viri
3362 4969 3450 5016 aut
3473 4951 3658 5010 femina:
3678 4941 3794 5034 llsf“

2296 5027 2508 5111 vientes
2532 5072 2561 5110 a
2583 5057 2712 5128 jngo
2740 5056 2972 5127 conjugii
2999 5057 3237 5125 separari
3267 5059 3498 5126 possent,
3530 5053 3583 5099 ut
3607 5043 3684 5092 aut
3706 5027 3793 5131 2‘”?

2298 5120 2978 5220 connubiis-jtingereutur,
3006 5157 3099 5204 aut
3154 5149 3366 5203 furtivis
3418 5120 3789 5225 mmehatzonibuf

2298 5237 2686 5305 polluerentur,
2710 5239 3065 5296 libentissime
3094 5256 3151 5297 se
3175 5251 3358 5296 mutuo
3383 5214 3790 5305 separarent,sicut

2301 5304 2354 5385 in
2378 5330 2790 5386 adulescentulis
2818 5333 2991 5388 viduis
3036 5334 3393 5403 pervidemus,
3418 5304 3526 5398 ᾁυω
3564 5318 3663 5410 ide?

2303 5423 2691 5479 absolutionem
2716 5426 2953 5481 virorum
2980 5427 3223 5482 velamen
3287 5437 3488 5483 sacrum
3536 5398 3784 5470 susciPi‘m“

2301 5522 2360 5567 ut
2387 5514 2635 5571 licentius
2690 5515 2929 5586 pluribus
2978 5519 3291 5573 abutantur.
3343 5514 3443 5572 Sed
3485 5516 3535 5563 et
3580 5488 3782 5589 iitwtilll'"

2300 5607 2401 5661 viri
2424 5622 2453 5661 a
2478 5585 2716 5678 legitimo
2748 5624 2807 5663 se
2832 5609 3165 5679 suspendunt
3213 5606 3469 5681 coniugio,
3495 5604 3567 5687 ll“

2305 5714 2420 5752 rum
2448 5700 2758 5769 complexus
2780 5707 3040 5769 usurpent
3073 5702 3502 5755 concubinarum.
3536 5682 3643 5749 Qus

2304 5801 2358 5843 tu
2390 5800 2575 5847 sancto
2601 5792 2922 5862 przevidens,
2952 5800 3007 5846 et
3040 5808 3234 5848 cavere
3256 5792 3464 5847 dorcas,
3496 5780 3613 5833 inter
3635 5763 3775 5816 om”
