4026 6340
197 365 301 423 M5

1154 365 1241 420 DE
1280 362 1603 420 DIVORTIO
1645 358 1972 415 LOTllAl‘lll
2014 359 2099 414 ΕΤ
2143 360 2562 419 ΤΕΤΒΕΒΟΑΕ.

3362 375 3468 428 6w

194 485 261 539 de
286 481 599 552 hujusmodi
631 481 853 551 loquens
874 481 1161 551 Apostolus
1191 480 1353 535 dicit:
1385 476 1511 532 Volo
1547 476 1788 547 juniores
1816 477 1863 533 Α
1892 485 2124 539 possem,
2157 474 2387 544 aliquem
2443 477 2882 548 coepiscoporum
2905 491 3231 549 nostrorum,
3264 487 3355 555 qui
3381 503 3471 543 eo-

193 575 383 630 eiduas
434 574 646 639 nubere,
692 574 833 644 ﬁlios
879 589 1171 644 procreare,
1198 583 1389 626 matres
1415 570 1645 640 familias
1672 584 1783 623 esse

196 666 249 736 (-I
281 665 422 719 Tim.
451 682 505 731 v,
532 666 643 735 14).
696 666 850 722 Unde
904 665 1216 721 cautissime
1253 680 1318 720 ac
1364 662 1782 734 prudentissime

194 758 546 814 auctoritatis
596 757 975 813 ecclesiasticae
1019 755 1368 827 disciplinalis
1416 755 1647 825 providit
1672 754 1783 807 dis-

194 852 397 910 cretio.
436 858 496 904 ut
520 850 589 905 ab
616 848 792 905 officio
821 849 962 905 sacri
989 848 1297 912 ministerii,
1330 845 1663 904 conscientia
1698 853 1780 899 te-

194 941 515 996 stimonium
545 940 883 1010 perliihente,
905 941 1006 994 viri
1037 938 1389 995 ecclesiastici
1416 953 1474 992 se
1501 950 1781 991 removere

192 1040 252 1085 et
267 1031 450 1101 dignis
475 1029 807 1100 poenitentia)
828 1028 1097 1085 fructibus
1116 1029 1328 1097 possint
1354 1028 1625 1090 insistere,
1651 1026 1778 1097 quia

193 1123 252 1177 in
282 1123 390 1177 hoc
442 1121 657 1193 negotio
698 1121 897 1176 nullius
917 1120 1205 1190 voluptatis
1257 1127 1420 1190 atque
1469 1117 1780 1173 calliditatis

188 1223 380 1284 potest
401 1213 731 1268 intervenire
757 1212 994 1277 occasio,
1026 1212 1121 1268 sed
1148 1210 1314 1266 solius
1348 1208 1670 1265 humilitatis
1698 1216 1779 1262 at-

189 1323 305 1379 que
332 1306 527 1363 salutis
551 1307 785 1362 devotio.
819 1306 915 1362 Vir
937 1314 1117 1360 autem
1153 1313 1209 1360 et
1257 1303 1472 1367 mulier,
1520 1300 1777 1372 quoniam

186 1402 524 1457 auctoritate
551 1415 706 1455 sacra
730 1399 961 1465 dicente,
978 1398 1095 1469 jam
1122 1414 1225 1453 non
1248 1400 1368 1452 sunt
1399 1396 1528 1461 duo,
1558 1397 1649 1449 sed
1672 1410 1778 1448 una

186 1507 344 1556 caro,
402 1500 611 1546 secreta
664 1490 1022 1553 confessione,
1058 1488 1146 1545 vel
1193 1497 1444 1560 porrecto
1472 1487 1778 1548 libello,se-

187 1583 383 1654 parari
408 1598 515 1637 non
543 1591 790 1653 possunt,
819 1582 960 1637 sicut
984 1581 1246 1651 scriptum
1286 1588 1374 1636 est
1399 1599 1413 1633 :
1443 1578 1596 1645 Quod
1635 1578 1776 1632 Deus

189 1674 475 1744 conjunxit
519 1675 672 1729 homo
707 1691 811 1729 non
838 1683 1045 1745 separet
1070 1667 1283 1742 (Matth.
1318 1689 1375 1738 x,
1399 1672 1476 1742 9),
1508 1688 1609 1728 nec
1644 1687 1779 1741 quo-

188 1781 414 1836 cunque
436 1766 544 1820 alio
564 1767 740 1831 modo,
757 1766 863 1821 nisi
892 1765 1179 1822 manifesta
1206 1765 1578 1820 fornicationis
1591 1778 1774 1819 causa.

1886 577 2004 616 rum
2031 566 2353 621 tractatibus
2399 568 2708 634 interesset,
2751 571 3065 642 dirigerent.
3122 573 3276 632 Unde
3325 579 3467 634 inter

1884 650 1988 705 alia
2025 652 2452 722 colloquentibus
2477 657 2650 722 nobis,
2678 667 2735 713 et
2759 661 2922 714 etiam
2964 662 3031 716 de
3058 663 3162 728 his,
3194 680 3315 734 qua:
3346 667 3465 723 vul-

1884 750 2042 817 gante
2080 741 2219 797 fama
2258 759 2355 813 per
2377 745 2665 814 laicorum,
2697 766 2804 804 non
2834 751 3007 807 solum
3059 756 3343 824 nobilium,
3374 773 3466 814 ve-

1882 850 2002 890 rum
2031 844 2085 890 et
2105 837 2434 906 plebeiorum
2463 855 2560 895 ora
2590 843 2865 898 audieram
2906 848 3061 901 uxori
3101 850 3282 905 domni
3322 853 3467 922 regis

1880 925 2124 984 Lotharii
2179 931 2439 1000 reputari,
2495 940 2555 988 ut
2599 934 2645 989 si
2676 933 2814 991 forte
2858 938 3083 1006 proinde
3112 956 3197 995 me
3221 944 3468 1014 etjussio

1880 1020 2192 1090 principalis
2216 1032 2271 1077 et
2295 1024 2510 1079 vocatio
2557 1028 2910 1083 sacerdotalis
2938 1031 3007 1084 ad
3032 1043 3354 1089 conventum
3386 1035 3468 1091 ire

1872 1107 2087 1178 juberet
2111 1111 2275 1167 tutius
2296 1122 2351 1168 et
2380 1115 2752 1172 rationabilius
2782 1126 2948 1185 esset,
2975 1129 3032 1174 ut
3054 1122 3121 1175 ad
3152 1124 3463 1192 generalem

1880 1202 2140 1272 synodum
2171 1194 2449 1258 ventilatio
2471 1214 2526 1261 et
2545 1204 2792 1262 diflinitio
2821 1207 3051 1278 hujusce
3083 1213 3185 1276 rei,
3210 1229 3331 1283 qua:
3355 1228 3456 1271 no-

1877 1291 2044 1346 vitate
2069 1308 2162 1348 sua
2204 1294 2535 1352 audientium
2560 1312 2742 1362 aures,
2774 1309 2868 1352 aut
2916 1316 3054 1371 pene
3094 1302 3313 1367 tinnire,
3365 1312 3458 1358 aut

1878 1382 2009 1437 facit
2050 1385 2262 1454 penitus
2304 1388 2608 1454 continere,
2634 1404 2699 1444 ex
2736 1390 2947 1462 integro
2975 1392 3303 1460 differretur,
3339 1396 3468 1465 quia

1880 1489 1981 1529 nec
2005 1490 2105 1546 ego
2133 1476 2214 1531 ire
2250 1476 2563 1535 infirmitate
2587 1481 2832 1551 corporis
2853 1484 3200 1553 praepeditus,
3220 1502 3319 1541 nec
3340 1501 3468 1541 coe-

1878 1567 2157 1638 piscopum
2186 1569 2484 1626 dimceseos
2513 1581 2713 1627 nostra:
2758 1574 2875 1628 sine
2930 1591 3196 1631 consensu
3252 1577 3470 1647 provin-

1879 1658 2030 1713 cialis
2074 1668 2373 1715 conventus
2426 1662 2657 1717 valerem
2716 1664 2973 1735 dirigere,
3008 1682 3109 1721 nec
3129 1683 3315 1733 causa,
3344 1684 3466 1739 qua:

1881 1750 1959 1805 sic
1981 1750 2306 1819 generaliter
2322 1752 2389 1806 ad
2418 1768 2607 1807 omnes
2630 1755 2888 1824 pertinet,
2919 1773 3040 1812 cum
3064 1773 3237 1828 pauco
3261 1758 3466 1827 episco-

187 1856 265 1911 Et
286 1858 525 1926 separati
557 1866 650 1912 aut
674 1858 749 1912 ita
777 1865 1056 1921 maneant,
1087 1865 1182 1912 aut
1209 1865 1396 1910 mutuo
1433 1855 1779 1910 reconcilien-

1885 1854 2075 1910 porum
2122 1850 2346 1897 numero
2397 1844 2614 1898 difIiniri
2667 1846 2913 1903 deberet.
2965 1827 3203 1901 Instante
3279 1857 3462 1903 autem

186 1960 306 2004 tur.
338 1948 526 2020 Neque
556 1950 627 2004 ita
674 1958 901 2020 possunt
939 1949 1194 2020 disjungi,
1224 1956 1285 2001 ut
1328 1962 1454 2017 pars
1480 1946 1641 2001 unius
1665 1960 1786 2001 cor-

187 2041 348 2110 poris
373 2041 425 2095 in
451 2041 569 2095 viro
594 2040 681 2095 vel
704 2039 907 2095 femina
934 2039 1138 2094 serviat
1179 2035 1549 2101 continentiae,
1575 2046 1629 2090 et
1658 2049 1784 2104 pars

186 2133 254 2188 in
276 2133 572 2204 poHutione
596 2141 894 2189 remaneat.
926 2132 1160 2188 Possunt
1186 2140 1365 2185 autem
1396 2144 1461 2183 ex
1510 2127 1781 2182 communi

184 2237 466 2278 consensu
494 2223 665 2293 magis
695 2219 966 2291 conjuncti
995 2222 1064 2275 ab
1088 2234 1249 2289 opere
1272 2233 1473 2275 uxoreo
1491 2217 1696 2284 feriari,
1722 2225 1782 2271 ut

183 2319 457 2382 perpetuo
478 2326 664 2366 amore
696 2311 1047 2369 continentiae
1078 2311 1188 2365 Deo
1211 2316 1425 2364 vacent.

478 2422 638 2498 533
679 2417 1283 2479 INTERROGATIO
1346 2417 1459 2479 ιιι.

260 2537 344 2593 De
370 2552 441 2592 eo
468 2546 647 2593 autem
696 2538 839 2608 quod
872 2538 1131 2608 scriptum
1156 2544 1240 2592 est
1272 2555 1287 2591 :
1324 2555 1342 2588 ι
1377 2536 1484 2592 Sed
1512 2544 1568 2592 et
1592 2539 1658 2592 de
1684 2551 1779 2592 ve-

187 2630 422 2686 nerabili
452 2631 781 2687 Rhemorum
811 2631 1218 2702 archiepiscopo
1244 2632 1400 2686 nobis
1431 2640 1516 2684 est
1552 2630 1775 2695 dictum,

187 2725 452 2792 quoniam
478 2724 572 2778 tali
603 2723 745 2780 facto
777 2721 1102 2789 consentiat,
1131 2733 1186 2778 et
1210 2739 1308 2795 per
1329 2723 1630 2793 episcopos,
1654 2721 1779 2776 We-

188 2816 432 2871 nilonem
460 2815 670 2870 scilicet
695 2814 1184 2886 Rotbomagensem
1226 2813 1689 2883 archiepiscopum
1724 2819 1778 2867 et

187 2904 561 2976 ﬂildegarinm
583 2909 917 2978 episcopum,
933 2905 1100 2962 verbo
1126 2907 1273 2962 vices
1295 2922 1423 2961 suas
1453 2905 1773 2974 impleverit,

188 3006 247 3051 et
270 2996 731 3067 perAdventium,
751 2998 843 3069 qui
872 3014 995 3054 cum
1025 3014 1090 3055 eo
1106 2998 1331 3053 Rhemis
1358 3012 1457 3067 pro
1485 2998 1586 3052 hac
1612 3008 1776 3052 causa

188 3088 408 3145 locutus
438 3088 635 3157 fuerat,
689 3091 899 3147 litteras
927 3100 1226 3147 conSensus
1271 3090 1355 3146 sui
1410 3090 1476 3145 ad
1518 3089 1774 3159 placitum

191 3180 359 3252 regis,
390 3190 448 3235 et
474 3179 541 3234 ad
565 3191 883 3237 conventum
914 3181 1273 3252 episcopalem
1302 3181 1582 3245 direxerit,
1605 3188 1660 3234 et
1681 3193 1779 3248 per
1806 3171 1850 3234 C

192 3271 445 3325 eumdem
473 3270 796 3326 Adventium
847 3270 1057 3327 litteras
1094 3288 1219 3328 suas
1248 3272 1441 3326 exinde
1470 3271 1538 3325 ad
1567 3280 1783 3341 aposto-

192 3360 353 3417 licam
406 3363 587 3417 sedem
647 3363 1026 3428 transmiserit,
1061 3383 1080 3415 ι
1124 3364 1263 3418 ratio
1288 3363 1440 3418 reddi
1492 3363 1673 3418 debet.
1716 3362 1777 3418 Si

191 3455 339 3509 enim
356 3453 551 3509 Pastor
578 3454 835 3509 Ecclesiae
862 3464 918 3509 et
953 3455 1321 3524 apostolorum
1368 3454 1599 3525 primus,
1625 3455 1779 3525 signa

186 3555 245 3600 et
282 3545 544 3600 miracula
570 3546 915 3616 singulariter
934 3546 1161 3612 faciens,
1189 3563 1296 3602 non
1338 3547 1657 3618 dedignatus
1693 3556 1778 3602 est

189 3639 244 3693 in
274 3654 440 3693 causa
464 3640 920 3709 reprehensionis,
950 3656 1048 3696 cur
1069 3639 1135 3694 ad
1161 3639 1389 3711 gentiles
1420 3640 1699 3705 intrasset,
1722 3648 1779 3695 et

184 3729 518 3785 comedisset
539 3744 660 3784 cum
686 3731 788 3796 eis,
813 3746 911 3786 cur
933 3746 1028 3787 eos
1050 3732 1102 3786 in
1143 3732 1408 3802 baptisma
1463 3733 1774 3802 recepisset,

186 3822 334 3877 sicut
384 3820 438 3876 in
492 3822 851 3891 apostolorum
898 3822 1123 3878 Actibus
1150 3823 1378 3894 legimus
1410 3822 1563 3891 (Act.
1588 3840 1668 3889 χι,
1693 3824 1774 3897 4),

186 3912 456 3966 rationem
485 3912 759 3969 humiliter
785 3914 1031 3979 reddere,
1053 3922 1257 3985 quanto
1307 3914 1481 3984 magis
1527 3930 1627 3969 nos
1655 3929 1778 3984 pec-

183 4002 421 4064 catores,
459 4017 581 4058 cum
607 4004 673 4059 de
701 4018 762 4058 re
783 4003 963 4073 aliqua
991 4003 1461 4074 reprehendimur,
1486 4004 1778 4074 reprehen-

187 4110 343 4151 sores
366 4102 582 4152 nostros
601 4097 811 4152 ratione
840 4096 1028 4151 humili
1054 4096 1273 4167 placare
1299 4094 1598 4152 debemus?

780 4208 1179 4267 RESPONSIO.

259 4319 420 4377 Unde
463 4335 564 4392 ego
587 4321 917 4377 Rhemorum
959 4321 1215 4379 Ecclesia:
1257 4321 1490 4378 famulus
1523 4324 1775 4381 omnibus

187 4414 415 4469 credere
444 4413 654 4468 veritati
687 4413 986 4471 volentibus
1036 4414 1336 4480 satisfacto,
1361 4416 1486 4485 quia
1517 4430 1617 4471 nec
1641 4432 1773 4471 con-

188 4519 403 4569 sensus,
452 4520 550 4560 nec
612 4505 888 4561 dissensus
943 4506 1047 4562 mei
1071 4507 1217 4563 vices
1244 4522 1344 4578 per
1387 4506 1661 4578 praefatos,
1691 4507 1854 4595 vch

189 4600 329 4654 alios
358 4599 624 4669 quoslibet
667 4601 1004 4656 venerabiles
1034 4602 1334 4672 episcopos,
1368 4601 1420 4655 in
1452 4603 1556 4656 hac
1609 4617 1771 4657 causa

190 4690 359 4745 verbo
381 4691 495 4745 sive
538 4692 807 4760 scriptura
838 4691 1076 4761 implevi,
1110 4692 1237 4761 quia
1273 4707 1373 4747 nec
1397 4706 1519 4745 eum
1556 4708 1771 4761 pramo-

191 4782 413 4836 minaiis
455 4782 722 4851 epi~copis
771 4791 893 4850 post
939 4783 1215 4853 proximas
1244 4782 1508 4837 Kalendas
1536 4782 1768 4838 Novem-

191 4873 328 4933 bris,
361 4887 529 4942 nsque
558 4872 623 4925 ad
650 4880 859 4941 tempus
885 4872 1011 4925 illud
1041 4873 1257 4943 quando
1299 4874 1416 4927 lucc
1443 4883 1594 4945 gesta
1620 4884 1769 4941 sunt,

190 4963 264 5018 fni
293 4965 523 5030 locutus,
559 4980 657 5019 nec
690 4964 907 5019 ditionis
930 4979 1060 5018 mea:
1084 4975 1185 5027 est,
1215 4965 1376 5029 uteis
1426 4966 1647 5019 debeam
1677 4981 1773 5019 au-

190 5056 501 5111 Ctoritative
529 5056 781 5125 quiddam
804 5056 1106 5126 injungere,
1134 5056 1239 5109 nisi
1286 5056 1428 5111 sicut
1451 5065 1506 5110 et
1535 5056 1608 5110 illi
1642 5058 1774 5112 mihi

189 5155 420 5215 possunt
443 5147 713 5201 charitose
744 5160 861 5215 qua:
884 5145 1448 5216 voluerintimperare.
1477 5146 1773 5201 Adventius

189 5247 373 5291 autem
405 5238 725 5293 venerabilis
755 5239 1060 5307 episcopus,
1090 5249 1147 5294 et
1173 5240 1314 5294 filius
1338 5255 1489 5294 meus
1518 5238 1769 5294 llincma-

192 5340 292 5379 rus
318 5327 690 5384 Lauduuensis
720 5331 1025 5400 episcopus,
1048 5332 1224 5402 gratia
1246 5331 1567 5384 visitationis
1580 5340 1771 5386 octavo

196 5418 468 5475 Kalendas
490 5411 817 5478 Februarias
842 5425 909 5479 ad
940 5437 1027 5477 me
1052 5424 1280 5477 Rhemis
1314 5433 1599 5488 venerunt,
1625 5432 1679 5478 et
1704 5440 1771 5479 ex

191 5508 436 5579 iussione
478 5514 836 5581 dominorum,
868 5526 1032 5584 atque
1064 5531 1131 5568 ex
1177 5515 1391 5569 nomine
1438 5516 1770 5570 confratrnm

198 5610 528 5666 nostrorum,
575 5604 642 5657 ad
677 5614 997 5659 conventum
1036 5604 1357 5674 Aquisgrani
1401 5607 1600 5675 palatio
1646 5616 1772 5661 tunc

199 5695 443 5760 proxime
484 5694 792 5748 habiturum
820 5711 925 5759 me,
957 5696 1000 5749 si
1032 5710 1128 5765 pro
1168 5694 1484 5749 infirmitate
1530 5696 1771 5766 corporis

201 5797 437 5851 possem,
469 5784 551 5842 ire
576 5794 1041 5852 commonuerunt,
1073 5785 1154 5840 sin
1186 5794 1365 5840 autem
1396 5786 1474 5841 ire
1505 5786 1618 5855 ipse
1663 5804 1769 5844 non

1886 1930 2083 1985 domno
2126 1932 2390 1991 Adventio
2422 1945 2629 1991 tantum
2677 1946 2735 1991 ut
2773 1938 2930 2005 irem,
2958 1939 3044 1993 vel
3087 1942 3466 2011 coepiscopum

1883 2033 2127 2077 nostrum
2176 2041 2296 2080 mea
2348 2027 2464 2082 vice
2514 2028 2826 2098 dirigerem,
2873 2039 2928 2083 et
2974 2030 3083 2085 illic
3121 2046 3283 2087 causa
3313 2030 3468 2087 nobis
3540 2090 3545 2103 ι

1882 2116 2204 2184 aperiretur,
2230 2132 2329 2186 pro
2354 2135 2459 2189 qua
2488 2119 2652 2193 584
2704 2121 2787 2175 vel
2811 2136 2944 2177 mea:
2974 2123 3286 2195 exiguitatis
3338 2138 3464 2195 per-

1881 2219 2034 2271 sona,
2063 2207 2146 2262 vel
2169 2207 2327 2280 legati
2357 2212 2651 2280 provincia:
2678 2221 2874 2267 nostra:
2921 2216 3208 2282 praesentia
3242 2218 3467 2288 rogaba-

1880 2305 1992 2364 tur,
2038 2302 2344 2370 vcspertiua
2376 2303 2508 2357 hora
2553 2303 2843 2358 terminum
2874 2304 3149 2360 collationi
3190 2307 3465 2378 imposuit,

1878 2398 1935 2443 et
1976 2405 2075 2446 nec
2104 2406 2135 2444 a
2162 2408 2248 2447 me
2290 2393 2653 2465 interrOgatus
2695 2404 2961 2450 secretam
3011 2412 3254 2463 causam,
3303 2414 3466 2469 quam

1879 2478 2190 2549 praemissus
2228 2480 2440 2535 libellus
2486 2481 2771 2552 significat,
2807 2497 2907 2537 nec
2947 2494 3280 2554 spontaneus
3333 2487 3466 2542 mihi

1878 2571 2148 2639 aperiens,
2174 2572 2300 2641 quia
2333 2571 2471 2626 forte
2497 2573 2641 2627 illam
2673 2587 2791 2628 esse
2844 2577 3156 2646 recognovi,
3188 2592 3353 2646 quam
3395 2587 3456 2632 ut

1878 2661 2111 2731 praemisi
2168 2662 2471 2727 audieram,
2505 2669 2560 2716 et
2603 2664 2670 2718 de
2714 2679 2819 2733 qua
2858 2664 3119 2735 plurimos
3163 2668 3466 2738 episcopos,

1878 2751 2096 2818 quando
2119 2751 2381 2821 judicium
2403 2754 2743 2824 purgationis
2767 2755 2961 2812 exinde
2983 2756 3184 2813 factum
3212 2769 3317 2825 est,
3339 2774 3469 2815 con-

1878 2843 2049 2898 sultos
2071 2844 2393 2911 didiceram,
2425 2862 2717 2918 quamque,
2739 2857 2796 2902 ut
2819 2849 3041 2917 dicitur,
3067 2851 3228 2907 etiam
3257 2852 3468 2909 femina:

1879 2935 1932 2991 in
1967 2936 2216 2993 textrinis
2272 2938 2385 2993 suis
2430 2940 2733 2995 revolvunt.
2783 2940 3123 2999 Interlucano
3175 2946 3465 3017 appropin-

1878 3037 2079 3097 quante
2122 3043 2407 3101 noeturno,
2461 3032 2800 3087 venerandus
2851 3032 3150 3091 Adventius
3194 3037 3262 3091 ad
3308 3052 3466 3093 suum

1883 3118 2104 3174 divertit
2135 3120 2450 3190 hospitium,
2482 3129 2537 3175 et
2576 3109 2902 3178 Hincmarus
2957 3122 3330 3181 Laudunensis
3353 3126 3468 3197 epi-

1883 3226 2079 3282 scopus
2106 3227 2166 3267 se
2189 3213 2242 3288 in
2267 3221 2448 3268 notam
2475 3213 2810 3269 mansionem
2843 3215 3068 3285 recepit.
3111 3216 3223 3288 Ego
3275 3228 3456 3274 autem

1882 3315 1943 3358 ut
1981 3284 2233 3359 infirmus
2251 3304 2391 3360 lecto
2419 3298 2777 3371 decumbens,
2818 3316 3104 3377 postquam
3143 3308 3335 3363 melius
3374 3308 3468 3364 ha-
3562 3328 3565 3333 λ

1881 3393 2011 3450 here
2064 3396 2228 3466 coepi,
2257 3406 2481 3466 propter
2509 3398 2753 3467 quaedam
2805 3406 2929 3453 tunc
2960 3398 3092 3453 mihi
3130 3398 3183 3452 in
3226 3409 3466 3455 mentem

1879 3486 2170 3549 venientia,
2206 3487 2461 3557 quoniam
2520 3488 2803 3559 religiosus
2830 3489 3128 3544 Adventius
3176 3490 3307 3544 mihi
3357 3506 3465 3545 non

1881 3575 2112 3640 dixerat,
2143 3591 2315 3645 quare
2345 3594 2573 3634 vocarer
2601 3580 2667 3633 ad
2693 3580 2981 3649 synodum,
3010 3589 3065 3635 et
3088 3595 3188 3650 ego
3210 3581 3468 3652 multipli-

1880 3667 2018 3723 citer
2042 3667 2110 3722 de
2138 3667 2437 3738 quastione
2460 3670 2695 3740 impacta
2727 3668 2939 3725 femina:
2979 3687 3101 3725 cum
3151 3688 3218 3727 eo
3256 3672 3466 3728 locutus

1879 3761 2113 3827 fueram,
2135 3763 2444 3833 suspicans,
2479 3773 2536 3817 ut
2573 3763 2821 3832 prardixi,
2856 3764 2998 3834 quod
3031 3764 3146 3819 haec
3184 3766 3297 3836 ipsa
3320 3781 3465 3836 qure-

1880 3853 1985 3908 stio
2037 3868 2199 3909 causa
2254 3854 2556 3909 vocationis
2595 3863 2778 3924 posset
2825 3855 3081 3920 existere,
3118 3854 3234 3910 fore
3269 3857 3463 3913 melius

1879 3944 2133 4015 cogitavi,
2166 3954 2226 3999 ut
2262 3945 2471 4000 litteras
2501 3946 2549 3999 ei
2578 3946 2644 3999 de
2680 3946 2927 4015 pridiana
2955 3946 3311 4001 collocutione
3360 3963 3462 4003 no-

1879 4045 1991 4092 stra
2020 4037 2329 4107 dirigerem,
2352 4053 2581 4106 quarum
2617 4037 2897 4106 exemplar
2927 4037 3161 4107 quisque
3192 4038 3335 4094 volet
3373 4041 3463 4097 hic

1878 4137 2057 4200 potest
2083 4128 2341 4199 relegere.

1954 4240 1973 4271 ι
2007 4218 2330 4274 Hincmarus
2365 4219 2581 4274 nomine
2609 4233 2715 4273 non
2761 4219 2953 4274 merito
2983 4218 3314 4274 Rhemorum
3343 4221 3462 4290 epi-

1878 4328 2094 4384 scopus,
2150 4328 2215 4367 ac
2244 4311 2414 4381 plebis
2451 4311 2543 4366 Dei
2575 4311 2827 4377 famulus,
2866 4298 3065 4367 dilecto
3094 4312 3269 4374 fratri,
3293 4322 3349 4366 et
3375 4328 3464 4366 ve-

1879 4405 2108 4461 nerabili
2159 4407 2413 4476 episcopo
2453 4404 2720 4460 Adventio
2761 4405 3049 4475 plurimam
3093 4404 3146 4458 in
3180 4402 3463 4459 Salvatore

1880 4499 2131 4555 salutem.

1954 4611 1973 4643 ‹
2006 4591 2080 4645 De
2096 4591 2225 4645 mihi
2242 4590 2686 4660 imprremeditata
2700 4588 2869 4643 istoin
2889 4598 3129 4659 tempore
3141 4586 3459 4657 quastione,

1877 4683 1944 4737 de
1966 4698 2069 4752 qua
2106 4681 2217 4750 jam
2253 4682 2375 4736 talia
2405 4696 2468 4736 ac
2496 4689 2644 4735 tanta
2682 4680 2982 4743 audieram,
3019 4688 3078 4734 ut
3116 4680 3180 4733 de
3203 4692 3266 4732 ea
3300 4678 3459 4732 modo

1876 4774 2010 4829 nihil
2042 4790 2127 4828 me
2156 4775 2464 4828 auditurum
2496 4774 2819 4842 pntaverim,
2851 4771 3080 4840 plurima
3118 4771 3256 4834 heri,
3285 4784 3460 4840 quan-

1879 4873 1988 4919 tum
2022 4882 2139 4920 mea
2170 4866 2418 4934 permisit
2440 4865 2747 4925 infirmitas,
2780 4874 2965 4916 mutua
2998 4858 3458 4915 sermocinatione

1876 4954 2062 5011 locuti.
2097 4955 2307 5009 tandem
2365 4956 2506 5009 sicut
2561 4954 2755 5007 melius
2799 4961 2854 5006 et
2902 4949 3275 5005 rationabilius
3303 4946 3460 5000 nobis

1875 5047 2049 5101 visum
2084 5046 2278 5110 fuerat,
2323 5046 2486 5101 finem
2522 5047 2697 5101 eidem
2729 5059 2929 5108 causre,
2961 5051 3021 5096 ut
3055 5039 3262 5111 synodo
3284 5052 3448 5108 gene-

1878 5137 1974 5192 rali
2005 5147 2272 5201 servetur,
2315 5127 2615 5207 posuimus.
2648 5134 2755 5190 Sed
2793 5136 2931 5189 sicut
2951 5133 3066 5203 jam
3097 5130 3330 5199 vesperi,
3355 5141 3458 5196 pa-

1878 5249 1996 5287 rum
2026 5248 2120 5288 vos
2159 5249 2257 5303 pro
2307 5244 2546 5303 tempore
2574 5229 2749 5301 tetigi,
2784 5229 2924 5282 unde
2973 5239 3117 5280 nunc
3146 5220 3459 5291 expressius

1876 5339 2112 5385 vestram
2158 5328 2472 5383 lidissimam
2508 5322 2903 5381 commonendo
2944 5320 3172 5389 benigne
3202 5325 3453 5383 satagere

1879 5425 2142 5494 deprecor
2165 5422 2487 5477 charitatem
2516 5460 2530 5483 ,
2559 5418 2811 5488 quoniam
2844 5413 3139 5470 secundum
3155 5408 3458 5479 jussionem

1877 5516 2243 5575 dominorum,
2272 5521 2326 5567 et
2356 5512 2693 5566 vocationem
2722 5505 3189 5568 eonsacerdotum,
3227 5501 3341 5569 ipse
3380 5497 3460 5552 in-

1878 5609 2134 5663 firmitate
2173 5609 2420 5661 detentus
2468 5605 2535 5658 ad
2584 5610 2913 5658 conventum
2954 5606 3196 5652 vestrum
3239 5593 3319 5646 ire
3342 5604 3449 5645 non

1874 5702 2052 5764 valeo,
2079 5708 2172 5753 aut
2190 5698 2307 5752 vice
2325 5711 2442 5751 mea
2466 5708 2793 5765 quemquam
2817 5689 3282 5760 coepiscoporum,
3301 5695 3451 5738 more

1877 5791 2139 5847 canonico
2181 5787 2416 5855 regulari
2460 5783 2748 5841 collatione
2804 5782 3151 5845 instructum,
3180 5785 3235 5832 et
3263 5787 3450 5847 prosc-
