4026 6340
634 381 740 438 647

1627 366 1959 426 HINCMAN
2000 361 2393 420 BHEMENSIS
2436 361 2952 421 ARCHIEPISCOPI

3750 377 3825 435 648

637 505 933 578 quentibus
984 502 1185 557 litteris
1229 480 1698 556 commendatum,
1753 490 1969 544 mittere
1999 499 2228 556 nequeo,
2258 485 2442 549 Aletu
2492 486 2871 542 auctoritatem
2917 485 2971 540 in
3020 483 3106 541 sui
3150 484 3542 544 examinatione
3576 488 3761 569 sincero
3787 508 3829 552 et

636 602 764 673 quia
802 598 1060 655 instantia
1092 587 1370 650 missionis
1422 594 1477 640 et
1511 583 1747 639 brevitas
1786 578 2066 650 temporis,
2112 593 2218 673 non

635 669 903 764 permittit
936 698 996 743 ut
1020 686 1268 743 dominos
1291 687 1341 737 et
1371 677 1723 746 cocpiscopos
1753 689 1903 728 meos
1943 671 1996 725 in
2026 669 2221 724 talibus

637 761 939 845 consulam,
995 778 1114 832 sine
1162 767 1725 852 qttorumchsulllI.
1777 775 1838 819 ιη
1878 764 2073 819 melius
2119 761 2220 833 ipsi

636 876 828 939 nostis,
859 873 1013 936 nihil,
1044 872 1147 926 nisi
1187 879 1449 940 quantum
1499 864 1565 920 ad
1599 858 1919 934 parochiam
1948 856 2220 925 propriam

636 966 892 1035 pertinet,
931 978 1092 1033 agere
1128 978 1158 1014 a
1188 956 1512 1015 venerandis
1554 950 1756 1025 regulis
1786 947 1929 1001 mihi
1951 945 2223 1016 permitti—

638 1067 748 1123 tur,
780 1068 966 1112 contra
999 1070 1132 1126 quas
1165 1070 1269 1108 non
1299 1052 1415 1106 sine
1433 1050 1652 1103 ultionis
1684 1042 1925 1117 perit-nio
1965 1039 2221 1109 quiddam

606 1210 609 1211 ν
635 1150 1002 1221 praesumitur.
1023 1148 1186 1200 timeo
1201 1161 1267 1199 ne
1281 1146 1508 1216 domnus
1524 1157 1612 1195 rex
1632 1148 1779 1215 putet
1798 1148 1971 1193 meam
1986 1132 2223 1190 debitam

636 1244 951 1298 servitutem
996 1230 1077 1292 se‘
1097 1238 1166 1290 ab
1196 1235 1455 1303 obsequio
1489 1248 1587 1286 suo
1617 1231 1749 1284 velle
1779 1228 2130 1298 suspendere,
2169 1230 2231 1276 et

637 1332 929 1388 venerandi
971 1330 1207 1399 episcopi
1261 1327 1605 1394 suspicentur
1630 1365 1643 1385 ,
1684 1323 1730 1376 si
1757 1323 1887 1392 qttid
1917 1320 2215 1375 secundum

639 1427 827 1481 sacras
871 1422 1085 1493 regulas
1116 1419 1448 1474 dil'i‘nierint.
1501 1406 1697 1485 cupere
1745 1414 1887 1483 quod
1937 1413 2067 1467 tnihi
2116 1428 2220 1467 non

639 1518 892 1575 convenit
933 1525 1244 1570 retractare.
1271 1511 1421 1566 Unde
1438 1524 1615 1563 vestra
1643 1509 1876 1570 dilectio,
1905 1523 2024 1577 qtae
2046 1521 2221 1560 tllt'dm

642 1594 985 1666 devotionem
1016 1622 1110 1660 ore
1153 1607 1217 1658 ad
1242 1602 1313 1655 os
1358 1602 1673 1670 colloquens
1722 1600 1929 1661 didicit,
1976 1598 2117 1652 sicut
2159 1597 2224 1650 de

638 1713 818 1756 vestra
861 1686 1099 1751 bonitate
1150 1697 1384 1753 00:,“tl0,
1425 1693 1542 1747 sine
1607 1690 1858 1757 svrtqtttlo
1910 1689 2090 1758 aliquo
2138 1703 2223 1740 me

641 1791 802 1844 faciat
847 1801 1185 1844 excusatum,
1247 1785 1371 1853 quia
1421 1783 1565 1837 sicut
1617 1781 1889 1863 salubrius
1929 1781 2096 1843 sensi,
2130 1797 2220 1833 sa-

2323 588 2485 635 cauto
2525 594 2711 649 gressu
2746 579 3019 643 incedere,
3065 585 3123 632 et
3154 592 3421 647 quemque
3459 564 3772 641 Christianum
3805 605 3827 644 θ

2324 684 2474 729 recto
2510 672 2703 728 itinere
2740 689 2846 739 non
2893 671 3130 727 deviare.
3169 670 3452 742 Oportebit
3476 677 3830 745 .vossiquideut

2324 766 2623 837 apostolico
2646 765 2772 829 talia
2801 765 3056 820 intimare
3103 780 3222 833 qua:
3253 781 3323 819 ex
3357 767 3515 820 corde
3541 776 3695 823 et‘ore
3713 785 3832 826 vera-

2324 860 2465 915 eiter
2510 859 2743 929 pmlata,
2792 858 2936 912 sicut
2993 858 3106 912 scio
3151 856 3409 926 quoniam
3454 857 3662 924 facietis,
3686 861 3836 919 divinis

2325 952 2498 1008 caulis
2529 953 2767 1007 debeant
2807 964 3091 1021 apparere,
3116 956 3192 1005 ‘et
3238 958 3298 1004 ut
3350 965 3505 1005 nemo
3543 951 3682 1019 aliter
3696 963 3834 1023 postea

2326 1044 2507 1098 valeat
2548 1044 2814 1105 iuvezire,
2838 1044 2916 1097 de.
2936 1042 3202 1097 nullorum
3233 1044 3520 1105 constansu,
3550 1043 3650 1097 sive
3672 1045 3835 1114 episco-

2326 1152 2540 1206 porum,
2574 1136 2655 1189 vel
2691 1134 3059 1205 quorumlibet
3093 1134 3376 1195 laicorum,
3408 1150 3514 1203 :pro
3538 1134 3836 1209 cujmcunque

2328 1219 2583 1285 obtentus
2611 1230 2913 1283 intentione
2959 1229 3271 1298 apostolica
3321 1229 3434 1284 sedi
3465 1233 3739 1299 suggerere,
3761 1231 3834 1287 nisi

2330 1323 2396 1376 de
2418 1337 2648 1390 quorum
2672 1321 2825 1375 scitis
2851 1330 3080 1374 tractatu
3108 1322 3331 1374 causain
3359 1324 3631 1385 constare;
3654 1323 3835 1377 itattihi-

2328 1417 2564 1476 folttinns
2582 1431 2703 1484 qua:
2733 1414 2972 1483 injttncta
3008 1411 3134 1468 sunt
3155 1414 3486 1481 ex‘sequi..ttt
3504 1423 3732 1484 quantum
3753 1414 3834 1471 ﬁeri

2330 1517 2546 1585 poterit,
2576 1511 2848 1568 seriorem
2881 1518 3122 1565 vestrum
3150 1523 3257 1561 non
3295 1488 3519 1577 possitis
3538 1490 3782 1572 offendere,
3794 1492 3836 1563 et

2329 1608 2545 1676 pt-zccipt
2570 1622 2600 1659 e
2621 1602 2763 1673 quod
2800 1600 3027 1669 egeritis
3049 1604 3222 1653 sacris
3252 1596 3453 1669 regulis
3478 1614 3576 1653 non
3601 1598 3836 1653 debeatob-

2329 1700 2501 1762 viare,
2540 1698 2641 1760 vel,
2667 1701 2809 1767 quod
2852 1694 3014 1761 absit,
3064 1693 3263 1758 divinae
3292 1693 3530 1761 aequitati
3559 1691 3834 1760 aulttejusti-

2282 1836 2289 1841 .
2333 1794 2418 1845 tite
2442 1792 2734 1846 contraire.
2767 1790 2914 1853 Han,
2941 1790 3066 1845 licet
3091 1806 3156 1845 ex
3184 1784 3484 1860 stiperﬂtm.
3508 1783 3748 1854 Sapientia:
3769 1798 3836 1837 re.

637 1884 854 1956 pientis:
884 1890 1077 1936 vestra:
1110 1877 1360 1948 exposui,
1396 1887 1449 1929 et
1484 1875 1727 1929 tantillus
1768 1858 2057 1928 homuncio
2084 1874 2135 1925 in
2167 1889 2221 1924 re

2295 1869 2298 1908 ι
2329 1893 2455 1937 stne
2482 1883 2682 1944 scribo,
2708 1885 2832 1949 quia
2864 1882 3088 1935 charum
3117 1896 3214 1935 vos
3242 1881 3442 1943 habeo,
3471 1891 3522 1935 et
3553 1875 3669 1934 milii
3687 1874 3833 1949 dignati

640 1983 748 2029 tam
777 1973 1029 2033 maxima,
1080 1978 1136 2023 et
1182 1967 1425 2037 personis
1454 1964 1924 2036 eminentissimis,
1962 1964 2027 2016 de
2057 1978 2159 2030 qua
2194 1978 2223 2015 a

640 2064 804 2119 tantis
836 2062 966 2115 viris
1005 2059 1127 2113 talia
1158 2060 1279 2112 acta
1312 2067 1545 2128 sunt,‘et
1580 2071 1646 2110 ex
1676 2050 1839 2125 585
1863 2069 1964 2122 qua
1988 2048 2133 2107 'taztti
2162 2048 2225 2106 ac

639 2155 775 2209 tales
828 2153 1061 2207 consulti
1112 2160 1261 2213 sunt,
1320 2138 1438 2204 sine
1492 2148 1848 2217 plurimorum
1901 2145 2220 2206 collatione,

637 2246 907 2306 COIISllliU,
951 2245 1068 2297 sive
1099 2257 1391 2305 consensit,
1429 2250 1483 2294 et
1509 2252 1802 2307 antequam
1829 2239 1894 2292 de
1920 2236 2222 2304 hujustnodi

639 2337 1043 2405 Scripturarutn
1082 2325 1435 2389 auctoritates
1476 2332 1775 2386 et'Patrum
1806 2331 2019 2384 decreta
2052 2328 2225 2383 revolé

637 2444 783 2491 vam,
838 2428 911 2481 ita
951 2427 1275 2481 sententiam
1317 2425 1577 2477 finitivam
1631 2422 1949 2491 depromere
1989 2420 2070 2473 vel
2098 2406 2224 2473 ron-4

637 2506 855 2575 sensum
891 2534 994 2572 non
1029 2517 1202 2570 audeo
1243 2514 1529 2575 adhibere,
1587 2514 1664 2566 ιιιί
1716 2513 1976 2582 quidquid
2012 2529 2040 2563 a
2076 2514 2225 2565 vobis

635 2611 914 2668 deﬁnitum
952 2608 1275 2680 regulariter
1325 2606 1511 2669 fuerit,
1550 2606 1634 2660 vel
1659 2606 1850 2660 melius
1876 2621 1941 2659 ac
1968 2604 2211 2658 rationa-

635 2703 797 2759 bilius
827 2717 988 2771 quam
1029 2700 1156 2753 mihi
1190 2700 1366 2753 visum
1405 2697 1497 2762 sit,
1530 2713 1558 2750 a
1605 2696 1933 2767 Deoplacito
1956 2705 2221 2750 conventu

634 2805 819 2850 vestro
868 2792 1029 2848 fuerit
1087 2791 1462 2855 terminatum,
1508 2790 1826 2859 priusquam
1878 2787 1930 2841 id
1983 2789 2219 2851 audiam,

635 2887 862 2943 laudare
918 2884 1003 2938 vel
1061 2893 1361 2936 retractare
1417 2896 1523 2934 non
1572 2881 1761 2933 dereo.
1795 2877 2133 2948 Quaprcpter
2169 2878 2221 2930 in

544 2991 553 2994 ·
634 2978 784 3032 calce
825 2974 992 3044 hujus'
1038 2984 1234 3030 nostra:
1275 2975 1588 3045 exiguitatts
1634 2972 1903 3027 schednlze
1958 2988 2062 3024 non
2106 2986 2223 3023 mea

636 3071 729 3126 sed
759 3070 937 3139 magni
963 3067 1161 3122 Leonis
1187 3068 1350 3121 verba
1396 3066 1465 3119 ad
1504 3064 1788 3119 Rusticum
1817 3058 2222 3115 Narbonensem

636 3156 951 3232 episcOpum
991 3158 1212 3230 ponere
1237 3158 1457 3226 dignum
1507 3158 1647 3210 duco
1688 3173 1701 3207 ς
1744 3172 1762 3205 ι
1809 3152 1877 3208 Ut
1922 3153 1974 3205 in
2008 3153 2111 3216 his,
2140 3152 2223 3205 in-

642 3269 661 3302 ι
698 3251 814 3322 quit
840 3250 1011 3322 (epist.
1036 3249 1148 3319 95),
1175 3263 1295 3318 quae
1319 3236 1401 3300 vel
1424 3246 1587 3299 dubia
1613 3244 1836 3307 fuerint,
1862 3243 1944 3297 vel
1968 3244 2218 3306 obscura,

641 3364 662 3397 ι
693 3345 745 3399 id
786 3348 1102 3399 noverimus
1161 3344 1530 3412 sequendum,
1584 3340 1728 3410 quod
1781 3353 1880 3392 nec
1936 3335 2222 3405 praeceptis

642 3437 1027 3508 revangelicis
1075 3420 1434 3496 contrarium,
1488 3447 1588 3486 nec
1647 3431 1880 3485 decretis
1909 3439 2222 3482 sanctorum

642 3547 663 3580 ι
697 3527 918 3584 Patrum
974 3528 1284 3581 inveniatur
1313 3527 1622 3580 adversum.
1665 3545 1683 3576 ι
1714 3523 1843 3579 Peto
1874 3522 2106 3592 denique
2131 3535 2223 3575 ve-

636 3630 803 3677 stram
860 3620 1147 3675 amabilem
1188 3620 1510 3674 charitatem
1545 3659 1560 3683 ,
1622 3626 1681 3671 ut.
1731 3634 1829 3686 pro
1872 3617 2222 3671 excusatione

641 3727 761 3766 mea
792 3712 843 3764 in
885 3718 1063 3765 vestro
1093 3719 1282 3764 sancto
1330 3708 1560 3765 concilio
1605 3708 1787 3763 verbis
1839 3715 2034 3761 vestrae
2087 3719 2222 3775 pru-

638 3801 833 3857 dentiae
855 3798 1097 3870 jnngatis
1113 3800 1271 3869 hujus
1301 3800 1605 3870 diplomatis
1628 3799 1939 3854 lectionem.
1986 3816 2005 3849 ι

710 3891 973 3947 Processu
1014 3893 1244 3962 denique
1272 3892 1530 3962 temporis
1572 3892 1742 3946 isdem
1766 3893 1998 3945 domnus
2013 3888 2225 3945 Adven-

640 3983 750 4039 tius
776 3984 842 4039 ad
874 3999 960 4038 me
985 3985 1211 4038 missum
1238 4001 1397 4039 suum
1423 3985 1713 4048 direxerat,
1743 3998 1840 4053 per
1866 3998 2024 4054 quem
2051 3984 2100 4038 ei
2125 3985 2224 4040 has

639 4074 836 4131 iterum
871 4076 1078 4131 litteras
1109 4076 1398 4130 destinavi.

720 4187 739 4220 ι
777 4169 1101 4225 Hincmarus
1139 4169 1473 4224 Rhemorum
1506 4169 1811 4238 episcopus,
1842 4165 2220 4225 dilecto'fratri

639 4269 695 4315 et
728 4258 1019 4314 venerabili
1045 4260 1301 4330 episcopo
1345 4259 1608 4313 Adventio
1633 4258 1920 4328 plurimam
1950 4262 2003 4314 in
2030 4260 2221 4314 Salva-

638 4344 759 4409 ‘tore
790 4353 1039 4407 salutem.
1064 4372 1081 4404 ι

711 4445 779 4497 Et
823 4453 942 4514 post
981 4442 1226 4511 quaedam
1272 4442 1557 4511 praeposita
1606 4458 1673 4497 ex
1711 4444 1948 4512 negotio,
1986 4459 2087 4513 pro
2116 4460 2223 4514 quo

2327 1977 2461 2030 estis
2492 1985 2837 2045 protnttlere,
2876 1974 3018 2043 quod
3070 1963 3191 2028 fidei
3227 1984 3428 2029 veStrae
3450 1988 3531 2027 me
3562 1988 3670 2027 cum
3689 1972 3832 2027 securia

2330 2059 2438 2122 tate
2463 2084 2676 2138 possem
2704 2053 3067 2129 comntittete,
3102 2075 3215 2120 et-a
3242 2081 3331 2120 tne
3354 2065 3595 2119 voluisus
3611 2064 3833 2130 exigerent

2298 2202 2301 2203 ν
2327 2161 2665 2213 devotionem
2702 2173 2876 2210 meam
2910 2157 3062 2212 vobis
3090 2157 3372 2211 studerem
3402 2156 3692 2225 rependere.
3722 2172 3739 2205 ι

2330 2236 2361 2275 ίδ
2398 2252 2547 2303 Alias
2580 2258 2759 2302 autem
2783 2249 2993 2301 litteras
3017 2262 3117 2301 nec
3159 2248 3276 2302 sedi
3305 2247 3627 2314 apostolicae,
3648 2259 3732 2299 nec
3746 2242 3827 2297 cui-

2326 2358 2488 2411 quam
2520 2334 2920 2411 episcoporum,
2966 2339 3234 2394 hactenus
3285 2355 3387 2410 pro
3422 2340 3523 2394 hac
3547 2352 3691 2392 causa
3708 2345 3832 2389 trans-

2326 2448 2467 2487 lllISl.

2644 2552 2810 2628 εδδ
2841 2545 3456 2608 INTERROGATIO
3484 2545 3588 2607 1v.

2398 2667 2648 2722 Secundo
2675 2667 2909 2739 capitulo
2932 2668 3086 2722 nobis
3129 2667 3442 2723 remandari
3464 2664 3773 2736 deposcimus.
3799 2659 3828 2713 εί

2325 2759 2390 2811 de
2418 2759 2710 2813 commisso
2733 2767 2849 2827 post
2888 2759 3079 2812 initum
3098 2758 3421 2829 eonjugiuttr
3442 2742 3712 2824 reputatur,
3734 2765 3827 2820 qua-

2325 2852 2449 2907 liter
2488 2854 2682 2906 deheat
2712 2851 2836 2905 iniri
2879 2849 3214 2921 conjugium,
3242 2848 3524 2920 qnalisque
3541 2848 3617 2901 lex
3635 2846 3829 2900 habeatur

2325 2941 2580 3012 coniugii,
2606 2953 2661 2995 et
2687 2941 3033 3011 qua‘liler'vel
3059 2958 3158 3011 pro
3195 2942 3397 3010 quibus
3430 2940 3581 2993 rebus
3610 2934 3752 2988 valeat
3768 2942 3827 2981 se-

2325 3020 2502 3102 parari
2525 3073 2539 3097 ,
2569 3045 2623 3087 et
2665 3034 2709 3086 si
2750 3043 2865 3103 post
2903 3033 3355 3102 disiunctionem,
3385 3041 3561 3085 utrum
3589 3025 3660 3078 vir
3683 3019 3825 3077 διαίθ-

2329 3115 2471 3176 inina
2501 3125 2566 3177 ad
2594 3123 2753 3177 aliam
2799 3124 2995 3178 debeat
3031 3124 3286 3195 copulam
3326 3116 3579 3191 aspirare,
3606 3115 3678 3170 vel
3696 3114 3730 3167 si
3749 3107 3827 3179 pari

2251 3207 2294 3267 C
2322 3216 2528 3285 judicio
2563 3217 3129 3286 quiscunque°eorutn
3178 3217 3234 3270 in
3278 3213 3525 3284 eonjugio
3551 3222 3745 3281 peccans
3765 3203 3827 3257 tle-

2318 3305 2448 3377 beat
2467 3307 2697 3377 iudicari

2328 3400 2333 3405 ’
2360 3388 2371 3399 Ἀ
2912 3418 3320 3477 RESPONSIO.

2332 3568 2335 3575 -
2366 3536 2532 3605 'Quia
2559 3554 2688 3592 vero
2724 3537 2776 3592 in
2802 3539 3065 3608 praemissi
3112 3537 3306 3601 libelli,
3350 3531 3739 3591 utostcndimus,
3761 3537 3825 3578 oc-

2326 3639 2450 3686 tavo
2478 3631 2719 3700 capitulo
2744 3629 3007 3701 scriptum
3055 3630 3320 3694 habetur,
3347 3638 3407 3685 ttt
3434 3631 3715 3696 argumenta
3735 3618 3824 3673 hac-

2327 3732 2485 3795 tenus
2512 3725 2733 3779 latentis
2776 3739 2953 3779 causa:
2999 3725 3367 3794 percipientes
3395 3732 3620 3779 errorem
3649 3708 3823 3781 expella-

2325 3832 2465 3885 tntts,
2515 3825 2570 3871 et
2622 3832 2808 3871 verum
2862 3825 3204 3871 statuamus:
3260 3826 3316 3870 et
3360 3819 3703 3885 argumentum
3741 3810 3824 3855 esse

2326 3908 2576 3979 legimus,
2601 3909 2745 3978 quod
2776 3907 2902 3963 licet
2948 3909 3186 3962 nondum
3221 3909 3316 3975 sit,
3358 3907 3476 3961 fieri
3506 3914 3663 3958 tamen
3682 3898 3822 3965 potest.

2328 4011 2384 4056 et
2412 4002 2478 4057 de
2504 4001 2756 4071 conjugio
2791 4001 2989 4072 agitur,
3032 4009 3157 4056 ante
3208 4001 3353 4070 quod
3399 4013 3534 4068 saepe
3570 3996 3629 4048 ab
3650 3993 3824 4072 humana

2324 4092 2618 4164 fragilitate
2645 4071 2999 4162 delinquitur,
3041 4107 3184 4162 saepe
3211 4093 3268 4147 in
3312 4092 3428 4163 ipso
3471 4083 3676 4143 ineundo
3693 4071 3825 4171 coniti:

2326 4183 2433 4254 gio,
2484 4198 2628 4252 smpe
2681 4194 2861 4237 autem
2913 4194 3037 4252 post
3070 4184 3265 4238 initum
3297 4179 3610 4250 coniugium,
3651 4166 3821 4242 εηνίοτί

2328 4292 2467 4331 noxa
2494 4284 2781 4346 peccatur;
2811 4277 2880 4331 ab
2922 4276 3033 4346 ipsa
3064 4277 3253 4331 radice
3276 4274 3601 4345 incipientes,
3629 4268 3823 4336 pontii"us

2326 4365 2563 4437 'qualiter
2603 4369 2795 4423 debeat
2824 4368 2945 4421 iniri
2984 4367 3319 4437 coniugium,
3343 4363 3531 4419 deinde
3564 4360 3705 4428 legem
3733 4362 3823 4404 ωη-

2318 4452 2453 4531 jugii
2471 4463 2844 4524 ostendamus,
2870 4468 2990 4529 post
3011 4470 3193 4515 autem
3220 4459 3339 4514 siin
3363 4455 3598 4527 coniugio
3619 4450 3821 4518 peccatur,

642 4535 867 4590 missum
891 4549 1044 4588 suum
1079 4533 1350 4587 direxerat
1381 4551 1394 4586 :
1432 4551 1450 4584 ι
1478 4533 1743 4588 (Steterunt
1778 4534 1902 4589 licet
1932 4528 2220 4591 tnihi‘nihil

2295 4581 2305 4627 μ
2324 4553 2589 4623 judicium
2618 4563 2674 4609 et
2706 4552 2894 4619 judicii
2922 4554 3167 4606 ordinem
3192 4554 3640 4607 demonstremus;
3666 4543 3819 4602 ῑιί⁶1⁰⁰”

641 4626 768 4682 inde
812 4610 1240 4695 signiticasSetis,
1274 4625 1505 4696 conjicio
1533 4626 1855 4697 legationem
1882 4638 2138 4696 vestram,
2169 4631 2222 4685 in

639 4735 745 4791 qua
773 4719 947 4783 vobis,
994 4720 1137 4775 sicut
1181 4718 1293 4774 Deo
1340 4720 1545 4791 gratias
1583 4720 1871 4790 prudentia
1910 4732 2092 4776 vestra
2127 4738 2224 4778 vos

640 4812 819 4877 docet,
843 4811 975 4867 satis
1012 4820 1169 4867 caute
1193 4821 1248 4865 et
1294 4813 1520 4883 provide
1555 4822 1641 4867 est
1694 4828 1915 4868 necesse
1953 4815 2226 4881 incedere,

643 4904 777 4975 quia
802 4903 923 4959 talis
953 4913 1250 4969 estcausa,
1278 4915 1331 4958 et
1364 4904 1417 4958 in
1469 4913 1576 4959 tant
1619 4907 2064 4963 eminentissimis
2105 4924 2227 4978 per—

638 5000 811 5066 sonis,
837 5009 890 5057 et
921 5000 973 5055 in
1020 4999 1326 5070 hujusntodi
1356 5000 1570 5064 ordine,
1600 5017 1721 5071 quae
1744 5003 1810 5055 ab
1843 5004 2094 5057 omnibus
2121 5006 2228 5060 erit

638 5102 698 5149 ut
729 5108 953 5149 necesse
973 5094 1247 5163 cognosci,
1276 5094 1349 5148 ita
1389 5094 1553 5148 etiam
1584 5094 1870 5164 ponderari
1902 5110 1917 5149 :
1945 5097 2225 5164 quoniam,

638 5192 700 5238 ut
748 5184 1073 5240 leestinus
1116 5185 1323 5249 scribit,
1355 5187 1677 5241 universalis
1720 5186 1963 5241 Ecclesia
1987 5206 2230 5258 quacun-

640 5293 746 5347 que
776 5276 1015 5331 novitate
1041 5276 1303 5348 pulsatur.
1329 5277 1425 5332 Est
1447 5279 1590 5331 enitn
1619 5279 1762 5333 inter
1785 5278 1985 5349 Regem
2017 5297 2223 5351 regunt,

639 5378 697 5425 et
727 5383 906 5439 regem
931 5379 1227 5434 terrenum,
1266 5369 1320 5423 in
1347 5370 1463 5440 lege
1498 5372 1670 5441 prima
1719 5373 1896 5440 primo
1916 5372 2137 5452 [homini
2171 5379 2226 5435 in

641 5465 896 5536 paradiso
924 5465 1070 5529 data,
1097 5474 1151 5520 et
1181 5481 1209 5519 a
1247 5465 1355 5521 Deo
1392 5475 1446 5520 et
1477 5468 1695 5524 homine
1731 5471 1783 5524 in
1816 5471 2108 5543 Evangelio
2138 5490 2227 5529 ro-

642 5558 851 5615 borata.
887 5557 984 5614 Est
1007 5560 1171 5613 etiam
1200 5559 1266 5615 de
1295 5576 1456 5615 causa
1492 5563 1645 5617 nobis
1673 5563 1932 5620 hactenus
1960 5567 2222 5631 inaudita,

642 5666 713 5706 ex
734 5665 839 5719 qua
869 5650 1139 5706 subtiliter
1165 5666 1387 5706 necesse
1413 5653 1518 5707 crit
1543 5655 1893 5710 auctoritates
1916 5672 2104 5711 sacras
2135 5672 2224 5710 re-

648 5740 882 5811 volvere,
916 5752 970 5799 et
1009 5743 1152 5815 leges
1191 5745 1525 5801 Christianas
1553 5747 1911 5819 interrogare,
1944 5749 2229 5818 pontifica-

2326 4644 2477 4702 ‘niam
2500 4654 2783 4717 peccatum
2808 4645 3007 4699 malum
3037 4653 3143 4708 est,
3161 4652 3217 4699 et
3239 4643 3435 4698 malum
3458 4644 3631 4695 natura
3653 4642 3734 4685 non
3751 4628 3820 4717 θξιν

2326 4730 2394 4792 ac
2422 4711 2520 4807 per
2545 4737 2646 4791 huc
2696 4734 3055 4791 substantiale
3102 4750 3209 4789 non
3254 4742 3357 4797 est,
3388 4731 3479 4787 sed
3518 4730 3565 4783 in
3595 4719 3697 4778 boni
3729 4711 3819 4807 stib-

2329 4805 2529 4885 stantia
2553 4828 2834 4892 coalescit,
2858 4838 2913 4883 et
2939 4835 2997 4881 ut
3038 4828 3295 4883 accidens
3327 4822 3598 4881 infirmitas
3620 4805 3820 4869 medicina

2328 4919 2637 4988 depellitur,
2677 4933 2800 4974 cum
2842 4920 3050 4988 regula,
3085 4917 3337 4974 videlicet
3384 4907 3692 4970 incolumitas
3710 4903 3819 4952 υιω·

2325 5005 2483 5073 ralis,
2514 5019 2568 5065 et
2601 5009 2866 5065 medicina
2899 5009 3233 5064 infirmitatis
3275 5007 3445 5079 posita
3489 4998 3651 5059 fuerit,

2332 5102 2603 5156 hendctur
2648 5101 2850 5155 certius
2898 5098 3159 5154 fortitudo
3210 5107 3370 5167 atque
3412 5090 3642 5149 accidens
3688 5081 3814 5133 153550-

2334 5201 2653 5261 argmnento
2698 5192 2853 5262 quasi
2901 5192 3165 5247 hactenus
3195 5188 3409 5244 latentis
3433 5195 3593 5240 causa:
3610 5174 3814 5247 μεγαρων

2332 5301 2573 5339 errorem
2608 5284 2899 5354 expellere,
2932 5292 2988 5339 et
3025 5298 3212 5339 verum
3241 5280 3447 5336 facilius
3487 5278 3692 5330 statuere
3717 5268 3815 5330 ιπθ

2322 5368 2648 5433 valebimus.

2326 5476 2327 5479 ‘
2405 5469 2653 5536 Qualiter
2679 5467 2989 5537 conjttgium
3027 5467 3150 5521 iniri
3176 5466 3384 5522 debeat,
3410 5462 3622 5515 etvetus
3651 5444 3810 5537 ei

2327 5561 2417 5618 lex
2440 5562 2653 5625 edocet,
2693 5536 2922 5616 Domino
2957 5575 3055 5629 per
3103 5560 3334 5630 Moysem
3362 5546 3681 5625 prtecipiente,
3709 5536 3751 5583 ei
3773 5538 3807 5630 I‘B

2320 5622 3056 5725 ‘Evangeliodemonstra-nte
3106 5622 3318 5723 (Matth.
3355 5622 3391 5710 ἰ,
3414 5641 3494 5712 18)
3520 5657 3531 5691 ³
3560 5632 3671 5725 βψ

2335 5747 2530 5820 inquit,
2557 5745 2881 5815 desponsata
2922 5755 3097 5801 mater
3123 5744 3249 5799 Jesu
3295 5736 3455 5793 Maria
3494 5722 3677 5794 JoSt’Plb
3701 5714 3807 5766 “me-
