4026 6340
258 411 370 470 649

1185 413 1277 472 DE
1316 411 1642 475 DIVORTIO
1681 412 2010 473 LOTHARII
2046 413 2134 470 ET
2175 415 2592 474 TETBERGE.

3409 420 3516 475 650

256 541 422 596 quam
470 525 700 596 nuptiali
741 526 1104 584 celebratione
1147 531 1542 599 convenirent,
1590 533 1732 590 sicut
1785 531 1840 587 in
1868 537 1920 596 Α
1946 540 2103 587 cente
2125 511 2468 605 suscipimus,
2499 543 2557 589 et
2585 543 2772 591 sancto
2801 534 2985 591 Leone
3012 548 3150 606 papa
3189 535 3246 590 in
3286 536 3523 594 decretis

254 618 462 688 nuptiis
489 617 778 674 celebratis
811 618 953 674 idem
983 620 1260 688 ostendit,
1289 637 1428 692 quas
1463 638 1560 679 sua
1589 637 1834 693 praesen-

256 710 333 765 tia
365 709 732 778 sanctiﬁcare,
757 720 813 766 et
833 711 1097 769 miraculo
1113 713 1312 769 ibidem
1336 722 1550 786 patrato
1565 714 1840 770 illustrare

254 805 513 878 dignatus
553 815 658 873 est,
705 807 800 862 sed
833 817 888 862 et
916 816 1138 863 sanctus
1165 807 1446 864 Evaristus
1471 824 1604 879 papa
1633 807 1837 863 Roma-

253 915 363 956 nus
387 907 616 971 quartus
656 914 686 954 a
721 907 882 955 neato
905 899 1070 955 Petro
1106 901 1161 956 in
1180 900 1544 960 decretalibus
1569 900 1637 954 ad
1661 899 1840 955 locum

253 994 332 1050 ita
364 993 556 1049 scribit
583 993 755 1064 (epist.
783 994 807 1046 l
855 993 910 1047 in
944 991 1224 1065 principio)
1255 1010 1267 1045 :
1311 1011 1329 1044 ι
1361 991 1627 1048 Similiter
1650 1000 1837 1048 custo-

253 1085 429 1141 ditum
461 1092 516 1140 et
544 1084 802 1138 traditum
847 1084 1131 1152 habemus,
1180 1091 1239 1138 ut
1276 1099 1416 1140 uxor
1456 1084 1699 1155 legitime
1720 1083 1838 1138 viro

243 1175 532 1248 jungatur.
559 1175 732 1232 Aliter
759 1176 904 1230 enim
948 1175 1272 1246 legitimum,
1314 1184 1374 1230 ut
1403 1191 1434 1229 a
1467 1174 1722 1230 Patribus
1749 1189 1840 1229 ac-

251 1270 521 1340 cepimus,
552 1279 607 1324 et
643 1285 676 1324 a
716 1269 918 1324 sanctis
948 1267 1209 1340 apostolis
1238 1282 1539 1338 eorumque
1564 1281 1840 1324 successo-

251 1363 409 1417 ribus
466 1359 725 1416 traditum
773 1359 1103 1424 invenimus,
1138 1373 1245 1414 non
1279 1358 1338 1412 ﬁt
1365 1358 1700 1429 conjugium,
1731 1357 1837 1412 nisi

251 1452 324 1506 ab
366 1452 453 1507 his
483 1451 578 1522 qui
619 1465 782 1521 super
826 1450 1000 1522 ipsam
1032 1448 1292 1506 feminam
1316 1447 1742 1506 dominationem
1761 1447 1840 1503 vi-

252 1544 453 1598 dentur
481 1543 700 1609 habere,
723 1556 779 1596 et
805 1556 838 1596 a
863 1541 1060 1611 quibus
1079 1539 1406 1606 custoditur,
1437 1554 1575 1594 uxor
1599 1545 1835 1608 petatur,

249 1647 306 1692 et
346 1653 379 1693 a
421 1638 741 1708 parentibus
781 1645 874 1692 aut
915 1632 1395 1707 propinquioribus
1446 1641 1758 1704 sponsetur,
1783 1639 1840 1685 et

247 1730 465 1802 legibus
491 1732 725 1798 dotetur,
759 1738 818 1785 et
861 1745 959 1785 suo
997 1738 1241 1798 tempore
1292 1726 1725 1790 sacerdotaliter,
1779 1731 1842 1778 ut

245 1838 373 1878 mos
401 1832 504 1887 est,
554 1839 674 1878 cum
717 1823 973 1894 precibus
1016 1831 1072 1878 et
1108 1820 1468 1877 oblationibus
1496 1835 1527 1874 a
1555 1817 1837 1875 sacerdote

1944 623 2012 678 ad
2062 622 2345 679 Rusticum
2417 623 2822 682 Narbonensem
2893 625 3226 696 episcopum,
3284 627 3521 698 qualiter

1943 713 2071 768 iniri
2117 713 2370 781 debeant,
2414 723 2750 771 monstrante
2791 717 3189 786 cognoscimus.
3237 719 3330 774 Ait
3374 720 3525 775 enim

1943 801 2121 872 capite
2157 802 2368 859 decimo
2394 813 2585 860 octavo
2633 804 2804 876 (epist.
2837 805 2966 876 95):
3015 823 3034 856 ι
3067 804 3180 861 Non
3206 808 3408 874 omnis,
3438 809 3526 864 iu-

1943 893 2156 963 quiens,
2193 893 2388 953 mulier
2415 895 2533 950 viro
2577 896 2883 966 conjuncta,
2932 912 3069 952 uxor
3112 905 3197 951 est
3224 898 3347 964 viri,
3395 900 3525 968 quia

1943 1001 2044 1042 nec
2071 987 2249 1043 omnis
2279 987 2421 1042 ﬁlius
2445 989 2618 1045 haeres
2643 997 2730 1044 est
2753 989 2942 1059 patris.
2975 987 3299 1061 Nuptiarum
3339 1000 3525 1046 autem

1941 1076 2146 1134 ﬁndere
2175 1079 2318 1134 inter
2342 1079 2603 1150 ingenuos
2628 1090 2755 1136 sunt
2793 1081 3051 1152 legitima,
3088 1093 3144 1136 et
3173 1083 3314 1138 inter
3342 1099 3528 1154 aequa-

1942 1167 2038 1232 les,
2071 1177 2126 1224 et
2155 1169 2324 1225 multo
2350 1171 2502 1242 prius
2524 1172 2628 1227 hoc
2663 1173 2844 1243 ipsum
2882 1173 3110 1228 Domino
3135 1176 3523 1239 constituente,

1939 1274 2100 1330 quam
2144 1261 2352 1317 initium
2386 1263 2616 1318 Romani
2657 1265 2798 1335 juris
2831 1266 3112 1322 existeret.
3157 1267 3346 1337 ltaque
3373 1268 3523 1324 aliud

1940 1361 2022 1408 est
2077 1367 2236 1420 uxor,
2288 1353 2434 1410 aliud
2495 1357 2800 1412 concubina
2845 1377 2858 1412 :
2913 1359 3056 1414 sicut
3112 1358 3258 1415 aliud
3307 1360 3526 1427 ancilla,

1939 1442 2084 1499 aliud
2110 1443 2302 1500 libera.
2344 1445 2572 1516 Propter
2613 1451 2758 1518 quod
2784 1451 2949 1505 etiam
2979 1450 3273 1521 Apostolus
3307 1452 3375 1507 ad
3411 1468 3528 1507 ma—

1940 1534 2306 1592 nifestandum
2341 1539 2533 1594 harum
2569 1555 2920 1611 personarum
2965 1544 3350 1601 discretionem
3376 1544 3527 1617 (Cal.

1940 1642 2015 1692 tv,
2046 1627 2159 1699 50),
2195 1630 2560 1686 testimonium
2606 1634 2758 1703 ponit
2796 1651 2864 1690 ex
2915 1635 3134 1700 Genesi,
3183 1638 3274 1693 ubi
3323 1639 3526 1695 dicitur

1937 1718 2170 1776 Abrahze
2203 1721 2394 1793 :Ejice
2444 1724 2694 1779 ancillam
2724 1736 2772 1780 et
2818 1727 2990 1796 ﬁlium
3020 1728 3181 1799 ejus;
3230 1747 3334 1786 non
3379 1731 3522 1786 enim

1939 1811 2105 1867 Iueres
2119 1813 2217 1868 erit
2240 1814 2383 1883 ﬁlius
2409 1816 2617 1872 ancillte
2644 1818 2888 1888 cum’ﬁlio
2907 1837 3019 1876 meo
3041 1821 3200 1877 Isaac
3218 1822 3374 1893 (Gen.
3407 1839 3522 1892 ut,

243 1913 625 1979 benedicatur,
647 1921 704 1968 et
726 1928 758 1966 a
782 1911 1189 1983 paranymphis,
1209 1921 1270 1966 ut
1295 1909 1633 1967 consuetudo
1655 1909 1833 1973 docet,
1866 1899 1914 1958 Β
1942 1905 2052 1978 10).
2087 1905 2241 1964 Unde
2270 1924 2396 1965 cum
2420 1911 2652 1967 societas
2677 1913 2989 1984 nuptiarum
3014 1914 3089 1970 ita
3121 1917 3192 1970 ab
3217 1916 3374 1973 initio
3402 1932 3528 1973 con-

245 2003 525 2059 custodita
574 2011 628 2058 et
669 2003 1002 2068 consociata,
1041 2018 1073 2056 a
1110 2002 1373 2072 proximis
1429 2010 1671 2071 tempore
1711 2015 1839 2055 con-

244 2109 388 2164 gruo
417 2094 586 2164 petita
611 2134 626 2159 ,
654 2093 862 2164 legibus
899 2093 1133 2158 dotetur,
1162 2100 1218 2147 et
1264 2092 1580 2148 solemniter
1601 2091 1840 2162 accipia-

247 2195 364 2250 tur,
404 2193 461 2240 et
507 2185 672 2241 biduo
696 2183 782 2239 vel
807 2184 985 2241 triduo
1004 2183 1342 2240 orationibus
1387 2191 1611 2249 vacent,
1659 2191 1714 2237 et
1751 2197 1840 2238 ca-

243 2282 492 2336 stitatem
541 2279 879 2343 custodiant,
933 2289 995 2334 ut
1030 2278 1184 2335 bonae
1223 2278 1436 2334 soboles
1487 2288 1836 2350 generentur,

242 2383 300 2427 et
374 2371 606 2426 Domino
673 2371 729 2425 in
803 2370 1016 2427 actibus
1095 2371 1208 2426 suis
1283 2371 1553 2442 placeant.
1634 2369 1841 2425 Taliter

240 2465 398 2520 etaim
433 2472 488 2518 et
529 2463 758 2518 Domino
791 2461 1115 2534 placebunt,
1166 2473 1223 2517 et
1276 2462 1416 2519 ﬁlios
1460 2478 1568 2518 non
1601 2462 1837 2533 spurios,

243 2557 417 2633 587
448 2555 542 2612 sed
569 2555 840 2626 legitimos
867 2565 1031 2626 atque
1055 2556 1454 2613 haereditabiles
1478 2555 1835 2628 generabunt.

243 2653 613 2724 Quapropter,
660 2651 752 2708 lilii
780 2651 1087 2708 charissimi
1115 2659 1172 2707 et
1210 2650 1408 2706 merito
1436 2649 1704 2716 illustres,
1733 2649 1840 2704 ﬁde

241 2746 517 2802 catholica
561 2746 908 2820 suffragante,
961 2744 1036 2800 ita
1080 2754 1303 2814 peracta
1349 2743 1592 2814 legitima
1643 2741 1839 2796 scitote

239 2855 369 2896 esse
396 2840 664 2912 conjugis.
689 2841 860 2896 Aliter
886 2855 1018 2895 vero
1047 2845 1398 2909 praesumpta,
1428 2851 1536 2891 non
1561 2835 1835 2906 coniugia,

241 2935 344 2990 sed
367 2944 463 3002 aut
505 2934 792 3000 adulteria,
838 2941 932 2988 aut
962 2930 1342 2994 contubernia,
1379 2937 1474 2984 aut
1505 2935 1708 2998 stupra,
1755 2926 1839 2982 vel

243 3026 660 3092 fornicationes,
711 3026 892 3097 potius
930 3042 1094 3096 quam
1140 3024 1383 3095 legitima
1422 3021 1679 3093 coniugia
1717 3036 1838 3078 esse

243 3129 358 3170 non
385 3117 649 3181 dubitate,
685 3115 791 3172 nisi
827 3115 1077 3170 voluntas
1106 3114 1325 3185 propria
1357 3111 1756 3181 suffragaverit,
1786 3119 1840 3166 et

240 3216 374 3261 vota
399 3208 767 3273 succurrerint
795 3207 1057 3279 legitima.
1087 3205 1224 3261 Nam
1263 3205 1472 3260 fructus
1500 3203 1714 3260 divinus
1750 3211 1835 3258 est

1942 1998 2129 2054 stituta
2157 2000 2248 2065 sit,
2281 2010 2340 2055 ut
2366 2012 2564 2071 praeter
2591 2019 2818 2060 sexuum
2841 2007 3277 2076 conjunctionetn
3304 2010 3532 2068 haberet

1941 2087 1995 2143 in
2025 2103 2083 2144 se
2121 2087 2322 2146 Christi
2346 2101 2401 2146 et
2420 2092 2682 2149 Ecclesia:
2705 2107 3133 2166 sacramentum,
3171 2101 3391 2156 dubium
3417 2117 3529 2156 non

1939 2188 2025 2234 est
2050 2195 2171 2235 eam
2202 2181 2486 2238 mulierem
2531 2201 2637 2242 non
2679 2189 2952 2258 pertinere
2990 2191 3059 2246 ad
3093 2194 3525 2262 matrimonium,

1940 2269 1998 2324 in
2029 2286 2136 2340 qua
2169 2272 2395 2330 docetur
2420 2277 2664 2346 nuptiale
2703 2294 2809 2334 non
2843 2280 3011 2337 fuisse
3052 2285 3391 2354 mysterium.
3427 2285 3532 2356 lgi-

1941 2368 2030 2416 tur
2050 2363 2096 2416 si
2131 2365 2254 2434 quis
2298 2365 2464 2422 ﬁliam
2495 2383 2651 2424 suam
2681 2370 2798 2426 viro
2830 2373 3050 2428 habenti
3081 2377 3435 2432 concubinam
3468 2378 3529 2434 in

1939 2453 2286 2510 matrimonio
2307 2456 2533 2524 dederit,
2559 2476 2666 2515 non
2704 2461 2780 2516 ita
2815 2464 3188 2532 accipiendum
3220 2476 3326 2534 est,
3370 2471 3526 2537 quasi

1939 2558 2061 2599 eam
2091 2547 2378 2618 conjugato
2407 2548 2634 2617 dederit,
2680 2553 2785 2608 nisi
2828 2553 2968 2609 forte
2997 2555 3086 2609 illa
3125 2557 3318 2616 mulier
3361 2558 3529 2630 588

1938 2642 1994 2689 et
2019 2634 2251 2706 ingenua
2279 2638 2445 2704 facta,
2473 2648 2531 2694 et
2553 2641 2737 2697 dotata
2769 2642 3031 2713 legitime,
3067 2655 3124 2700 et
3152 2649 3385 2718 publicis
3423 2668 3530 2706 nu-

1938 2727 2069 2798 ptiis
2104 2729 2390 2787 honestata
2415 2732 2685 2789 videatur.
2720 2735 2953 2793 Paterno
2979 2740 3206 2795 arbitrio
3234 2743 3364 2799 viris
3395 2745 3527 2815 jun-

1940 2826 2043 2873 ctae
2077 2830 2263 2876 carent
2289 2822 2467 2892 culpa,
2499 2825 2546 2879 si
2578 2825 2834 2882 mulieres
2859 2843 2979 2898 qua:
3015 2845 3045 2883 a
3074 2830 3204 2886 viris
3243 2834 3528 2891 habebana

1940 2920 2030 2966 tur
2061 2912 2115 2966 in
2139 2915 2487 2972 matrimonio
2506 2932 2614 2972 non
2635 2917 2874 2986 fuerunt,
2901 2921 3026 2992 quia
3057 2921 3203 2978 aliud
3231 2933 3314 2980 est
3338 2936 3527 2996 nupta,

1939 3004 2085 3060 aliud
2113 3008 2413 3063 concubina
2469 3018 2526 3064 et
2577 3010 2831 3066 ancillam
2871 3029 2903 3067 a
2955 3014 3114 3070 thoro
3167 3015 3424 3087 abjicere,
3473 3031 3526 3076 et

1941 3111 2166 3151 uxorem
2194 3108 2356 3154 certae
2385 3100 2737 3171 ingenuitatis
2781 3105 3054 3175 accipere,
3093 3124 3200 3164 non
3233 3110 3530 3181 duplicatio

1939 3186 2198 3257 conjugii,
2229 3190 2324 3245 sed
2348 3189 2626 3260 profectus
2653 3201 2740 3248 est
2777 3194 3100 3254 honestatis.
3137 3217 3156 3249 ι
3189 3199 3259 3255 Et
3303 3212 3528 3260 sanctus

241 3307 522 3368 pmepu
577 3266 756 3354 divina
821 3262 1114 3355 ὧδιοάίι-θ,
1163 3298 1242 3353 Ea
1293 3311 1508 3368 quoque
1556 3297 1829 3363 deserere,
1859 3262 1905 3326 Β
1935 3278 2255 3338 Ambrosius
2275 3283 2332 3338 in
2356 3282 2496 3340 libro
2532 3285 2598 3341 de
2623 3284 2802 3358 Lapsu
2828 3287 3054 3359 virginis
3079 3290 3217 3362 (cap.
3247 3292 3305 3365 5)
3346 3295 3518 3351 dicit;

241 3391 729 3462 praesumptionem
771 3391 888 3446 ﬁeri
931 3390 1064 3446 nulli
1113 3391 1336 3448 dubium
1379 3399 1483 3446 est.
1515 3409 1536 3444 ι
1569 3389 1677 3446 Cur
1703 3404 1832 3460 ergo

241 3482 531 3554 indignum
563 3491 650 3540 est
674 3483 935 3540 unitatem
964 3483 1222 3541 Ecclesia:
1246 3483 1545 3541 custodiri?
1579 3483 1834 3554 Idemque

239 3590 445 3634 omnes
484 3576 689 3647 pariter
735 3585 791 3632 et
833 3577 1130 3633 sentiamus
1178 3585 1234 3632 et
1283 3575 1715 3648 pronuntiemus.
1774 3577 1832 3632 Si

238 3669 397 3726 enim
439 3668 596 3724 aliter
642 3677 969 3740 praesumpta
1015 3667 1240 3734 fuerint,
1307 3669 1544 3739 perdunt
1591 3666 1834 3738 profecto

240 3759 354 3831 ipsi
411 3768 836 3831 transgressores
891 3760 1121 3832 seipsos,
1171 3760 1263 3830 qui
1313 3759 1635 3832 semetipsos
1690 3759 1837 3815 deci-

241 3855 426 3926 piunt.
457 3853 562 3910 Sed
591 3863 645 3909 et
671 3855 737 3910 de
780 3853 1046 3923 ejusmodi
1084 3869 1284 3926 genere
1327 3855 1563 3926 conjugii
1613 3853 1836 3926 angelus

187 3967 196 3972 ·
240 3946 312 4001 ad
338 3943 545 4015 Joseph
571 3946 648 4000 ait
690 3944 906 4016 (Matth.
959 3962 1052 4012 ιιι,
1080 3946 1214 4019 20);
1262 3945 1484 4018 .loseph,
1533 3946 1609 4001 ﬁli
1643 3947 1833 4013 David,

241 4034 360 4091 noli
425 4037 616 4092 timere
665 4036 912 4107 accipere
962 4035 1190 4092 Mariam
1241 4035 1526 4108 coniugem
1581 4047 1747 4104 tuam,
1782 4037 1837 4093 id

237 4136 352 4206 est,
387 4127 788 4198 desponsatam.
822 4129 890 4184 Et
914 4128 1104 4185 beatus
1135 4127 1363 4184 Siricius
1400 4144 1534 4199 papa
1565 4129 1620 4183 in
1653 4130 1838 4184 decre-

249 4217 324 4276 tis
352 4218 423 4273 ad
445 4217 745 4276 liimerium
757 4219 1220 4277 Tarraconensem
1235 4219 1550 4292 episcopum
1569 4217 1742 4294 (epist.
1761 4220 1834 4290 1),

244 4311 490 4382 capitulo
523 4321 718 4382 quarto
742 4295 817 4366 ita
846 4312 976 4368 dicit
1008 4329 1022 4366 :
1052 4331 1070 4364 ‹
1113 4312 1266 4379 Quod
1292 4327 1400 4368 non
1427 4312 1590 4369 liceat
1611 4312 1838 4369 alterius

245 4412 510 4472 sponsam
542 4401 594 4455 in
633 4401 960 4457 matrimonii
1000 4402 1125 4474 jura
1173 4403 1381 4459 sortiri.
1440 4405 1516 4459 De
1569 4402 1836 4475 conjugali

246 4500 436 4547 autem
484 4492 773 4548 violatione
823 4493 1128 4563 requisistis
1186 4495 1232 4550 si
1294 4495 1679 4566 desponsatam
1747 4496 1838 4552 alii

245 4582 488 4656 puellam
518 4582 656 4639 alter
677 4582 732 4638 in
756 4584 1166 4640 matrimonium
1207 4585 1380 4656 possit
1419 4588 1688 4658 accipere.
1725 4587 1840 4644 Hoc

247 4689 321 4729 ne
367 4673 466 4728 fiat
509 4673 681 4730 modis
723 4675 976 4734 omnibus
1025 4675 1352 4742 inhibemus,
1396 4677 1522 4748 quia
1553 4677 1642 4732 illa
1676 4679 1840 4736 bene-

249 4765 443 4832 dictio,
474 4779 638 4835 quam
665 4775 912 4836 nupturae
940 4767 1198 4822 sacerdos
1245 4767 1494 4840 imponit,
1537 4769 1681 4839 apud
1710 4769 1843 4826 ﬁde-

249 4855 334 4911 les
387 4854 664 4925 cujusdam
704 4858 976 4930 sacrilegii
1027 4859 1203 4914 instar
1252 4869 1356 4926 est,
1406 4861 1453 4916 si
1503 4861 1613 4915 ulla
1663 4871 1842 4919 trans—

251 4950 538 5022 gressione
576 4951 826 5008 violetur.
879 4972 899 5006 ι
944 4951 1024 5007 Ex
1069 4952 1300 5008 concilio
1338 4954 1628 5024 Ancyrano
1668 4955 1847 5026 capite

252 5042 511 5099 decimo:
561 5044 639 5101 De
689 5048 1014 5118 desponsatis
1051 5046 1258 5116 puellis,
1297 5055 1344 5101 et
1372 5046 1438 5099 ab
1491 5045 1613 5100 aliis
1654 5063 1844 5102 corru-

249 5135 403 5205 ptis:
437 5135 796 5206 Desponsatas
837 5137 1063 5207 puellas,
1102 5147 1158 5192 et
1203 5147 1325 5208 post
1367 5137 1436 5193 ab
1474 5137 1596 5192 aliis
1638 5147 1844 5207 raptas,

252 5221 467 5294 placuit
493 5226 632 5292 erui,
660 5235 716 5282 et
744 5225 825 5281 eis
866 5226 1038 5290 reddi,
1077 5226 1275 5296 quibus
1317 5235 1445 5282 ante
1495 5227 1713 5282 fuerant
1755 5237 1850 5284 de-

255 5326 554 5388 sponsatas,
581 5320 795 5374 etiamsi
824 5319 905 5375 eis
940 5335 970 5374 a
1013 5319 1325 5390 raptoribus
1354 5319 1437 5375 vis
1469 5319 1619 5374 illata
1651 5321 1851 5375 consti-

257 5409 414 5466 terit.
453 5411 607 5468 Unde
648 5414 813 5468 etiam
864 5427 1239 5484 saepenumero
1283 5421 1338 5468 et
1392 5412 1747 5482 pluriplicrter
1795 5411 1851 5467 in

239 5511 577 5566 sanctorum
605 5503 1014 5561 dilIinitionibus
1035 5505 1298 5577 legimus:
1335 5504 1430 5560 sed
1468 5505 1535 5560 ad
1561 5505 1851 5561 ostenden-

261 5589 398 5646 dum
425 5592 578 5655 istius
606 5610 777 5667 genus
819 5595 1080 5669 coniugii,
1110 5597 1246 5656 satis
1280 5612 1554 5671 superque
1577 5598 1698 5676 (ista
1737 5595 1850 5655 suf-

263 5681 482 5740 ﬁciunt.

344 5772 480 5844 Quia
510 5795 638 5837 vero
665 5782 927 5838 secundas
967 5782 1182 5853 nuptias
1223 5801 1326 5839 non
1372 5787 1714 5850 damnamus,
1745 5785 1853 5841 imo

269 5867 586 5941 recipimus,
641 5872 785 5929 aliud
829 5887 1000 5946 genus
1041 5875 1295 5949 .conjugii
1350 5883 1406 5935 et
1455 5877 1712 5950 Apostolo
1759 5879 1854 5936 doc

636 5969 906 6032 Ρηιιοι..
948 5969 1203 6034 CXXV.

1943 3389 1963 3424 ι
1995 3373 2132 3441 Quia
2159 3374 2304 3430 inter
2349 3376 2537 3432 decem
2583 3385 2752 3434 testes
2800 3378 3063 3436 confectis
3108 3384 3417 3453 sponsaliis,
3470 3398 3528 3444 et
3627 3401 3631 3404 '

1936 3467 2141 3538 nuptiis
2165 3471 2580 3536 consummatis,
2607 3472 2812 3542 quaevis
2850 3474 2968 3530 viro
2993 3473 3197 3530 femina
3233 3491 3524 3550 conjuncta

1938 3563 2176 3632 mortali,
2203 3579 2315 3620 non
2340 3565 2459 3621 sine
2498 3581 2695 3637 magno
2731 3567 2971 3636 periculo
3014 3579 3295 3640 perpetrat
3324 3575 3529 3633 adulte-

1938 3652 2101 3707 rium.
2137 3673 2156 3704 ι
2211 3654 2320 3710 Sed
2363 3664 2420 3710 et
2457 3657 2583 3725 quia
2639 3667 2794 3712 extra
2849 3660 3188 3731 ordinarios,
3235 3668 3370 3722 ordo
3416 3684 3526 3726 non

1937 3745 2307 3813 praetermittit
2343 3747 2632 3817 Ecclesiae,
2664 3751 2793 3820 quin
2820 3764 2915 3808 aut
2959 3757 3344 3828 resipiscentes
3387 3763 3529 3818 reci-

1939 3835 2073 3905 piat,
2102 3845 2195 3892 aut
2223 3847 2637 3897 contemnentes
2688 3842 2931 3914 abjiciat,
2983 3848 3051 3904 de
3098 3851 3418 3910 multiuubis
3464 3855 3521 3910 in

1938 3927 2172 3983 concilio
2199 3927 2626 3988 Neocaesariensi
2679 3937 2856 4003 capite
2912 3939 3074 3993 tertio
3133 3941 3208 3995 ita
3258 3944 3523 4013 scriptum

1940 4025 2064 4072 est:
2103 4037 2122 4070 ι
2172 4019 2252 4074 De
2290 4021 2376 4076 his
2406 4023 2500 4091 qui
2547 4025 2601 4078 in
2631 4025 2894 4094 plurimas
2936 4031 3154 4098 nuptias
3185 4032 3518 4102 inciderunt,

1941 4118 1996 4166 et
2025 4119 2236 4183 tempus
2278 4115 2496 4184 quidem
2532 4119 2859 4187 praeﬁnitum
2892 4124 3241 4180 manifestum
3279 4137 3384 4194 est,
3427 4131 3526 4186 sed

1941 4204 2284 4262 conversatio
2309 4223 2498 4263 eorum
2519 4218 2574 4265 et
2603 4210 2738 4266 ﬁdes
2763 4221 2972 4284 tempus
2993 4215 3293 4274 abbreviat.
3325 4239 3344 4271 ι
3375 4220 3519 4278 Eve-

1941 4301 2024 4352 nit
2048 4297 2210 4352 ctiam
2242 4312 2340 4367 per
2375 4299 2626 4355 bellicam
2675 4301 2902 4358 cladem.
2949 4315 3004 4358 et
3033 4307 3386 4376 gravissimos
3432 4311 3530 4366 ho-

1943 4387 2184 4445 stilitatis
2211 4389 2575 4464 incursus,_ut
2609 4408 2746 4449 uxor
2769 4394 2871 4452 viri
2901 4397 3068 4468 capiti
3107 4398 3265 4458 alteri
3293 4403 3525 4476 conjun-

1943 4490 2124 4552 gatur.
2171 4481 2477 4554 Rapiuntur
2501 4500 2715 4555 quoque
2761 4497 2948 4543 contra
2992 4487 3073 4546 fas
3112 4500 3166 4547 et
3202 4491 3327 4562 jura
3357 4497 3532 4552 viduae

1946 4572 2032 4628 vel
2055 4573 2310 4646 virgines,
2345 4591 2409 4631 ac
2445 4577 2906 4646 sanctimohiales,
2944 4583 3085 4639 unde
3123 4586 3407 4642 medicinae
3449 4605 3535 4644 sa-

1947 4667 2058 4722 cris
2109 4667 2461 4740 designantur
2506 4671 2829 4746 canonibus,
2881 4689 3000 4743 qua:
3034 4676 3123 4731 hic
3173 4693 3378 4748 ponere
3423 4697 3532 4736 non

1946 4758 2315 4814 necessarium
2347 4759 2613 4814 ducimus.
2645 4761 2786 4817 Ecce
2816 4764 3014 4832 quibus
3048 4767 3225 4824 modis
3254 4769 3532 4828 sociantur

1949 4852 2218 4925 conjugia,
2251 4853 2339 4908 vel
2365 4854 2721 4910 contubernia
2751 4871 3100 4929 usurpantur.

2373 4964 2986 5032 INTERROGATIO
3030 4972 3106 5035 V.

2026 5083 2289 5151 Qualiter,
2322 5083 2406 5138 vel
2443 5099 2544 5154 pro
2576 5086 2775 5157 quibus
2807 5089 2991 5156 rebus,
3021 5091 3319 5147 secundum
3341 5102 3530 5152 aucto-

1955 5177 2172 5234 ritatem
2200 5177 2332 5232 inita
2358 5175 2606 5249 conjugia
2649 5180 2892 5248 separari
2917 5179 3149 5248 valeant,
3187 5190 3242 5236 et
3270 5183 3387 5238 sine
3413 5186 3536 5255 qui-

1954 5270 2056 5325 bus
2087 5270 2326 5341 separari
2358 5286 2463 5326 non
2496 5270 2746 5335 debeant,
2774 5281 2826 5325 et
2860 5272 2905 5326 si
2941 5283 3065 5340 post
3091 5271 3530 5344 disjunctionem,

1953 5362 2039 5416 vir
2065 5368 2159 5415 aut
2185 5359 2389 5417 femina
2417 5368 2644 5430 uterque
2672 5361 2857 5415 vivens
2899 5361 2964 5415 ad
3009 5361 3168 5415 aliam
3209 5363 3404 5418 debeat
3442 5382 3534 5421 co-

1955 5454 2136 5526 pulam
2157 5456 2422 5525 aspirare,
2446 5454 2532 5510 vel
2554 5454 2598 5509 si
2620 5454 2739 5524 pari
2757 5453 2964 5524 judicio
2989 5455 3327 5530 quiscunque
3345 5472 3540 5523 eorum

1958 5546 2014 5603 in
2039 5545 2290 5619 coniugio
2332 5561 2564 5616 peccans
2590 5545 2784 5602 debeat
2816 5545 3072 5615 judicari.

2559 5658 2959 5720 RESPONSIO.

2032 5777 2256 5844 Primo,
2317 5791 2408 5846 qut
2454 5774 2748 5832 secundum
2803 5776 3172 5849 evangelicam
3213 5781 3525 5836 admonitio-

1969 5891 2114 5945 nem,
2157 5884 2218 5931 ut
2243 5875 2438 5932 beatus
2463 5870 2800 5946 Augustinus
2840 5873 2892 5930 in
2918 5874 3054 5932 libro
3091 5896 3104 5932 :
3140 5875 3204 5930 dc
3235 5871 3384 5930 Bono
3415 5888 3529 5927 cou-

3022 5979 3098 6038 2!
