3884 5686
484 389 578 446 65!

1437 386 1766 445 HINCMARI
1804 388 2203 447 RHEMENSIS
2242 387 2760 448 ARCHIEPISCOPI

3623 389 3709 450 (‘53

480 499 648 572 jugali
695 499 846 565 dicit,
897 504 1084 554 amore
1131 496 1193 552 ﬁt
1242 480 1455 552 salutis?
1478 504 1694 553 aeternae
1719 538 1734 564 ,
1789 498 1879 553 ubi
1919 505 2067 554 tanto
2096 501 2145 564 Α
2169 502 2486 574 propinquis
2525 516 2713 559 eorum
2740 486 2873 556 nihil
2900 499 3005 555 tale
3023 499 3189 555 statui
3218 468 3414 571 potest,
3440 498 3542 556 nisi
3558 501 3711 559 incen-

483 593 679 649 melius
715 600 921 663 quanto
946 590 1246 663 spiritalius
1290 599 1568 646 servatum
1607 603 1772 661 quam
1798 590 2064 647 dissocia-

483 696 598 742 tum
646 681 953 755 coniugium
999 682 1218 739 dicitur.
1262 680 1428 738 Et-S.
1459 681 1795 753 Augustinus
1834 682 1890 737 in
1924 681 2064 738 libro
2103 682 2107 686 ’

479 781 670 852 quinto
717 784 905 834 contra
932 774 1204 835 lulianum
1234 776 1406 833 dicit:
1466 794 1485 829 ε
1542 776 1736 843 Dixit,
1789 777 2057 849 inquiens,

479 874 653 929 Lucas
673 869 1003 941 evangelista
1033 869 1101 926 de
1149 868 1378 926 Domino
1406 867 1557 941 (Luc.
1603 881 1701 935 ut,
1741 867 1858 940 23),
1908 867 2059 938 quod

477 962 769 1035 putabatur
796 961 943 1017 ﬁlius
983 962 1205 1033 Joseph,
1253 960 1384 1032 quia
1426 961 1500 1016 ita
1528 962 1841 1032 putabatur,
1873 968 1933 1015 ut
1964 975 2063 1030 per

475 1054 591 1124 eius
631 1054 983 1110 concubitum
1030 1052 1248 1124 genitus
1288 1049 1624 1108 crederetur.
1676 1051 1829 1107 Hanc
1865 1051 2063 1107 falsam

474 1145 647 1205 voluit
675 1158 957 1201 removere
1001 1143 1331 1214 opinionem,
1374 1160 1480 1198 non
1511 1142 1734 1198 Mariam
1765 1143 1909 1199 illius
1957 1141 2062 1199 viri

473 1251 675 1309 negare
695 1232 979 1307 coniugem
999 1241 1190 1291 contra
1212 1234 1462 1303 angelum
1488 1242 1679 1290 testem
1701 1251 1717 1302 ;
1743 1249 2061 1306 quanquam

472 1345 529 1392 et
555 1344 612 1392 tu
640 1335 757 1407 ipse
800 1335 969 1390 etiam
1020 1347 1089 1388 ex
1137 1332 1509 1403 despousionis
1549 1330 1655 1386 ﬁde
1694 1346 1816 1386 eam
1862 1344 2059 1387 nomen

473 1425 721 1499 conjugis
750 1425 1027 1496 accepisse
1065 1423 1305 1489 fatearis,
1335 1438 1456 1493 qua:
1496 1422 1632 1478 ﬁdes
1661 1423 1849 1493 utique
1885 1422 2060 1478 invio-

472 1518 582 1574 lata
608 1517 926 1590 permansit.
954 1515 1140 1586 Neque
1176 1515 1345 1582 enim,
1387 1530 1509 1570 cum
1540 1526 1661 1570 eam
1695 1513 2057 1584 vidissetjam

472 1610 738 1682 virginem
767 1622 1003 1673 sacram,
1028 1607 1213 1663 divina
1249 1605 1584 1663 fecunditate
1629 1605 1908 1673 donatam,
1936 1606 2056 1677 ipse

471 1701 635 1757 aliam
669 1699 923 1773 quaesivit
960 1710 1207 1764 uxorem,
1237 1712 1359 1753 cum
1385 1698 1573 1768 utique
1598 1713 1697 1754 nec
1723 1699 1883 1753 istam
1907 1713 2057 1770 quae-

470 1797 674 1864 siisset,
712 1795 762 1852 si
804 1792 1172 1851 necessariam
1200 1789 1485 1862 coniugem
1516 1807 1626 1847 non
1670 1789 1914 1858 haberet,
1958 1790 2055 1847 sed

2170 604 2317 651 tores
2375 595 2551 653 illiciti
2603 593 2862 652 consortii
2904 593 3073 651 fuisse
3123 593 3461 665 detegantur.
3498 613 3516 647 I
3565 595 3626 651 Et
3662 595 3711 654 8.

2163 687 2486 744 Ambrosius
2510 688 2566 745 in
2600 687 2695 744 lib.
2726 689 2802 744 De
2835 674 3155 744 Abraham:
3191 706 3212 740 ι
3246 683 3351 743 Vos
3374 701 3582 757 moneo,
3612 689 3716 756 viri,

2164 780 2403 838 maxime
2427 781 2519 851 qui
2568 780 2637 837 ad
2677 781 2909 852 gratiam
2934 780 3150 849 Domini
3176 778 3419 845 tenditis,
3446 794 3554 836 non
3595 796 3719 836 com-

2165 873 2384 929 misceri
2410 872 2719 930 adulterino
2746 872 2962 944 corpori
2993 889 3007 927 :
3035 872 3131 944 qui
3156 872 3301 929 enim
3329 887 3390 928 se
3431 872 3606 943 jungit
3626 885 3720 928 tne-

2165 963 2353 1019 retrici
2378 977 2548 1018 unum
2574 977 2775 1034 corpus
2803 971 2888 1020 est
2916 980 2930 1016 :
2955 978 3058 1020 nec
3087 964 3218 1021 dare
3240 964 3386 1020 hanc
3406 963 3723 1019 occasionem

2164 1054 2383 1111 divortii
2412 1055 2752 1111 mulieribus.
2782 1053 2953 1117 Nemo
2970 1055 3074 1111 sibi
3110 1053 3420 1113 blandiatur
3441 1055 3509 1111 de
3541 1053 3725 1126 legibus

2164 1145 2469 1214 hominum,
2520 1161 2682 1203 omne
2709 1155 2957 1218 stuprum
2986 1147 3312 1205 adulterium
3352 1155 3461 1213 est,
3492 1162 3591 1207 nec
3626 1148 3725 1205 viro

2163 1238 2313 1308 licet,
2338 1241 2487 1312 quod
2511 1241 2725 1297 mulieri
2756 1256 2864 1299 non
2891 1242 3040 1299 licet.
3075 1242 3277 1298 Eadem
3306 1257 3339 1298 a
3371 1242 3513 1308 viro,
3537 1257 3652 1313 qua
3670 1241 3726 1301 ait

2163 1348 2335 1391 uxore
2357 1334 2587 1391 debetur
2611 1336 2956 1392 castimonia.
2987 1336 3258 1407 Quidquid
3282 1336 3339 1391 in
3370 1349 3460 1401 ea,
3492 1351 3613 1407 quin
3637 1349 3727 1391 non

2163 1424 2233 1481 sit
2246 1425 2487 1497 legitima
2511 1442 2667 1493 uxor,
2689 1427 3040 1485 commissum
3054 1427 3239 1493 luerit,
3258 1426 3513 1483 adulterii
3536 1427 3729 1482 damna-

2163 1523 2253 1571 tur
2273 1517 2521 1575 crimine.
2542 1518 2685 1590 Ergo
2706 1519 3010 1585 advertitis,
3035 1520 3165 1591 quid
3179 1519 3424 1576 debeatis
3443 1530 3656 1585 cavere,
3673 1533 3728 1574 ne

2162 1607 2287 1677 quis
2311 1609 2675 1666 sacramentis
2718 1624 2779 1666 se
2830 1610 3109 1683 indignum
3155 1609 3415 1681 praebeat.
3454 1628 3476 1663 ι
3506 1610 3637 1680 Cap.
3671 1609 3728 1664 25

2162 1703 2397 1760 concilio
2423 1704 2776 1776 Agatbensis,
2800 1707 2869 1763 de
2913 1706 2999 1762 bis
3031 1706 3124 1776 qui
3171 1705 3293 1762 sine
3340 1718 3512 1762 causa
3554 1719 3729 1760 uxores

2162 1809 2289 1852 suas
2324 1795 2658 1869 relinquunt,
2700 1802 2776 1853 ita
2822 1799 3083 1870 scriptum
3111 1807 3199 1855 est
3226 1816 3244 1853 :
3278 1818 3297 1850 ε
3330 1798 3400 1854 Hi
3429 1814 3561 1854 vero
3589 1812 3731 1854 sten-

470 1886 744 1945 vinculum
790 1884 914 1940 ﬁdei
951 1881 1253 1955 coniugalis
1305 1896 1413 1937 non
1462 1882 1583 1937 ideo
1625 1880 1894 1952 judicavit
1931 1894 2055 1937 esse
2080 1875 2131 1938 B
2161 1887 2328 1954 lares,
2359 1890 2454 1960 qui
2482 1888 2765 1962 coniugale
2787 1891 3122 1947 consortium
3141 1890 3287 1948 nulla
3320 1890 3481 1961 culpa
3505 1891 3730 1962 graviore

469 1978 805 2045 solvendum,
850 1977 976 2048 quia
1018 1990 1144 2047 spes
1190 1975 1610 2033 commiscendze
1646 1975 1833 2031 carnis
1872 1974 2054 2031 ablata

469 2080 573 2130 est.
605 2088 625 2126 ο

540 2167 791 2224 Secundo
814 2177 968 2238 mque
1003 2165 1299 2221 secundum
1338 2162 1716 2235 evangelicum
1742 2160 2052 2231 veritatem,

470 2274 637 2319 causa
680 2258 1075 2316 fornicationis.
1134 2256 1288 2312 Unde
1332 2256 1635 2311 istiusmodi
1680 2255 1945 2310 medicina
1998 2255 2056 2310 in

471 2353 771 2411 canontbus
799 2352 940 2427 (can.
987 2353 1079 2427 l9)
1133 2351 1407 2425 Ancyrani
1464 2350 1677 2407 concilii
1712 2348 1880 2422 589
1904 2348 2056 2405 adbi‘

467 2447 629 2504 betur
660 2462 675 2502 :
709 2464 728 2499 ί
758 2444 814 2502 Si
840 2446 1013 2517 cujus,
1042 2444 1314 2517 inquiens,
1344 2458 1480 2499 uxor
1526 2442 1828 2499 adulterata
1872 2440 2053 2509 fuerit,

465 2541 554 2599 vel
579 2541 625 2600 si
657 2541 773 2614 ipse
800 2540 1125 2599 adulterium
1155 2538 1512 2606 commiserit,
1552 2548 1759 2611 septem
1789 2553 2055 2595 annorum

466 2635 785 2706 paultentia
832 2643 1046 2708 oportet
1087 2650 1211 2691 eum
1240 2633 1630 2705 perfectionem
1658 2631 1938 2704 consequi,
1969 2646 2056 2688 se-

467 2735 699 2791 cundum
728 2735 986 2807 pristinos
1020 2735 1238 2807 gradus.
1263 2754 1282 2788 ι
1305 2735 1372 2791 Et
1401 2735 1467 2790 de
1496 2748 1684 2791 eorum
1710 2730 2054 2803 separatione

465 2826 521 2880 in
560 2825 788 2882 concilio
815 2825 1069 2882 Africano
1095 2826 1271 2896 capite
1283 2826 1620 2897 sexagesimo
1640 2838 1783 2881 nono
1810 2823 1885 2878 ita
1914 2820 2054 2877 scri«-

465 2926 617 2988 ptum
647 2915 879 2973 habetur
908 2934 922 2973 :
957 2934 976 2968 ι
1019 2914 1229 2972 Placuit
1276 2923 1338 2971 ut
1363 2917 1659 2973 secundum
1688 2911 2055 2985 evangelicam

465 3015 521 3064 et
539 3006 887 3077 apostolicam
917 3006 1278 3078 diSCipiilialtl,
1296 3023 1472 3080 neque
1484 3008 1738 3065 dimissus
1766 3007 1831 3061 ab
1859 3020 2053 3072 uxore,

467 3112 643 3170 neque
676 3098 897 3155 dimissa
917 3115 947 3154 a
969 3099 1188 3169 marito,
1220 3100 1375 3156 alteri
1408 3098 1829 3172 coniungantur,
1856 3100 1953 3156 sed
1980 3098 2055 3154 ita

465 3198 741 3258 maneant,
764 3201 857 3247 aut
887 3192 1103 3248 sibimet
1153 3189 1568 3247 reconcilientur
1594 3207 1609 3222 ·
1636 3190 1779 3261 quod
1827 3189 1873 3247 si
1926 3205 2057 3246 con-

466 3287 810 3357 tempserint,
845 3286 913 3341 ad
966 3286 1339 3358 paenitentiam
1389 3287 1729 3359 redigantur.
1783 3306 1802 3339 ι
1849 3286 2055 3343 Deinde

466 3378 762 3435 austeritas
793 3378 1041 3450 sequitur
1071 3395 1084 3432 :
1123 3400 1141 3431 ι
1177 3377 1247 3435 Ut
1275 3382 1601 3449 quocunQue
1625 3378 1784 3434 modo
1814 3377 2055 3451 legitime

466 3472 601 3527 inita
634 3472 883 3544 coniugia
908 3479 1249 3541 separentur,
1282 3487 1389 3525 non
1433 3471 1550 3527 sine
1579 3468 1901 3527 sacerdotali
1924 3485 2056 3527 con-

468 3562 718 3631 scientia,
749 3572 805 3618 et
838 3563 1041 3633 absque
1064 3562 1221 3634 legali
1238 3561 1443 3634 judicio
1473 3562 1708 3619 debeant
1728 3561 1989 3634 separari.
2028 3583 2049 3617 ›

465 3654 600 3711 Item
626 3655 683 3710 in
722 3653 951 3711 concilio
988 3654 1320 3712 Eliberatino
1357 3657 1496 3731 (can.
1527 3656 1582 3729 9)
1616 3675 1629 3711 :
1684 3672 1703 3709 ι
1738 3654 1964 3714 Femina
1995 3657 2057 3713 ﬁ-

301 3742 307 3749 ’
367 3806 377 3813 ,
467 3746 622 3813 detis,
654 3761 773 3817 qua:
798 3744 1100 3802 adulterum
1137 3749 1394 3804 maritum
1434 3746 1716 3820 reliquerit
1738 3748 1968 3815 iidelem,
1998 3758 2055 3807 et
2090 3768 2095 3771 ‘

466 3842 770 3898 adulterum
799 3841 965 3909 ducit,
993 3841 1344 3914 prohibeatur
1370 3860 1438 3899 ne
1468 3844 1630 3900 ducat
1672 3862 1685 3898 :
1728 3844 1771 3900 si
1816 3845 2050 3913 duxerit,

467 3946 573 3988 non
599 3932 749 4004 prius
777 3933 1008 4004 accipiat
1031 3935 1490 4002 communionem,
1522 3936 1627 3992 nisi
1658 3936 1704 3992 is
1726 3952 1887 4008 quem
1921 3936 2050 3992 reli-

466 4026 601 4096 quit,
628 4024 779 4097 prius
810 4025 876 4082 de
901 4027 1098 4084 saeculo
1119 4028 1318 4086 exierit
1342 4045 1356 4084 :
1388 4030 1493 4084 nisi
1523 4030 1569 4086 si
1595 4029 1734 4086 forte
1755 4032 2052 4087 necessitas

464 4120 793 4179 inﬁrmitatis
817 4122 947 4180 dare
991 4124 1333 4196 compulerit.
1378 4145 1397 4177 ι
1432 4123 1641 4182 Similis
1672 4126 1966 4191 sententia,
1996 4132 2052 4180 et

464 4212 531 4270 de
555 4214 672 4269 viro
699 4213 927 4271 tenenda
955 4224 1060 4282 est,
1089 4217 1215 4287 quia
1252 4225 1311 4272 ut
1338 4216 1687 4274 innocentius
1712 4216 1781 4272 ad
1828 4214 2049 4287 Exupe-

462 4306 605 4363 rium
625 4302 951 4365 Toiosanum
976 4309 1312 4381 episcopum,
1357 4320 1413 4367 et
1458 4311 1791 4382 Augustinus
1832 4311 1886 4364 in
1910 4308 2051 4367 libro

463 4396 527 4452 de
579 4399 755 4453 decem
799 4396 1046 4466 Cltordis,
1088 4409 1144 4455 et
1192 4400 1555 4473 Hieronymus
1604 4403 1657 4457 in
1712 4401 1938 4473 epistola
1982 4402 2051 4458 ad

463 4491 737 4549 Oceanum
765 4495 831 4550 de
855 4497 1027 4551 morte
1050 4490 1289 4553 Fabiola:
1314 4497 1557 4554 scribunt
1581 4518 1593 4553 :
1628 4518 1647 4551 ε
1689 4497 1801 4556 Sub
1825 4515 1932 4555 una
1952 4497 2045 4569 iu-

464 4581 590 4639 dicii
614 4585 776 4640 divini
804 4585 918 4657 lege
943 4594 1194 4644 tenentur
1215 4591 1261 4644 si
1292 4606 1614 4662 quacunque
1634 4592 1701 4648 de
1745 4609 1908 4650 causa
1938 4594 2049 4651 dis-
2071 4609 2129 4671 ι)

467 4678 756 4733 socientur.
788 4698 807 4732 ι
842 4677 997 4735 Unde
1024 4678 1368 4737 innocentius
1411 4684 1477 4737 ad
1525 4683 1858 4756 Exuperium
1887 4685 2050 4742 Tolo-

466 4782 657 4824 sanum
676 4768 985 4841 episcopum
1026 4772 1261 4842 capitulo
1282 4774 1513 4845 septimo
1551 4792 1564 4827 :
1606 4794 1623 4827 ι
1672 4775 1747 4830 De
1773 4776 1858 4832 his
1887 4778 2051 4834 etiam

465 4859 747 4928 requisivit
777 4859 992 4918 dilectio
1021 4871 1131 4929 tua,
1161 4864 1253 4934 qui
1278 4864 1674 4922 interveniente
1710 4867 1935 4937 repudio
1959 4868 2053 4924 alii

465 4968 524 5007 se
552 4953 895 5011 matrimonio
941 4956 1287 5027 copularunt,
1342 4975 1477 5028 quos
1525 4960 1577 5013 in
1618 4968 1848 5031 utraque
1900 4970 2053 5031 parte

466 5043 739 5100 adulteros
763 5060 886 5101 esse
927 5045 1276 5101 manifestum
1323 5057 1426 5103 est.
1456 5049 1560 5116 Qui
1592 5064 1721 5107 vero
1747 5051 1832 5106 vel
1881 5068 2048 5108 uxore

463 5134 700 5203 vivente,
728 5138 978 5206 quatnvis
1018 5138 1367 5195 dissociatum
1410 5158 1533 5198 esse
1578 5143 1824 5198 videatur
1862 5146 2051 5215 conju-

458 5224 635 5297 gium,
664 5228 913 5295 aduliam
945 5229 1196 5299 copulam
1224 5228 1575 5297 festinarunt,
1619 5248 1795 5303 neque
1821 5244 2050 5304 possunt

467 5318 695 5374 adulteri
722 5335 826 5376 non
848 5321 1040 5388 videri,
1069 5322 1124 5376 in
1155 5330 1362 5377 tantum
1385 5333 1443 5378 ut
1476 5324 1639 5378 etiam
1670 5325 1754 5381 hae
1781 5341 2047 5395 personae,

466 5426 586 5479 qua:
612 5411 808 5468 talibus
836 5413 1138 5482 conjunctae
1178 5422 1326 5478 sunt,
1359 5415 1523 5469 etiam
1554 5415 1683 5486 ipsa:
1725 5418 2051 5475 adulterium

465 5504 803 5561 commisisse
828 5505 1134 5571 videantur,
1157 5507 1453 5563 secundum
1483 5508 1611 5563 illud
1639 5511 1783 5580 quod
1820 5511 2049 5583 tegimus

468 5591 514 5612 ελλ
552 5591 645 5612 τπ--ί
752 5594 841 5634 11ἰο
869 5613 881 5646 -_
912 5595 1017 5646 nui
1038 5598 1297 5648 dimiserit
1337 5616 1555 5650 uxorem
1584 5619 1734 5652 suam
1760 5615 1811 5652 et
1837 5608 2050 5654 duxerit

2083 3239 2130 3305 C

2161 1981 2458 2049 dimittunt,
2498 1983 2584 2038 vel
2607 1984 2775 2040 etiam
2827 1983 3175 2051 dimiserunt,
3230 1994 3287 2041 et
3333 1984 3517 2041 nullas
3559 1997 3731 2040 causas

2158 2074 2371 2131 discidii
2396 2076 2751 2147 probabiliter
2773 2085 3160 2149 proponentes,
3190 2087 3487 2149 propterea
3514 2092 3611 2134 sua
3636 2091 3729 2131 ma-

2160 2166 2414 2222 trimonia
2439 2168 2738 2235 dimittunt,
2770 2180 2830 2225 ut
2862 2178 2955 2224 aut
2983 2170 3181 2237 aliena,
3209 2179 3305 2226 aut
3331 2170 3520 2227 illicita
3547 2185 3710 2242 pratia

2159 2264 2310 2311 mant
2342 2275 2356 2311 :
2393 2257 2441 2313 si
2469 2266 2764 2330 antequam
2815 2261 2884 2316 ad
2910 2262 3224 2331 episcopum
3252 2261 3643 2333 provincialem
3663 2260 3731 2314 di.

2158 2349 2313 2407 scidit
2342 2349 2704 2424 590-592
2731 2368 2953 2410 causam
2982 2355 3241 2420 dixerint,
3272 2363 3331 2410 et
3350 2357 3508 2427 prius
3530 2368 3728 2417 uxores,

2156 2458 2320 2515 quam
2336 2442 2542 2515 judicio
2564 2447 2915 2515 damnentur,
2947 2448 3265 2520 objecerint,
3310 2462 3343 2503 a
3366 2448 3729 2505 communione

2156 2534 2432 2603 Ecclesite,
2447 2552 2513 2592 ac
2539 2538 2710 2594 sancti
2722 2538 2904 2610 populi
2918 2550 3084 2609 emta,
3096 2536 3273 2611 proco
3285 2542 3436 2611 quod
3450 2541 3732 2597 ﬁdemcun-

2152 2626 2287 2702 jugii
2319 2630 2611 2696 maculant,
2663 2631 3039 2688 excludantur.
3076 2646 3095 2686 t
3146 2633 3216 2688 Et
3242 2634 3375 2689 item
3420 2630 3476 2688 in
3520 2631 3732 2691 concilio

2160 2722 2496 2778 Eliberitauo
2524 2738 2537 2777 :
2569 2741 2587 2775 ι
2621 2721 2879 2791 Femina,
2896 2739 3018 2795 quas
3039 2724 3184 2779 nulla
3212 2724 3555 2795 praecedente
3582 2736 3731 2781 causa

2158 2813 2481 2885 reliquerint
2503 2815 2648 2870 viros
2677 2829 2829 2882 suos,
2858 2824 2916 2871 et
2959 2814 3080 2871 aliis
3117 2815 3521 2887 copulaverint,
3545 2828 3648 2871 nec
3682 2814 3731 2868 in

2160 2905 2323 2958 linem
2347 2903 2620 2974 accipiant
2643 2903 3100 2961 communionem.
3123 2924 3143 2959 ι
3163 2903 3303 2961 Sunt
3316 2914 3374 2960 et
3387 2905 3510 2962 alite
3528 2904 3732 2961 incesta

2159 2995 2590 3066 coniunctiones,
2643 3013 2943 3069 carumque
2989 3000 3384 3069 separationes,
3419 3008 3585 3071 atque
3604 2996 3734 3068 indi-

2158 3091 2263 3159 cia,
2291 3090 2359 3148 de
2382 3090 2580 3163 quibus
2606 3092 2694 3148 hic
2739 3091 2885 3163 loqui
2919 3092 3243 3150 festinantes
3271 3093 3345 3150 ad
3371 3093 3479 3149 alia
3501 3104 3735 3164 superse-

2158 3183 2356 3239 dimus.
2374 3181 2453 3239 De
2473 3183 2669 3255 quibus
2695 3185 2877 3241 cuncti
2894 3184 3134 3257 legentes
3159 3193 3463 3257 agnoscant
3486 3185 3609 3256 quia
3634 3195 3731 3237 non

2162 3274 2285 3332 ideo
2329 3276 2504 3332 sancti
2531 3285 2588 3333 et
2637 3277 2922 3348 apostolici
2947 3278 3073 3345 viri,
3100 3292 3454 3345 succasores
3502 3274 3734 3331 videlicet

2160 3368 2548 3440 apostolorum,
2577 3386 2648 3426 ex
2668 3385 2857 3427 eorum
2902 3371 3193 3428 traditione
3223 3371 3377 3444 leges
3422 3377 3732 3445 statuerunt,

2158 3473 2294 3532 quas
2318 3460 2411 3518 hic
2428 3462 2731 3533 posuimus,
2757 3472 2818 3519 ut
2850 3478 3011 3520 nemo
3034 3464 3275 3520 ﬁdelium
3306 3462 3467 3534 iuxta
3512 3462 3739 3519 divinata

2158 3555 2535 3613 auctoritatem
2577 3558 2771 3614 initum
2818 3560 3081 3616 dissolvat
3114 3557 3435 3632 coniugium
3476 3561 3597 3617 sine
3637 3558 3738 3628 cpi-

2157 3649 2308 3720 scopi
2355 3650 2441 3706 sui
2466 3650 2717 3719 scientia,
2746 3661 2807 3708 ut
2831 3652 2979 3727 leges
3005 3653 3190 3710 satculi
3233 3651 3581 3711 Christianas
3624 3665 3741 3707 eon-

2158 3748 2489 3810 temnamus,
2517 3758 2583 3799 ac
2611 3743 2936 3800 conuulsam
2961 3744 3209 3811 velimus,
3230 3757 3375 3815 quas
3394 3745 3562 3800 etiam
3589 3744 3643 3799 ia
3661 3755 3741 3796 ec-

2157 3835 2481 3892 clesiasticis
2509 3839 2926 3895 necessitatibus
2952 3838 3289 3911 promulgari
3312 3852 3463 3910 sape
3486 3837 3658 3895 soleat
3680 3835 3742 3889 ab

2156 3927 2580 3997 imperatoribus
2626 3939 2686 3987 et
2714 3931 2934 4002 regibus
2973 3932 3219 3988 Ecclesia
3273 3932 3581 4002 postulare,
3625 3943 3743 4001 qua-

2156 4034 2387 4091 rumque
2421 4021 2710 4079 sententiis
2740 4023 2796 4079 in
2841 4024 2957 4080 suis
2995 4024 3219 4094 iudiciis
3259 4025 3429 4080 simul
3453 4039 3579 4080 cum
3632 4038 3742 4079 sese
3768 4030 3781 4039 ’

2157 4111 2341 4195 tentiis
2388 4127 2659 4170 canonum
2708 4114 3033 4185 episcopalis
3079 4116 3382 4173 auctoritas
3416 4116 3746 4188 frequentius

2154 4211 2363 4273 utatur,
2391 4213 2447 4260 et
2481 4206 2535 4262 in
2562 4214 2775 4262 tantum
2817 4216 3086 4279 acceptet,
3138 4218 3197 4265 ut
3226 4211 3580 4267 Damasuset
3624 4209 3744 4272 ιω,

2154 4305 2320 4368 atque
2339 4306 2561 4356 sanctus
2595 4299 2914 4373 Gregorius,
2968 4301 3146 4372 legum
3192 4306 3503 4361 sententias
3527 4302 3746 4361 feceris!

2152 4402 2275 4446 esse
2300 4392 2611 4460 canonicas,
2648 4393 2793 4449 sicut
2822 4395 2878 4450 in
2913 4407 3103 4450 eorum
3158 4395 3442 4452 invenitur
3489 4395 3744 4467 epistolis,

2152 4490 2210 4539 et
2229 4485 2645 4541 commonitoria
2674 4486 2744 4542 ad
2767 4483 3036 4542 Joannem
3058 4484 3417 4543 Defensor-em
3446 4496 3675 4544 euntem
3698 4488 3746 4542 in

2154 4575 2442 4649 Hispanias
2466 4576 2659 4633 beatus
2683 4577 2980 4650 Gregorius
3005 4576 3119 4651 (lib.
3145 4588 3241 4643 xu,
3268 4580 3429 4649 epist.
3457 4579 3553 4652 51)
3586 4579 3750 4636 desa-

2152 4670 2263 4727 cris
2282 4670 2565 4728 ordinibus
2592 4686 2691 4743 per
2715 4681 2889 4729 totum
2918 4688 2987 4730 ex
3037 4672 3304 4745 legalibus
3342 4673 3657 4730 confecerit
3680 4674 3752 4730 in-

2155 4762 2379 4819 stitutis.
2408 4762 2564 4820 Unde
2601 4774 2659 4819 et
2686 4779 2812 4819 cum
2838 4764 2982 4831 aliis,
3013 4778 3113 4836 per
3140 4765 3419 4821 curricula
3450 4776 3751 4840 temporum

2153 4858 2326 4925 varia,
2379 4860 2595 4930 regibus
2623 4867 2789 4930 atque
2833 4858 3259 4930 imperatoribus
3288 4859 3422 4929 jura
3452 4860 3656 4935 iugalia
3676 4864 3752 4918 de-

2153 4952 2524 5018 cernentibus,
2550 4954 2722 5009 nostri
2754 4953 2921 5009 etiam
2949 4952 3049 5008 aavi
3093 4952 3375 5025 Augustus
3406 4956 3518 5027 piat
3556 4968 3751 5014 mano-

2155 5043 2250 5098 riaa
2274 5041 2600 5111 Ludovicus,
2628 5046 2681 5101 in
2731 5045 2940 5118 synodo
2972 5060 3038 5101 ac
3087 5046 3287 5116 placito
3312 5046 3571 5118 generali
3624 5046 3751 5120 apud

2153 5132 2537 5203 Wormatiam,
2570 5136 2881 5208 apostolica:
2903 5136 3051 5195 sedis
3069 5144 3123 5192 et
3144 5151 3296 5208 paptr
3324 5137 3595 5210 Gregorii
3618 5152 3752 5197 cun-

2153 5242 2370 5289 meante
2400 5232 2599 5306 legato,
2645 5249 2765 5290 eam
2795 5233 2918 5290 aliis
2939 5233 3205 5306 plurimis,
3234 5234 3302 5289 de
3349 5232 3457 5299 bis,
3498 5250 3632 5307 qua:
3654 5232 3756 5309 epi-

2155 5328 2302 5398 scopi
2331 5327 2382 5383 in
2413 5328 2632 5401 synodis
2659 5343 2756 5399 per
2784 5338 3023 5398 quatuor
3040 5328 3157 5384 loca
3179 5328 3263 5383 sui
3297 5328 3527 5398 imperii
3562 5328 3756 5387 habim

2156 5420 2466 5476 necessario
2490 5430 2547 5477 et
2575 5420 2779 5476 utiliter
2807 5432 2982 5492 nuper
3001 5423 3346 5489 invenerant,
3382 5421 3452 5478 de
3486 5420 3602 5481 hac
3623 5421 3754 5480 ω

2158 5514 2336 5584 agitur
2362 5526 2524 5569 causa
2564 5513 2825 5579 omnium,
2868 5520 2987 5568 tam
3032 5510 3436 5584 episcoporum,
3485 5529 3662 5586 quam
3709 5520 3757 5568 st

2158 5605 2395 5660 ﬁdelium
2443 5606 2725 5668 laicorum,
2755 5607 2900 5663 votis
2926 5604 3423 5664 convenient-ibus-
3454 5606 3553 5665 ἱνεί
3579 5607 3756 5686 alii?
3858 5678 3861 5683 η
