4026 6340
215 314 431 377 653'

1143 312 1231 373 DE
1272 312 1603 372 DIVORTIO
1642 308 1968 368 LOTHARU
2011 309 2100 366 ET
2140 304 2561 368 TETBERGE.

3391 310 3497 368 654

210 445 394 491 tumax
448 432 633 498 fuerit,
682 433 1171 503 comprehendatur
1219 445 1250 486 a
1301 429 1517 496 comite,
1546 436 1601 485 et
1653 424 2070 489 ferroAvictio
2114 426 2170 480 in
2217 424 2607 482 ecclesiasticis
2651 422 2932 496 gradibus,
2965 438 3084 495 qua:
3113 424 3202 481 hic
3247 428 3496 495 ponenda

207 525 503 591 vinciatur,
552 525 684 579 etin
714 525 1015 580 custodiam
1051 524 1322 589 mittatur,
1373 524 1543 579 donec
1593 533 1685 575 res
1734 518 1805 574 ad

209 625 457 670 nostram
484 614 733 669 notitiam
760 615 1079 671 deducatur.
1110 633 1129 667 ι
1168 614 1418 670 Christus
1463 624 1682 683 quoque
1706 610 1805 665 Dei

206 706 403 771 virtus,
434 712 491 761 et
516 706 612 761 Dei
632 706 894 775 sapientia
916 721 1015 776 per
1041 721 1100 762 se
1131 707 1301 776 ipsam
1326 705 1475 760 dicat
1504 721 1517 757 :
1547 703 1663 774 Ego
1696 702 1803 759 Sa-

204 788 404 870 pientia
428 797 605 853 habito
633 801 688 854 in
714 797 953 866 consilio,
993 806 1042 854 et
1072 799 1294 855 eruditis
1328 798 1580 852 intersum
1606 798 1805 867 cogita-

203 889 476 954 tionibus;
500 905 594 959 per
641 898 723 943 me
752 906 898 961 reges
933 901 1173 961 regnant,
1218 901 1265 944 et
1308 890 1603 944 conditores
1630 887 1803 959 legum

193 980 355 1050 justo
377 983 696 1048 decernunt;
722 997 815 1052 per
838 997 922 1036 me
948 982 1208 1052 principes
1236 983 1515 1053 imperant,
1546 990 1594 1035 et
1621 990 1803 1051 poten-

201 1084 281 1129 tes
310 1075 597 1130 decernunt
611 1074 876 1145 justitiam
898 1072 1083 1146 (Prov.
1118 1090 1238 1142 vni,
1268 1074 1515 1146 12).~Sed
1553 1074 1675 1130 ideo
1704 1073 1805 1129 has

200 1167 355 1239 leges
382 1177 438 1221 et
466 1166 541 1222 illi
570 1168 772 1224 Christi
822 1168 1035 1231 vicarii,
1062 1166 1542 1238 apostolorumqne
1586 1181 1805 1223 succes-

200 1274 364 1317 sores
382 1261 807 1328 constituerunt,
849 1270 905 1318 et
922 1277 1022 1319 nos
1047 1262 1449 1333 qualescunque
1469 1261 1537 1316 ad
1566 1261 1714 1317 vices
1740 1261 1805 1316 ii-

198 1354 385 1408 lorum
415 1352 511 1408 Dei
535 1355 890 1423 praesidentes
916 1355 1189 1422 Ecclesiae,
1227 1356 1317 1411 hic
1342 1354 1466 1411 illas
1495 1355 1799 1427 posuimus,

198 1452 265 1496 ut
286 1442 432 1497 sicut
462 1443 610 1497 illam
639 1443 1090 1511 benedictionem,
1143 1460 1306 1516 quam
1336 1445 1600 1501 Dominus
1625 1448 1803 1517 primo

198 1534 358 1590 dedit
384 1534 438 1588 in
467 1536 717 1605 paradiso
730 1536 900 1591 Adam
926 1547 981 1592 et
1004 1538 1157 1594 uxori
1174 1537 1310 1608 ejus,
1339 1539 1526 1594 dicens
1546 1556 1558 1592 :
1577 1538 1805 1595 Crescite

197 1638 251 1680 et
280 1624 708 1696 multiplicamini
733 1625 888 1699 (Gen.
922 1629 1090 1701 1,38).
1121 1630 1252 1697 Quae
1278 1630 1447 1685 semel
1477 1633 1604 1686 data
1632 1646 1805 1702 usque

198 1715 370 1771 hodie
397 1723 450 1771 et
483 1732 655 1787 usque
677 1719 731 1773 in
768 1718 954 1786 ﬁnem,
986 1736 1093 1776 non
1119 1721 1291 1776 solum
1324 1721 1589 1787 ﬁdelibus,
1614 1715 1802 1779 verum

1904 533 2013 574 non
2057 517 2310 574 ducitur:
2340 528 2396 574 et
2439 518 2604 574 habet
2650 518 2870 573 modum
2928 532 2994 573 ac
3042 517 3289 573 ordinem
3336 533 3493 575 suum

1901 611 2121 684 publica
2143 609 2413 667 confessio
2432 610 2518 666 vel
2537 610 2809 667 convictio
2831 609 3172 667 saecularium
3191 610 3501 675 hominum,

1903 718 2013 775 quo
2054 701 2271 773 publice
2336 700 2571 759 debeant
2611 698 2863 770 judicari.
2918 699 3036 756 Non
3095 716 3204 771 quo
3265 702 3497 757 crimina

1904 796 2089 868 gravia
2120 811 2231 852 non
2263 794 2545 852 solvantur
2573 795 2740 851 etiam
2785 803 2997 852 secreta
3043 793 3385 851 confessione
3437 807 3504 849 ac

1904 891 2250 961 paenitentia,
2294 905 2365 946 ne
2411 888 2615 946 inﬁrmi
2646 889 2701 945 in
2751 888 2995 946 Ecclesia
3037 887 3498 954 scandalizentur,

1903 982 2151 1039 videntes
2192 997 2382 1039 eorum
2425 996 2635 1054 pcenas,
2693 996 2926 1051 quorum
2978 981 3195 1052 penitus
3247 981 3507 1052 ignorant

1904 1094 2097 1134 causas
2127 1096 2140 1134 :
2169 1079 2264 1135 sed
2290 1077 2435 1149 quod
2464 1076 2821 1148 plurimorum
2874 1082 3090 1131 constat
3127 1082 3501 1146 perpetratum

1904 1172 2116 1239 notitia,
2171 1172 2266 1232 ﬁat
2315 1178 2567 1227 sanatum
2598 1169 2860 1235 scientia,
2907 1177 2963 1225 et
2986 1169 3080 1239 qui
3138 1169 3191 1225 in
3242 1168 3500 1233 Ecclesia)

1903 1268 2152 1339 peccavit
2175 1268 2567 1333 sinceritatem,
2600 1267 2676 1321 illi
2716 1267 2957 1323 debitam
2997 1265 3260 1321 exhibere
3285 1264 3503 1323 studeat

1905 1358 2354 1424 satisfactionem,
2388 1368 2445 1413 et
2462 1358 2557 1429 qui
2587 1358 2792 1428 plures,
2822 1365 3089 1428 quantum
3138 1370 3205 1411 ex
3255 1370 3315 1411 se
3361 1354 3499 1418 fuit,

1905 1463 2004 1504 suo
2027 1449 2296 1505 destruxit
2325 1448 2595 1520 exemplo,
2623 1449 2807 1519 plures
2827 1456 2985 1503 sanet
3030 1459 3146 1502 sua:
3177 1444 3505 1501 humilitatis

1906 1539 2168 1606 antidoto,
2217 1540 2359 1596 sicut
2406 1541 2474 1597 de
2521 1556 2581 1597 se
2628 1540 2829 1597 Paulus
2873 1539 3008 1595 dicit
3040 1553 3054 1593 :
3081 1538 3185 1605 Qui
3228 1540 3376 1608 prius
3426 1539 3508 1609 [ut

1908 1631 2258 1703 blasphemus,
2296 1642 2344 1688 et
2380 1642 2700 1702 persecutor,
2750 1643 2799 1688 et
2844 1630 3250 1687 contumeliosus
3280 1630 3333 1702 (1
3366 1630 3505 1687 Tins.

1908 1740 1948 1791 ι,
1977 1725 2088 1796 ii).
2116 1725 2212 1790 Et,
2272 1726 2549 1794 sidebant,
2603 1728 2889 1797 inquiens,
2937 1726 3188 1798 quoniam
3217 1726 3306 1797 qui
3358 1725 3508 1796 prius

198 1819 254 1866 et
283 1806 596 1867 infidelibus
616 1827 723 1867 non
746 1821 994 1884 negatur,
1025 1815 1366 1871 sacerdotum
1380 1829 1478 1871 ore
1507 1816 1573 1870 ad
1602 1803 1877 1872 sancti-'3
1905 1817 2238 1887 expugnabat
2263 1818 2401 1873 hane
2428 1818 2608 1887 ﬁdem,
2636 1820 2802 1873 isdem
2844 1835 2999 1873 nunc,
3029 1816 3180 1873 illam
3225 1818 3505 1889 pradicet,

198 1901 539 1966 ﬁcationem,
562 1917 724 1974 quam
747 1903 998 1961 Christus
1014 1906 1236 1976 nuptiis,
1254 1905 1345 1962 ubi
1369 1907 1437 1963 de
1460 1922 1601 1977 aqua
1617 1908 1802 1963 vinum

200 1992 356 2058 fecit,
386 2011 482 2050 sua
505 1983 794 2065 praesentia
814 1998 1067 2065 contulit,
1095 1999 1344 2057 ﬁdelibus
1373 2009 1428 2056 et
1450 2000 1659 2057 devotis
1680 2002 1808 2057 viri-

201 2087 302 2142 tim
318 2086 570 2159 largitur,
600 2090 675 2143 ita
702 2090 824 2145 sine
848 2090 1065 2146 illorum
1092 2092 1316 2147 scientia
1332 2106 1430 2163 per
1460 2092 1644 2156 Deum,
1678 2094 1807 2163 quia

199 2192 303 2251 per
328 2180 692 2236 ministerium
720 2180 881 2253 593
905 2182 1120 2239 illorum
1150 2182 1446 2252 conjuncti,
1472 2184 1681 2255 legibus
1701 2199 1804 2241 sae-

201 2272 339 2337 culi,
363 2284 485 2344 quae
514 2272 611 2330 Dei
645 2272 857 2344 justitia
878 2276 1289 2335 sanctiﬁcantur
1308 2292 1413 2348 qua
1448 2278 1629 2346 justus
1651 2277 1803 2349 quis-

199 2376 311 2437 que
326 2365 577 2432 efﬁcitur,
597 2380 705 2425 non
726 2378 1062 2441 separentur,
1080 2380 1134 2426 et
1152 2370 1197 2427 si
1212 2380 1437 2442 propter
1455 2372 1626 2427 Deum
1648 2386 1806 2442 sepa-

199 2466 403 2514 rantur
428 2459 744 2531 spiritaliter
767 2474 800 2514 a
834 2460 1041 2516 carnali
1087 2462 1498 2529 commixtione,
1526 2471 1585 2518 ut
1623 2460 1805 2518 adhae-

200 2553 393 2605 rentes
414 2549 644 2608 Domino
671 2566 812 2607 unus
831 2551 1132 2607 efficiantur
1158 2554 1400 2625 spiritus,
1422 2553 1571 2610 velut
1605 2552 1804 2609 Paulus

200 2641 267 2697 de
307 2641 500 2698 multis
527 2643 583 2699 in
604 2642 848 2701 Ecclesia
874 2644 1207 2712 constitutis,
1238 2646 1384 2702 inter
1412 2660 1553 2717 quos
1579 2647 1803 2717 quidam

198 2734 483 2806 publicani
505 2744 562 2792 et
586 2737 922 2804 meretrices,
977 2737 1262 2794 homicidas
1299 2738 1539 2805 fuerunt,
1566 2747 1622 2795 et
1652 2738 1804 2793 adul-

203 2830 332 2897 teri,
354 2826 619 2901 loquitur,
644 2831 911 2905 Despondi
936 2848 1025 2888 vos
1048 2832 1141 2887 uni
1169 2833 1302 2897 viro,
1326 2833 1577 2903 virginem
1600 2842 1804 2888 castam

202 2921 456 2978 ednibere
502 2921 712 2979 Christo
739 2922 821 2995 (ll
850 2923 974 2980 Cor.
1028 2939 1099 2987 ιι,
1131 2924 1189 2995 9)
1215 2964 1232 2990 ,
1279 2936 1403 2979 cum
1454 2922 1805 2981 sacerdotalis

200 3014 561 3072 conscientiae
579 3015 956 3073 benedictione
978 3016 1192 3086 plenius
1215 3015 1447 3072 Domino
1471 3015 1805 3088 conjungan-

205 3113 316 3160 tur.
351 3105 416 3161 Si
453 3117 635 3164 autem
666 3117 724 3163 et
752 3108 873 3180 iege
891 3107 1042 3166 civili
1056 3109 1206 3181 justa
1226 3117 1282 3164 et
1306 3117 1495 3165 sancta
1528 3124 1594 3165 ac
1618 3108 1804 3165 Domi-

1910 1917 1958 1962 et
1988 1909 2043 1963 in
2072 1925 2155 1964 me
2176 1909 2547 1980 gloriﬁcabant
2571 1906 2743 1966 Deum
2785 1906 2927 1983 (Gal.
2954 1925 2992 1974 ι,
3027 1908 3136 1980 15).
3171 1907 3269 1965 Est
3313 1908 3500 1975 etiam,

1908 2006 1969 2054 ut
2007 2000 2102 2069 qui
2128 2003 2187 2055 in
2211 2000 2460 2069 pluribus
2507 2000 2680 2057 Deum
2708 1998 2968 2066 oﬁ‘endit,
3018 1999 3264 2070 pluribus
3294 2014 3394 2070 pro
3438 2013 3508 2056 eo

1909 2092 2199 2148 Dominum
2230 2092 2650 2164 deprecantibus
2669 2092 2834 2149 citius
2865 2091 3164 2147 remedium
3190 2088 3356 2164 595
3374 2105 3508 2145 con-

1908 2194 2190 2256 sequatur,
2223 2187 2363 2243 sicut
2405 2193 2625 2242 sanctus
2651 2184 2947 2257 Gregorius
2991 2183 3059 2238 ad
3085 2182 3321 2239 Felicem
3367 2181 3504 2239 Sici-

1907 2280 2137 2337 liensem
2163 2282 2481 2353 episcopum
2506 2279 2828 2351 scribit(lib.
2847 2294 2946 2344 an,
2974 2279 3125 2348 epist.
3157 2277 3282 2348 δεμ
3316 2296 3334 2329 ι
3368 2274 3508 2332 Sunt

1908 2373 2076 2439 enim,
2104 2372 2382 2444 inquiens,
2414 2371 2539 2426 mali
2575 2369 2895 2442 segregandi
2923 2385 2954 2424 a
2994 2369 3169 2435 bonis,
3196 2378 3252 2424 et
3279 2368 3452 2439 iniqui
3475 2383 3511 2423 a

1902 2465 2088 2538 justis,
2114 2474 2177 2521 ut
2205 2466 2402 2522 saltem
2430 2466 2630 2520 rubore
2663 2477 2765 2520 suo
2793 2461 3161 2519 conscientias
3188 2475 3317 2516 suas
3352 2474 3507 2518 reco-

1907 2567 2198 2633 gnoscant,
2228 2567 2287 2614 et
2313 2565 2704 2614 convertantur
2738 2570 2770 2609 a
2813 2553 3174 2624 pravitatibus
3219 2552 3352 2617 suis,
3381 2560 3436 2607 et
3458 2549 3512 2607 si

1908 2649 2303 2720 incorrigibiles
2362 2647 2715 2719 apparuerint
2739 2688 2755 2712 ,
2806 2652 3161 2717 segregentur
3189 2659 3218 2700 a
3255 2643 3504 2700 ﬁdelibus

1908 2758 2081 2815 usque
2123 2742 2195 2799 ad
2247 2741 2698 2809 satisfactionem,
2741 2738 2897 2810 juxta
2950 2737 3252 2796 Salvatoris
3291 2735 3508 2793 Domini

1908 2837 2253 2902 sententiam,
2286 2851 2393 2908 qua
2416 2836 2560 2891 inter
2582 2836 2780 2891 caetera
2798 2833 2869 2889 de
2896 2839 3155 2903 peccante
3177 2829 3348 2886 fratre
3368 2843 3505 2900 pm-

1909 2933 2159 3005 cipiendo
2183 2933 2261 2989 ait
2298 2948 2314 2987 :
2352 2929 2412 2987 Si
2454 2930 2739 3003 peccauerit
2775 2928 2833 2983 in
2861 2936 2911 2981 te
2929 2926 3100 2997 frater
3137 2933 3259 2980 tune
3284 2922 3502 2994 (Matth.

1909 3042 2064 3093 xvni,
2098 3022 2188 3099 15)
2214 3064 2230 3093 ,
2262 3038 2435 3095 usque
2479 3023 2548 3079 ad
2591 3021 2647 3078 id
2672 3020 2819 3092 quod
2862 3017 3099 3083 dicitur,
3138 3018 3205 3073 sit
3241 3015 3335 3070 tibi
3376 3015 3512 3069 sicut

1911 3119 2148 3175 ethnicus
2212 3127 2262 3172 et
2325 3113 2661 3186 publicanus.
2717 3110 2815 3167 His
2868 3122 2999 3181 ergo
3050 3116 3107 3162 et
3155 3105 3278 3163 aliis
3331 3102 3516 3163 multis

205 3196 331 3252 nico
382 3206 656 3273 praecepto
704 3169 1102 3266 concordante,
1160 3208 1384 3271 propter
1430 3199 1809 3256 fornicationis

1914 3216 2225 3271 sanctorum
2271 3169 2495 3266 Patrum
2545 3169 2984 3271 auctoritatibus,
3039 3199 3358 3274 segregandi
3387 3206 3518 3255 sunt

204 3296 526 3359 peccatum,
563 3290 710 3361 quod
736 3293 991 3349 humans:
1022 3292 1301 3364 fragilitati
1335 3292 1474 3349 solet
1500 3294 1802 3364 subripere,

206 3379 473 3452 conjuges
513 3379 718 3438 fuerint
745 3384 1015 3455 separati,
1060 3384 1381 3456 episcopalis
1410 3394 1554 3440 cura:
1580 3386 1810 3455 quaesie-

206 3476 321 3531 rint
357 3476 682 3534 medicinale
701 3476 1013 3546 consilium,
1037 3489 1098 3536 ut
1118 3480 1257 3538 sciat
1277 3482 1568 3551 episcopus
1585 3496 1810 3552 quomo-

206 3569 276 3624 do
294 3569 455 3640 juxta
477 3571 795 3641 qualitatem
818 3580 876 3629 et
899 3574 1260 3644 quantitatem
1293 3573 1555 3641 vulneris,
1591 3575 1809 3630 modum

207 3679 272 3720 ac
302 3666 590 3732 virtutem,
613 3667 873 3724 adhibere
903 3666 1098 3722 debeat
1117 3668 1418 3724 curationis
1443 3668 1813 3724 medicamen-

208 3764 347 3811 tum.
395 3746 488 3813 Βία
535 3770 770 3830 namque
804 3758 1067 3817 Dominus
1108 3761 1276 3817 semel
1330 3762 1385 3817 in
1426 3775 1606 3827 coena,
1637 3761 1812 3832 pridie

207 3860 380 3916 quam
438 3862 538 3920 pro
586 3853 930 3922 reparatione
984 3862 1042 3909 et
1091 3853 1264 3909 salute
1310 3845 1553 3908 omnium
1604 3853 1695 3923 qui
1755 3854 1811 3907 in

207 3941 391 3997 Adam
448 3944 724 4013 perierant
759 3957 1055 4018 pateretur,
1088 3947 1158 4002 de
1202 3962 1341 4018 pane
1367 3945 1545 4001 farina
1589 3953 1643 4001 ct
1671 3961 1812 4016 aqua

208 4032 489 4103 confecto,
531 4046 588 4091 et
640 4037 808 4095 calice
865 4044 1199 4099 sacroSancti
1253 4043 1479 4110 altaris,
1531 4043 1622 4113 qui
1673 4057 1813 4113 aqua

210 4127 504 4192 miscetur,
552 4129 939 4188 eucharistiam
970 4134 1085 4190 suis
1134 4135 1387 4191 manibus
1434 4132 1731 4198 benedixit,
1759 4139 1815 4188 et

210 4232 311 4273 ore
341 4219 765 4286 commendavit,
810 4237 969 4293 quam
1001 4225 1247 4295 quotidie
1278 4225 1333 4279 in
1365 4225 1515 4281 o‘mni
1539 4223 1814 4280 catholica

212 4308 465 4367 Ecclesia
491 4311 649 4384 longe
672 4313 886 4385 lateque
912 4330 1009 4386 per
1033 4319 1221 4373 orbem
1250 4316 1463 4383 diffusa,
1495 4316 1812 4372 indelicicn-

213 4406 368 4461 tibus
395 4406 603 4461 eisdem
630 4409 744 4465 suis
767 4408 977 4478 verbis,
1016 4420 1114 4481 per
1151 4424 1347 4468 manus
1398 4420 1455 4467 et
1490 4425 1586 4466 ora
1628 4422 1817 4466 sacer-

1913 3305 2041 3362 mali
2067 3320 2098 3360 a
2125 3302 2322 3368 bonis,
2370 3316 2442 3357 ne
2486 3305 2714 3371 pereant
2753 3294 2890 3365 justi
2937 3307 3037 3365 pro
3088 3288 3324 3360 iniustis,
3374 3287 3517 3344 sicut

1912 3399 2176 3469 scriptum
2204 3402 2319 3453 est:
2348 3392 2496 3448 Perit
2509 3391 2692 3462 justus
2713 3405 2808 3462 pro
2826 3387 2989 3459 impio
3017 3383 3217 3459 (Eccle.
3264 3397 3364 3448 vn,
3395 3378 3515 3452 i6).

1912 3490 2084 3546 Debet
2127 3489 2274 3544 enim
2320 3500 2537 3555 semper
2568 3481 2828 3540 discretio
2879 3478 2998 3536 ﬁeri
3055 3476 3200 3534 inter
3233 3475 3407 3533 bonos
3454 3477 3517 3529 et

1913 3581 2125 3647 malos,
2180 3580 2322 3635 sicut
2369 3586 2457 3633 est
2505 3577 2649 3633 inter
2695 3574 2880 3632 hasdos
2915 3581 2972 3629 et
3025 3586 3176 3629 oves.
3229 3565 3520 3627 Manifesta

1915 3685 2133 3742 quoque
2159 3677 2382 3740 peccata
2418 3683 2527 3723 non
2573 3674 2702 3723 sunt
2745 3664 2961 3722 occulta
2992 3661 3339 3733 correptione
3378 3672 3517 3730 pur-

1916 3764 2110 3837 ganda,
2139 3764 2234 3819 sed
2254 3760 2430 3833 palam
2455 3769 2582 3815 sunt
2606 3757 2872 3831 arguendi
2896 3756 2989 3827 qui
3013 3754 3192 3829 palam
3215 3758 3429 3817 nocent,
3454 3759 3521 3807 ut

1917 3860 2045 3913 dum
2068 3863 2256 3927 aperta
2304 3853 2682 3924 objurgatione
2727 3857 3012 3913 sanantur,
3043 3847 3100 3903 hi
3139 3846 3234 3916 qui
3260 3859 3357 3902 eos
3398 3842 3524 3898 imi-

1918 3947 2082 4004 tando
2140 3945 2483 4014 deliquerant
2549 3940 2910 4011 corrigantur.
2980 3936 3118 3993 Dum
3174 3935 3321 3992 enim
3377 3947 3523 3988 unus

1919 4036 2231 4105 corripitur,
2256 4032 2472 4104 plurimi
2502 4030 2887 4093 emendantur,
2913 4034 2967 4083 et
2996 4025 3187 4082 melius
3209 4031 3295 4081 est
3317 4031 3379 4079 ut
3418 4036 3521 4094 pro

1918 4131 2213 4188 multorum
2240 4126 2544 4183 salvatione
2578 4139 2720 4179 unus
2764 4121 3179 4183 condemnetur,
3223 4131 3384 4187 quam
3428 4129 3526 4185 per

1919 4222 2081 4278 unius
2125 4219 2400 4275 licentiam
2424 4216 2597 4273 'multi
2643 4213 3045 4285 periclitentur.
3094 4208 3206 4265 Nec
3252 4207 3451 4265 mirum
3478 4205 3527 4261 si

1920 4300 2073 4373 inter
2102 4312 2354 4369 homines
2403 4311 2519 4366 lucc
2571 4307 2712 4364 ratio
2756 4304 3081 4371 custoditur,
3110 4317 3235 4363 cum
3282 4308 3339 4356 et
3386 4298 3527 4355 inter

1916 4407 2168 4476 jumenta
2207 4406 2324 4461 ﬁeri
2377 4416 2619 4477 persaepe
2661 4400 3040 4472 cognovimus,
3072 4405 3133 4453 ut
3157 4411 3219 4451 ea
3248 4408 3370 4466 quae
3399 4407 3526 4450 sca-

213 4496 410 4555 dutum
431 4541 446 4564 ,
505 4499 560 4554 in
614 4502 1044 4573 redemptionem
1091 4511 1148 4559 et
1201 4503 1599 4575 reparationem
1654 4509 1816 4571 atque
1844 4540 1897 4600 D
1922 4501 2066 4559 hiem
2087 4499 2168 4555 vel
2196 4497 2567 4569 impetiginem
2590 4493 2793 4550 habere
2820 4489 3093 4555 videntur,
3138 4494 3463 4600 separentur
3492 4498 3528 4539 a

214 4592 457 4646 salutem
483 4592 818 4648 credentium
842 4603 1162 4661 consecrat;
1198 4612 1228 4649 a
1249 4594 1405 4664 cujus
1434 4593 1818 4650 communione
1846 4576 1897 4600 ν
1923 4595 2095 4658 sanis,
2127 4605 2198 4646 ne
2244 4589 2461 4645 illorum
2491 4588 2681 4643 morbo
2720 4592 2916 4641 caetera
2941 4583 3268 4639 damnentur
3293 4576 3379 4634 vel
3423 4591 3520 4648 pe-

212 4682 440 4739 viviﬁca
481 4693 770 4753 peccantes
796 4687 1009 4758 publice
1041 4686 1295 4757 gravibus
1325 4687 1666 4752 criminibus,
1699 4700 1820 4756 quae

213 4779 374 4852 leges
398 4780 764 4838 condemnant
819 4782 1063 4854 publice,
1121 4780 1434 4839 medicinali
1488 4768 1869 4839 ferramento—

214 4873 540 4928 sacerdotes
569 4874 895 4941 abscidunt,
956 4885 1011 4931 et
1066 4886 1193 4946 post
1238 4875 1666 4932 satisfactionem
1694 4915 1708 4940 ,
1763 4881 1824 4929 ut

214 4976 529 5034 congruere
570 4965 834 5033 viderint,
860 4967 1082 5024 salutari
1129 4967 1421 5024 refectione
1451 4967 1824 5036 redintegrare

214 5064 546 5124 procurant.
602 5056 873 5124 Quoniam
932 5058 1191 5114 Ecclesiae
1254 5058 1449 5113 medici
1506 5056 1776 5127 spiritales
1806 5099 1820 5125 ,

215 5144 486 5203 videlicet
520 5149 732 5205 Domini
752 5150 1084 5215 sacerdotes,
1110 5152 1178 5207 de
1196 5160 1409 5206 secrete
1430 5150 1532 5205 sibi
1558 5148 1825 5206 confessis

216 5247 579 5309 peccatorum
596 5240 1009 5298 inﬁrmitatibus
1032 5242 1372 5298 inedicinalia
1397 5250 1561 5312 atque
1585 5240 1823 5296 salubria

216 5340 464 5403 possunt
489 5330 622 5388 dare
663 5335 933 5391 consilia:
964 5336 1172 5407 judicio
1207 5345 1388 5390 autem
1429 5333 1819 5398 ecclesiastico,

219 5423 282 5478 id
313 5432 403 5479 est
444 5427 789 5496 separatione
828 5443 863 5483 a
902 5428 1292 5483 communione
1338 5427 1633 5493 Ecclesiae,
1666 5425 1751 5480 vel
1791 5442 1823 5480 a

220 5513 432 5585 gradu,
465 5516 579 5571 sive
604 5532 635 5570 a
662 5519 941 5574 consortio
967 5520 1258 5591 conjugali,
1287 5519 1564 5574 neminem
1586 5518 1820 5571 rationa-

1926 4691 2103 4740 reant.
2139 4680 2323 4736 Satius
2343 4688 2429 4735 est
2453 4678 2598 4733 enim
2622 4685 2682 4732 ut
2702 4675 2829 4731 mali
2852 4673 3140 4731 manifeste
3157 4670 3526 4742 corrigantur,

1926 4792 2089 4849 quam
2124 4790 2226 4846 pro
2252 4773 2361 4829 illis
2390 4773 2517 4829 boni
2545 4764 2793 4842 pereant.
2832 4788 2854 4822 ι

2000 4870 2128 4926 Haec
2152 4868 2272 4923 ideo
2294 4866 2440 4923 dicta
2466 4866 2595 4931 sint,
2620 4879 2719 4921 cur
2742 4863 2894 4934 leges
2920 4860 3224 4933 posuimus,
3250 4862 3311 4911 ut
3335 4850 3528 4923 conju-

1928 4963 2038 5037 gati
2070 4963 2184 5018 sive
2214 4973 2400 5015 amore
2428 4957 2524 5014 Dei
2549 4998 2564 5024 ,
2612 4958 2727 5013 sive
2754 4955 3083 5011 admissione
3112 4949 3321 5022 peccati
3341 4988 3357 5015 ,
3402 4962 3526 5037 cum

1928 5036 2251 5114 sacerdotali
2282 5049 2615 5107 conscientia
2645 5057 2993 5119 separentur,
3023 5042 3165 5097 unde
3191 5036 3525 5095 benedictio-

1927 5162 2051 5203 nem
2108 5144 2328 5200 ineundi
2380 5151 2710 5213 acceperunt
2752 5138 3084 5210 conjugium.
3138 5132 3248 5189 Sed
3304 5129 3429 5201 quia
3460 5128 3528 5184 de

1927 5236 2265 5309 separatione
2289 5234 2390 5290 viri
2433 5243 2491 5289 et
2526 5232 2714 5289 uxoris
2739 5246 2883 5286 nunc
2930 5230 3135 5300 agitur,
3169 5240 3289 5295 quin
3334 5236 3440 5276 non
3468 5219 3529 5276 ﬁt

1927 5345 2114 5386 amore
2142 5338 2417 5400 perpetuac
2447 5326 2826 5390 continentiae,
2874 5339 2974 5379 nec
3020 5324 3199 5378 adhuc
3234 5327 3422 5391 apesto
3470 5333 3534 5393 ιιι

1935 5424 2136 5480 dieitur
2157 5421 2404 5487 crimine,
2437 5420 2530 5475 sed
2556 5419 2790 5488 quadam
2820 5415 3148 5486 suspicione,
3193 5426 3416 5468 necesse
3442 5416 3533 5464 est

1940 5526 2001 5572 ut
2035 5531 2133 5586 per
2158 5513 2302 5568 illius
2322 5511 2531 5567 ordinis
2570 5510 2747 5575 viros,
2771 5508 3022 5565 videlicet
3054 5522 3150 5579 per
3191 5504 3527 5576 conjugatos,

224 5608 421 5664 illiter
466 5622 696 5682 possunt
740 5629 1060 5682 secernere,
1102 5616 1205 5673 nisi
1257 5617 1324 5671 de
1368 5615 1690 5671 criminibus
1733 5619 1828 5668 aut
1939 5612 2058 5666 haec
2086 5608 2225 5664 ratio
2265 5605 2578 5669 ventilatur,
2608 5611 2663 5658 et
2684 5603 2982 5659 secundum
3011 5602 3158 5673 leges
3192 5598 3532 5656 Christianas

226 5703 461 5773 publice
487 5712 677 5777 sponte
703 5710 1032 5777 confessum,
1063 5720 1158 5766 aut
1185 5720 1371 5782 aperte
1404 5690 1736 5766 convictum.
1762 5706 1831 5761 Et
1942 5720 1974 5759 a
2012 5703 2124 5758 Deo
2169 5698 2459 5772 dispositas
2515 5696 2824 5767 aequissimo
2877 5696 3127 5751 examine
3152 5692 3441 5764 .judicetur
3465 5704 3531 5744 ac

231 5794 413 5851 habet
438 5799 655 5857 modum
702 5811 755 5859 et
804 5805 1045 5861 ordinem
1074 5820 1229 5861 suum
1276 5804 1545 5861 confessio
1590 5800 1676 5858 vel
1702 5815 1833 5859 con-
1873 5872 1907 5878 η
1944 5800 2307 5869 terminetur,
2360 5800 2414 5847 et
2469 5790 2776 5862 ubicunque
2811 5806 2865 5845 in
2917 5792 3021 5847 hoc
3076 5788 3292 5859 negotio
3350 5784 3527 5840 locum
