4026 6340
641 456 749 512 655
831 496 848 502 -

1612 455 1945 528 HINCMARI
1983 455 2377 513 RHEMENSIS
2415 455 2929 514 ARCIllEPlSCOPl
3775 467 3855 526 656

641 589 798 628 suum
828 569 1097 626 invenerit
1126 567 1213 624 vel
1241 567 1594 624 sacerdotalis
1627 569 1826 637 pietas,
1860 569 1946 625 vel
1990 569 2225 625 auctori-
2252 572 2305 630 Α
2331 564 2390 620 Si
2411 567 2485 620 ita
2511 577 2586 621 est
2612 585 2772 622 causa
2799 569 3025 622 hominis
3058 585 3176 624 cum
3205 585 3388 637 uxore,
3412 587 3516 627 non
3562 575 3746 644 expedit
3779 595 3854 631 ιιι-

639 667 765 721 tatis
792 665 1172 722 ecclesiasticae
1214 664 1550 720 medicinalis
1600 665 1894 729 severitas,
1936 664 2054 720 sine
2081 661 2250 735 dilIig

635 759 840 814 cultate
881 773 1004 814 cum
1039 756 1297 812 Ecclesia:
1340 754 1499 822 ﬁliis,
1553 764 1608 810 et
1654 753 1883 823 iustitiae
1905 755 2220 825 iudicibus,

633 866 742 906 non
773 849 944 906 solum
969 862 1028 904 se
1049 847 1264 915 oﬂ'erat,
1292 864 1480 904 verum
1511 857 1567 904 et
1609 849 1838 919 ingerat.
1867 848 1936 903 Et
1966 848 2223 918 quoniam

633 941 899 1012 scriptum
928 949 1030 1006 est,
1061 938 1146 995 Ne
1172 940 1580 1011 transgrediaris
1610 940 1858 995 terminos
1881 957 2010 1011 quos
2031 957 2222 1012 posue-

632 1045 752 1090 runt
800 1045 974 1106 patres
1005 1035 1082 1088 tui
1117 1033 1298 1104 (Prov.
1341 1049 1454 1088 χχιι
1479 1075 1493 1100 ,
1523 1034 1613 1104 28)
1641 1075 1655 1098 ,
1689 1050 1918 1104 quorum
1958 1035 2217 1092 imitanda

629 1127 874 1198 exempla
905 1128 1063 1183 nobis
1109 1137 1236 1182 sunt
1283 1143 1411 1182 vera
1457 1127 1730 1191 doctrina,
1783 1128 1852 1184 ad
1898 1129 2218 1185 memoriam

627 1237 888 1276 revocare
935 1221 1305 1276 necessarium
1355 1221 1638 1285 duximus,
1690 1221 1946 1290 quoniam
1995 1223 2216 1292 quidam

625 1324 896 1381 nostrum,
926 1322 1167 1384 tempore
1192 1320 1394 1368 sanctw
1421 1313 1696 1368 memoriae
1737 1313 1920 1368 domui
1955 1311 2215 1368 Ludovici

624 1407 699 1476 pii
746 1406 1018 1476 Augusti,
1075 1405 1128 1459 in
1180 1405 1455 1461 Attiniaco
1508 1406 1709 1476 palatio
1766 1417 1891 1461 tunc
1945 1405 2209 1472 fuerunt,

623 1499 842 1569 quando
884 1500 938 1554 in
981 1499 1270 1554 universali
1311 1500 1518 1572 synodo
1560 1501 1724 1556 totius
1762 1501 1995 1571 imperii,
2046 1503 2212 1557 etiam

621 1609 746 1648 cum
777 1593 922 1648 sedis
967 1591 1226 1647 Romanae
1260 1592 1451 1663 legatis
1473 1633 1488 1659 ,
1529 1601 1584 1648 et
1630 1593 1683 1648 in
1713 1593 1950 1664 generali
1986 1594 2210 1664 placito,

619 1683 818 1738 femina
845 1683 1091 1754 quaedam
1123 1699 1230 1738 non
1262 1684 1512 1754 ignobilis
1562 1701 1782 1756 genere,
1811 1687 2029 1741 nomine
2076 1685 2212 1741 Nor-

619 1779 825 1845 thildis,
859 1779 926 1833 de
967 1777 1291 1848 quibusdam
1323 1777 1623 1834 inhonestis
1667 1779 1808 1834 inter
1849 1795 1910 1834 se
1935 1789 1990 1833 et
2033 1780 2209 1834 virum

617 1887 774 1924 suum
794 1868 1056 1924 vocabulo
1077 1868 1484 1940 Agembertum,
1504 1869 1570 1924 ad
1593 1869 1974 1940 imperatorem
1994 1870 2208 1939 publice

2329 657 2445 712 bere
2475 658 2692 728 (Matth.
2721 675 2836 725 xix,
2868 658 2978 729 l0).
3009 659 3186 715 Grave
3221 662 3428 730 pondus
3451 678 3666 719 uxorum
3689 675 3779 732 est,
3804 669 3854 732 si,

2327 759 2553 820 excepta
2583 751 2957 807 fornicationis
2981 768 3168 819 causa,
3201 769 3294 810 eas
3325 755 3596 812 dimittere
3622 773 3718 814 non
3741 759 3855 816 licet.

2325 843 2465 911 Quid
2493 844 2638 899 enim
2664 846 2709 899 si
2743 845 3036 901 temulenta
3061 845 3248 912 fuerit,
3279 847 3326 902 si
3348 847 3624 916 iracunda,
3657 850 3701 906 si
3735 851 3859 907 malis

2323 938 2586 1004 moribus,
2618 938 2663 993 si
2687 937 2982 1006 luxuriosa,
3013 940 3057 995 si
3088 939 3296 1011 gulosa,
3355 941 3404 996 si
3426 956 3579 1012 vaga,
3631 943 3672 997 si
3707 941 3858 1014 iurga-

2324 1031 2452 1095 trix,
2484 1039 2538 1085 et
2565 1030 2846 1096 maledica,
2882 1034 3109 1087 tenenda
3135 1032 3242 1086 erit
3270 1031 3608 1089 istiusmodi?
3626 1033 3857 1099 Volumus,

2320 1123 2589 1189 nolumus,
2625 1125 2856 1181 tenenda
2879 1125 3004 1180 erit.
3055 1126 3190 1181 Cum
3246 1127 3390 1181 enim
3441 1142 3674 1183 essemus
3716 1128 3855 1195 liberi,

2319 1217 2620 1274 voluntarie
2648 1236 2748 1276 nos
2778 1218 3106 1288 subiecimus
3126 1221 3400 1276 servituti.
3434 1241 3454 1273 ι
3481 1221 3547 1275 Et
3575 1222 3692 1276 item
3711 1223 3757 1278 in
3773 1225 3858 1292 epi-

2319 1311 2454 1366 stola
2485 1312 2720 1383 (epistola
2745 1313 2868 1383 M7)
2895 1313 2962 1368 ad
2991 1314 3295 1368 Amandum
3320 1314 3856 1384 presbyterumztOm-

2319 1419 2415 1460 nes
2445 1405 2609 1476 igitur
2644 1405 2986 1462 causationcs
3037 1405 3326 1475 Apostolus
3376 1414 3688 1477 amputans,
3733 1421 3854 1476 aper-

2319 1496 2524 1551 tissime
2554 1497 2797 1552 deﬁnivit
2825 1539 2839 1563 ,
2881 1498 3093 1552 vivente
3123 1497 3241 1552 viro
3270 1497 3573 1553 adulteram
3627 1513 3732 1553 esse
3766 1515 3853 1552 mu-

2316 1587 2526 1654 lierem,
2551 1605 2672 1660 quae
2699 1589 2855 1645 alteri
2880 1590 3124 1660 nupserit
3174 1589 3227 1660 (Ι
3254 1589 3380 1645 Cor.
3427 1594 3545 1660 vn).
3592 1589 3710 1645 Nolo
3753 1591 3850 1644 mihi

2314 1677 2558 1748 proferas
2620 1680 2852 1750 raptoris
2919 1678 3272 1744 violentiam,
3345 1681 3538 1735 matris
3602 1679 3850 1750 persuasio-

2313 1770 2654 1840 nem,patris
2699 1771 3094 1836 auctoritatem,
3137 1772 3564 1843 propinquorum
3624 1780 3845 1834 catervas,

2313 1875 2594 1916 servorum
2626 1861 2851 1917 insidias
2879 1872 3042 1932 atque
3073 1871 3468 1933 contemptum,
3496 1863 3678 1918 damna
3704 1864 3767 1920 rei
3785 1863 3844 1917 fa-

614 1964 974 2033 proclamavit
1003 1982 1016 2017 :
1048 1935 1216 2034 quam
1247 1965 1545 2035 imperator
1573 1967 1640 2020 ad
1670 1935 1933 2038 synodum
1967 1969 2206 2024 destina.
2235 1935 2286 1996 Β
2314 1955 2560 2010 miliaris.
2585 1955 2832 2022 Quandiu
2868 1958 3002 2012 vivit
3035 1959 3136 2022 vir,
3167 1958 3295 2014 licet
3323 1959 3535 2014 adulter
3553 1960 3638 2026 sit,
3660 1959 3843 2013 licetso-

613 2058 712 2121 vit,
736 2066 795 2110 ut
814 2056 940 2112 inde
961 2056 1282 2127 epiSCOpalis
1306 2057 1604 2112 auctoritas
1618 2059 1746 2128 quid
1771 2059 2036 2129 agendum
2060 2070 2207 2115 esset

612 2149 953 2204 decerneret.
1006 2147 1112 2204 Sed
1154 2149 1532 2219 episcoporum
1576 2149 1904 2218 generalitas
1934 2151 2001 2205 ad
2030 2151 2200 2207 laico-

609 2258 729 2296 rum
762 2258 826 2298 ac
856 2240 1268 2314 coniugatorum
1314 2258 1434 2296 eam
1472 2241 1682 2296 remisit
1711 2241 1991 2312 judicium,
2020 2252 2078 2297 ut
2100 2243 2202 2312 ipsi

607 2331 770 2404 595
794 2334 935 2389 inter
963 2333 1109 2387 illam
1137 2341 1194 2388 et
1215 2348 1370 2388 suum
1392 2332 1677 2404 coniugem
1718 2332 2052 2402 iudicarent,
2104 2334 2196 2402 qui

606 2425 673 2480 de
705 2409 900 2480 talibus
923 2425 1154 2496 negotiis
1175 2434 1331 2479 erant
1369 2425 1590 2496 cogniti,
1640 2433 1696 2479 et
1747 2425 1955 2496 legibus
2015 2426 2198 2481 saeculi

603 2515 1056 2572 sutﬁcientissimc
1081 2517 1315 2586 praediti,
1345 2532 1647 2586 eorumque
1669 2516 1932 2588 legalibus
1977 2517 2197 2585 iudiciis

601 2609 795 2665 eadem
834 2610 1036 2666 femina
1064 2625 1122 2666 se
1149 2609 1459 2678 subiiceret,
1487 2620 1540 2665 et
1591 2610 1736 2680 quod
1793 2611 1858 2666 de
1899 2611 2196 2682 quaestione

600 2716 700 2756 sua
728 2702 1119 2767 decrevissent,
1149 2703 1267 2757 sine
1307 2702 1630 2772 repetitione
1687 2711 1896 2758 teneret
1927 2721 1938 2756 :
1973 2704 2020 2757 si
2065 2718 2194 2758 vero

599 2793 811 2848 crimen
839 2793 1056 2862 aliquod
1083 2802 1249 2858 esset,
1283 2793 1407 2847 inde
1439 2793 1773 2863 poenitentia:
1799 2796 2039 2858 modum,
2072 2803 2194 2866 post

598 2884 816 2940 illorum
839 2885 1129 2956 judicium,
1157 2885 1225 2939 ab
1253 2885 1547 2955 episcopali
1579 2885 1904 2941 auctoritate
1934 2887 2192 2956 deposce-

598 2986 706 3041 ret,
737 2976 1034 3032 secundum
1063 2978 1207 3046 quod
1236 2979 1378 3032 sacri
1433 2993 1672 3033 canones
1715 2977 2087 3048 praeﬁxeruut,
2140 2978 2189 3032 ei

597 3069 878 3140 imponere
903 3084 1008 3124 non
1037 3076 1318 3138 negarent.
1369 3068 1650 3125 Nobilibus
1690 3078 1871 3124 autem
1900 3069 2054 3124 laicis
2105 3085 2190 3124 sa-

597 3158 893 3216 cerdotalis
922 3160 1178 3216 discretio
1205 3160 1425 3230 placuit,
1455 3161 1584 3229 quia
1613 3161 1680 3215 de
1707 3161 1819 3216 suis
1869 3160 2188 3232 conjugibus

593 3254 675 3308 eis
698 3268 806 3308 non
835 3251 1126 3308 tollebatur
1147 3251 1435 3324 judicium,
1473 3268 1573 3308 nec
1600 3268 1632 3306 a
1651 3253 1973 3308 sacerdotali
1998 3253 2185 3308 ordine

593 3346 933 3403 inferebatur
961 3347 1173 3416 legibus
1207 3346 1458 3402 civilibus
1504 3345 1898 3416 praeiudicium,
1931 3355 1987 3404 et
2010 3347 2183 3420 legem

588 3440 1006 3510 proclamationi
1031 3439 1245 3495 feminae
1280 3439 1645 3511 protulerunt,
1672 3455 1736 3496 ac
1780 3439 1936 3512 legali
1981 3442 2184 3512 judicio

589 3533 878 3603 quzestioni
904 3532 1198 3588 terminum
1221 3531 1587 3588 contulerunt.
1617 3530 1708 3588 Sic
1759 3540 1814 3588 et
1867 3533 2008 3588 hanc
2052 3549 2183 3589 cau-

592 3643 730 3690 sam,
759 3641 879 3695 quae
903 3626 968 3680 de
993 3625 1242 3695 personis
1269 3624 1742 3681 excellentissimis
1764 3626 2080 3693 ventilatur,
2126 3628 2180 3682 in

588 3717 830 3773 medium
848 3717 1039 3789 iudicii
1060 3719 1145 3773 sui
1175 3719 1460 3783 devocent,
1483 3726 1539 3773 et
1566 3721 1860 3774 secundum
1904 3722 2049 3790 quod
2104 3722 2184 3775 vi-

587 3809 768 3864 derint
801 3807 1075 3878 aequitatis
1103 3808 1310 3879 judicio
1357 3809 1650 3866 convenire
1705 3809 2002 3880 diiudicent
2035 3829 2046 3866 :
2077 3812 2181 3866 hoc

584 3900 945 3957 solertissime
965 3910 1375 3970 cognoscentes,
1407 3901 1533 3971 quia
1563 3901 1808 3972 legaliter
1835 3903 2027 3958 initum
2058 3919 2182 3959 con-

480 4010 484 4014 ‘
578 3993 792 4066 jugium
815 3993 960 4048 nulla
992 4002 1174 4063 potest
1208 3994 1420 4049 ratione
1466 3993 1705 4058 dissolvi,
1765 3994 1897 4061 nisi,
1949 4004 2010 4048 ut
2041 4011 2178 4066 prte~

583 4086 856 4153 misimus,
901 4084 1192 4155 conjuncta
1235 4086 1580 4156 separatione
1609 4085 1862 4156 spiritali,
1910 4097 2005 4142 aut
2063 4103 2177 4143 ma-

582 4181 779 4236 nifesta
802 4179 1164 4245 confessione,
1217 4179 1300 4234 vel
1329 4188 1516 4248 aperta
1548 4178 1909 4243 convictione,
1952 4195 2020 4234 ex
2049 4194 2174 4235 cor-

578 4274 754 4345 porali
781 4273 1142 4330 fornicatione
1170 4292 1182 4325 :
1213 4292 1229 4323 ι
1259 4271 1418 4339 Quia,
1452 4282 1512 4326 ut
1533 4270 1726 4326 beatus
1753 4270 2091 4342 Augustinus
2119 4272 2173 4325 in

579 4367 722 4422 libro
744 4366 812 4420 de
840 4366 991 4420 Bono
1021 4363 1291 4435 coniugali
1325 4363 1466 4434 (cap.
1497 4362 1586 4433 15)
1612 4361 1764 4429 dicit,
1799 4378 1899 4417 nec
1927 4378 2026 4432 pro
2055 4362 2174 4432 ipsa

580 4459 747 4512 etiam
774 4455 1060 4510 sterilitate
1093 4455 1220 4510 licet
1245 4469 1469 4510 uxorem
1506 4453 1645 4520 viro,
1680 4454 1766 4507 vel
1793 4453 1948 4508 uxori
1995 4454 2173 4508 virum

579 4546 878 4612 dimittere,
909 4560 1011 4601 nec
1037 4559 1201 4599 causa
1230 4544 1488 4609 ﬁliorum,
1532 4560 1632 4614 pro
1659 4543 1856 4614 quibus
1895 4559 2032 4598 uxor
2079 4545 2175 4598 du-

2311 2043 2539 2105 domita,
2573 2045 2700 2102 licet
2720 2045 2940 2117 ﬂagitiis
2963 2047 3217 2104 omnibus
3245 2057 3554 2120 coopertus,
3572 2060 3624 2104 et
3640 2049 3700 2105 ab
3716 2064 3841 2104 uxore

2306 2148 2530 2206 propter
2555 2137 2669 2192 haec
2694 2137 2899 2194 scelera
2933 2139 3246 2204 derelictus,
3282 2139 3516 2195 maritus
3543 2140 3653 2211 ejus
3673 2148 3839 2208 reputa-

2307 2235 2414 2292 tur,
2448 2227 2534 2282 cui
2565 2227 2795 2284 alterum
2827 2230 3005 2284 virum
3037 2231 3291 2300 accipere
3319 2247 3429 2287 non
3449 2231 3592 2288 licet.
3647 2230 3739 2288 Nec
3764 2231 3835 2286 hoc

2304 2327 2468 2401 εκ
2505 2329 2794 2401 Apostolus
2841 2331 3058 2402 propria
3087 2333 3421 2388 auctoritate
3479 2332 3720 2397 decernit,
3765 2328 3833 2384 sed

2301 2418 2519 2474 Christo
2567 2420 2621 2474 in
2666 2436 2727 2477 se
2753 2420 3026 2490 loquente,
3077 2423 3170 2491 qui
3219 2423 3302 2478 ait
3341 2423 3397 2477 in
3442 2418 3833 2494 Evangeliozotu'

2300 2513 2516 2568 dimittit
2555 2531 2773 2569 uxorem
2813 2532 2986 2582 suam,
3029 2526 3245 2587 excepta
3297 2533 3461 2573 causa
3513 2515 3829 2587 fornicationis,

2299 2609 2426 2677 facit
2449 2626 2564 2663 eam
2589 2609 2837 2666 maechari
2857 2629 2876 2678 ;
2905 2620 2955 2665 et
2977 2612 3066 2682 qui
3091 2611 3371 2666 dimissam
3395 2611 3655 2682 acceperit,
3676 2608 3831 2664 adulter

2301 2710 2377 2755 est
2410 2701 2627 2772 (Matth.
2653 2720 2770 2768 xix,
2801 2703 2879 2777 9).
2928 2725 2948 2756 ι
3005 2703 3144 2761 Huic
3187 2707 3518 2778 evangelicae
3569 2704 3751 2762 veritati
3790 2711 3826 2756 et

2299 2793 2609 2860 apostolica:
2639 2793 2902 2849 doctrina:
2929 2794 3031 2850 hoc
3062 2795 3223 2850 modo
3243 2796 3582 2852 concordant
3618 2794 3823 2849 Innocen-

2299 2885 2428 2952 tius,
2457 2885 2566 2942 Leo
2593 2896 2648 2940 et
2695 2886 2990 2958 Gregorius
3020 2889 3336 2958 apostolici,
3390 2889 3683 2944 Africanum
3727 2899 3822 2956 quo-

2296 2991 2402 3044 que
2427 2976 2738 3042 concilium,
2767 2978 3111 3047 Ambrosius,
3135 2979 3384 3038 Joannes
3428 2981 3816 3047 Constantinopo-

2294 3067 2494 3124 litanus
2515 3109 2529 3134 ,
2581 3067 2846 3142 Origenes
2874 3071 2928 3125 in
2957 3072 3262 3128 emendatis
3289 3089 3322 3128 a
3349 3074 3507 3130 beato
3556 3072 3818 3140 Hieronymo

2292 3157 2465 3224 libris,
2494 3159 2640 3214 Beda
2659 3161 2940 3233 presbyter
2968 3163 3324 3231 venerabilis,
3359 3165 3634 3234 cunctique
3675 3161 3813 3214 docto-

2295 3270 2386 3310 res
2420 3255 2692 3310 catholici.
2735 3254 2888 3311 Unde
2921 3257 2966 3310 si
2998 3257 3347 3313 Dominicum
3402 3271 3457 3314 et
3506 3267 3605 3313 tam
3647 3251 3813 3309 evidens

2291 3358 2621 3419 praeceptum
2653 3364 2761 3406 non
2791 3359 2958 3415 esset,
2987 3359 3047 3406 ut
3076 3351 3240 3406 etiam
3278 3352 3491 3408 Paulus
3518 3351 3811 3417 interrogatus

2291 3440 2357 3494 de
2390 3439 2688 3512 virginibus
2727 3442 2862 3498 dans
2889 3442 3198 3509 consilium,
3231 3444 3305 3500 de
3336 3445 3441 3501 hoc
3488 3441 3710 3514 quiddam
3737 3437 3809 3491 im-

2290 3542 2502 3587 mutare
2527 3546 2866 3603 nequaquam
2889 3535 3321 3603 praesumpserit,
3349 3535 3530 3591 dicens
3555 3550 3567 3586 :
3591 3531 3658 3584 De
3673 3540 3806 3584 uxore.

2289 3621 2485 3693 inquit,
2516 3623 2763 3692 praecipio
2791 3640 2894 3678 non
2937 3640 3051 3695 ego,
3097 3624 3188 3678 sed
3249 3625 3526 3689 Dominus,
3580 3632 3754 3675 uxorem
3787 3628 3807 3661 α

2287 3715 2396 3769 viro
2426 3732 2529 3770 non
2554 3716 2837 3782 discedere,
2873 3717 3013 3788 quod
3035 3719 3082 3772 si
3105 3718 3408 3774 discesserit
3457 3730 3650 3771 manere
3690 3711 3804 3764 innu-

2283 3815 2447 3876 ptam,
2499 3817 2588 3861 aut
2639 3807 2749 3860 viro
2775 3824 2870 3861 suo
2905 3807 3234 3862 reconciliari
3271 3807 3324 3880 (I
3351 3808 3472 3864 Cor.
3509 3822 3599 3868 vn,
3628 3800 3719 3871 10).
3743 3804 3805 3850 θυι

2287 3897 2408 3952 lalis
2428 3906 2572 3952 esset
2603 3897 2755 3953 locus
2780 3897 3098 3968 Scripturre,
3126 3906 3185 3953 ut
3228 3909 3484 3956 auctores
3511 3897 3623 3953 inde
3645 3894 3802 3948 diversa

2282 3987 2409 4043 licet
2444 3989 2569 4044 ﬁdei
2596 4007 2702 4046 non
2726 3991 2954 4046 adversa
2987 3993 3280 4059 sentirent,
3331 3994 3472 4048 sicut
3495 3992 3542 4046 in
3569 3983 3803 4045 canonibus

2283 4082 2565 4147 habemus,
2594 4083 2952 4153 plurimorum
2980 4093 3037 4140 et
3068 4085 3297 4156 majoris
3327 4081 3647 4140 auctoritatis
3665 4088 3803 4145 seque-

2280 4189 2464 4230 remur
2490 4176 2838 4232 sententiam.
2895 4174 3050 4232 Nunc
3094 4186 3281 4234 autem
3331 4177 3491 4232 aliter
3537 4170 3708 4230 sentire
3743 4159 3800 4214 vel

2278 4266 2594 4322 consentire
2621 4283 2729 4322 non
2761 4282 3072 4338 possumus,
3100 4283 3203 4324 nec
3249 4268 3526 4333 debemus,
3569 4260 3658 4318 nisi
3699 4255 3800 4310 sicut

2279 4360 2330 4414 in
2362 4360 2559 4416 litteris
2583 4361 2840 4416 divinitus
2869 4361 3148 4433 inspiratis
3179 4363 3494 4434 relegimus.
3553 4357 3746 4413 Sanctus
3766 4343 3798 4397 si

2275 4455 2495 4524 quidem
2537 4434 2738 4510 Padlus
2780 4454 3138 4512 fornicatores
3168 4465 3225 4512 et
3253 4456 3526 4512 adulteros
3551 4447 3687 4506 idolis
3716 4453 3797 4496 set-

2276 4547 2760 4618 vientibusjuuxit,
2793 4547 2998 4612 dicens,
3026 4550 3152 4619 quia
3174 4566 3394 4622 regnum
3416 4547 3515 4602 Dei
3545 4559 3635 4600 non
3671 4530 3796 4609 ροεάσ

579 4641 744 4704 citur,
775 4654 834 4695 se
859 4639 980 4694 aliis
1034 4637 1286 4709 copulare
1317 4657 1329 4692 :
1363 4637 1507 4709 quod
1535 4637 1579 4692 si
1612 4638 1864 4702 fecerint,
1898 4652 2022 4690 cum
2052 4637 2175 4706 qui-
2203 4667 2252 4728 υ
2278 4639 2472 4693 debunt
2498 4638 2548 4708 (Ι
2573 4637 2697 4694 Cor.
2726 4656 2800 4705 γι,
2829 4641 2906 4711 9),
2936 4651 2991 4694 et
3020 4656 3140 4696 cum
3173 4642 3260 4698 bis
3284 4657 3386 4697 nec
3414 4639 3584 4697 cibum
3629 4638 3793 4728 sum?”

579 4732 680 4786 bus
710 4747 768 4786 se
798 4729 1172 4801 cepulaverint
1202 4738 1259 4784 et
1284 4729 1387 4798 ipsi
1414 4727 1767 4783 committunt
1819 4725 2168 4781 adulterium.

576 4824 760 4882 Manet
797 4823 945 4880 enim
993 4821 1265 4879 vinculum
1326 4821 1658 4892 nuptiarum,
1707 4819 1919 4874 etiamsi
1973 4819 2171 4890 proles,

575 4917 729 4988 cuius
755 4932 920 4975 causa
973 4916 1168 4970 initum
1222 4923 1326 4979 est,
1392 4911 1678 4968 manifesta
1732 4911 2021 4967 sterilitate
2059 4928 2169 4968 non

571 5012 958 5080 subsequatur.
996 5027 1015 5060 ι
1084 5005 1152 5061 Ει
1198 5005 1326 5060 item
1359 5005 1413 5059 in
1435 5005 1625 5060 eodem
1678 5003 1816 5059 libro
1865 5004 2004 5076 (cap.
2032 5005 2166 5076 16):

576 5122 596 5155 ι
629 5103 784 5158 Sicut
811 5117 944 5172 ergo
971 5099 1143 5156 satius
1169 5106 1253 5153 est
1274 5097 1412 5152 mori
1439 5097 1602 5162 fame,
1635 5112 1798 5166 quam
1849 5095 2166 5167 idolothytis

569 5193 738 5260 vesci,
769 5193 847 5248 ita
877 5191 1048 5247 satius
1069 5199 1154 5246 est
1189 5188 1407 5260 defungi
1465 5189 1579 5244 sine
1628 5187 1836 5254 liberis,
1881 5205 2044 5258 quam
2095 5205 2162 5244 ex

566 5285 760 5340 illicito
789 5283 1079 5339 concubitu
1107 5283 1333 5352 stirpem
1355 5296 1622 5351 quaerere.
1657 5300 1675 5332 ι
1717 5282 1784 5336 Et
1822 5282 1876 5337 in
1909 5281 2064 5338 libris
2093 5283 2162 5339 ad

567 5374 892 5431 Pollemium
943 5376 1009 5430 de
1062 5373 1381 5429 adulterinis
1429 5371 1734 5444 coniugiis,
1781 5373 2058 5430 multoties
2105 5383 2162 5430 et

563 5466 904 5536 frequentius
933 5465 1262 5520 inculcatum
1292 5464 1465 5520 lector
1490 5465 1748 5531 inveniet,
1787 5483 1806 5517 ι
1837 5469 1963 5537 quia
1987 5466 2070 5521 vir
2091 5465 2159 5522 ab

564 5573 756 5623 uxore,
783 5567 1008 5613 et-uxor
1037 5573 1067 5611 a
1103 5557 1223 5612 viro
1246 5558 1489 5626 separari
1519 5574 1626 5613 non
1655 5567 1853 5629 potest,
1905 5559 2009 5616 nisi
2040 5560 2155 5616 sola

558 5649 1396 5723 fornicationis'causa,possunt
1421 5661 1602 5708 autem
1651 5668 1716 5708 ea
1765 5656 2030 5724 separari,
2081 5656 2154 5710 ita

559 5748 765 5805 tamen,
788 5750 848 5795 ut
877 5748 972 5796 aut
1006 5743 1214 5812 innupti
1246 5757 1617 5814 permaneant,
1659 5754 1754 5801 aut
1794 5746 2026 5802 invicem
2071 5763 2158 5802 re-

558 5831 940 5889 concilientur.
978 5854 996 5887 ι
1032 5835 1098 5890 Ει
1128 5845 1346 5892 sanctus
1372 5835 1730 5909 Hieronymus
1759 5839 1814 5896 iu
1845 5851 2157 5898 commento

555 5923 795 5984 Matthxi
832 5945 843 5981 :
885 5946 902 5980 ι
942 5926 1137 5988 Dicunt
1165 5928 1412 5996 Domino,
1447 5929 1644 6000 inquit,
1697 5928 1944 6004 discipuli
1999 5935 2152 6006 eius:

2270 4727 2456 4796 jussit.
2492 4729 2559 4783 Et
2583 4729 2711 4784 item
2742 4731 2962 4801 scripsit
2990 4750 3002 4785 :
3031 4731 3169 4798 Quia
3191 4733 3532 4801 fornicatores
3570 4736 3613 4782 et
3635 4718 3790 4778 adulte-

2277 4835 2362 4874 ros
2381 4820 2642 4890 judtcabit
2664 4821 2806 4876 Deus
2835 4822 2882 4894 (1
2908 4821 3032 4878 Cor.
3055 4839 3108 4889 v,
3140 4825 3224 4889 ll;
3253 4824 3388 4880 Heb.
3420 4839 3532 4888 xm,
3551 4821 3620 4891 4).
3646 4812 3729 4871 Sed
3751 4814 3788 4861 ει

2275 4914 2378 4984 ipsi
2407 4914 2513 4969 viri
2547 4916 2662 4986 qui,
2693 4925 2752 4970 ut
2775 4917 3135 4984 ostendimus,
3170 4919 3289 4989 pari
3315 4919 3444 4991 legis
3461 4913 3646 4987 judicio
3685 4907 3782 4962 sicut

2273 5014 2328 5062 et
2351 5007 2606 5064 mulieres
2627 5009 2770 5079 apud
2804 5009 2976 5064 Deum
3003 5019 3274 5078 tenentur,
3318 5011 3366 5067 si
3404 4997 3777 5065 adulteraveriut.

2271 5112 2327 5156 et
2353 5110 2504 5158 tanto
2551 5103 2714 5158 etiam
2766 5105 3002 5174 graviori
3046 5121 3205 5176 paena
3261 5105 3588 5164 damnentur,
3627 5096 3777 5164 quam

2270 5195 2449 5264 capita
2475 5203 2529 5250 et
2557 5205 2797 5252 rectores
2825 5208 2951 5252 sunt
2973 5197 3281 5264 mulierum,
3305 5191 3580 5268 fragilioris
3618 5180 3771 5242 scilice‘

2267 5301 2426 5341 sexus
2459 5296 2513 5341 et
2540 5287 2680 5342 vasis
2701 5285 3044 5354 inﬁrmioris,
3071 5287 3289 5344 licentia
3314 5283 3543 5342 indebita
3575 5289 3664 5333 non
3701 5268 3768 5323 d0-

2265 5377 2394 5432 bent
2422 5393 2776 5447 praesumere,
2830 5388 2890 5434 ut
2913 5394 3110 5435 uxores
3138 5394 3265 5436 suas
3295 5375 3630 5432 adulterantes
3653 5361 3763 5416 άειω·

2263 5478 2394 5525 nent
2419 5470 2536 5526 sine
2558 5471 2783 5542 judicio,
2811 5472 3026 5528 dicente
3052 5471 3109 5526 in
3130 5469 3244 5542 lege
3267 5466 3486 5524 Domino
3531 5460 3586 5516 de
3627 5460 3757 5508 servo.

2260 5565 2352 5634 qui
2382 5565 2609 5634 pecunia
2633 5565 2837 5620 domini
2859 5565 2944 5621 sui
2971 5574 3097 5644 es_t.:
3135 5565 3236 5630 Qui
3276 5555 3563 5634 percusserit
3603 5551 3751 5644 serta!!!“

2258 5632 2433 5722 suum,
2458 5657 2532 5712 uel
2555 5656 2804 5713 ancillam
2825 5660 2991 5730 uirga,
3015 5639 3062 5714 et
3084 5632 3282 5714 mortui
3297 5654 3479 5725 fuerint
3503 5649 3550 5702 iu
3571 5632 3749 5696 ’καπίθη

2259 5748 2393 5818 ejus,
2425 5749 2659 5804 criminis
2690 5765 2808 5804 reus
2831 5751 2927 5804 erit
2961 5749 3157 5821 (Exod.
3181 5744 3413 5816 “520).
3448 5735 3578 5796 Unde
3612 5734 3742 5829 ⁸⁸,
3852 5741 3855 5829 ξ

2260 5839 2340 5895 eri
2369 5854 2627 5906 canones,
2656 5842 2699 5896 si
2735 5841 2857 5910 quis
2876 5858 3090 5898 servum
3119 5838 3382 5913 propriqu
3402 5835 3507 5888 sine

2262 5935 2332 5990 tia
2357 5933 2556 6005 iudicis
2579 5935 2858 6004 occiderit,
2889 5929 3426 5993 exconuuunicatioue
3453 5910 3616 5979 biennii
3637 5898 3722 5959 ea”
