4026 6340
272 471 376 527 657

1203 475 1289 531 DE
1332 475 1659 535 DIVORTIO
1698 476 2025 535 LOTHARII
2065 479 2151 536 ET
2191 479 2602 543 TETBERGE.

3425 498 3540 556 οδε.

264 589 472 643 sionem
506 588 780 657 sanguinis
810 589 1130 659 prtecipiunt
1151 603 1370 659 expiare
1400 590 1610 660 (concil.
1631 592 1847 664 Agath.,
1877 596 1925 655 Α
1953 595 2274 663 perdentes,
2323 607 2378 652 et
2403 613 2460 654 se
2501 614 2686 654 earum
2720 603 2978 674 sanguine
3009 603 3170 676 impie
3199 607 3528 677 polluentes,

263 694 382 732 can.
414 677 502 749 62)
533 695 548 744 ;
581 690 635 732 et
662 695 673 730 :
712 695 731 728 ι
762 677 818 732 Si
852 680 1066 733 domin’a
1090 679 1338 734 ancillam
1386 678 1612 751 ﬂagellis
1659 682 1850 736 verbe—
1877 751 1879 753 ι

261 771 488 836 raverit,
519 778 574 824 et
602 769 725 825 inde
747 778 959 825 mortua
988 771 1174 836 fuerit,
1197 771 1246 826 si
1271 771 1546 827 voluntate
1574 774 1677 828 hoc
1703 773 1848 828 acci-

258 865 362 930 dit,
390 873 511 936 post
535 873 740 936 septem
777 881 968 932 annos,
999 875 1055 921 et
1081 867 1126 922 si
1151 882 1297 932 casu,
1329 879 1453 939 post
1493 869 1848 940 quinquennii

258 966 508 1026 tempora
550 959 616 1012 ad
671 959 1106 1014 communionem
1151 961 1398 1031 praecipit
1448 976 1570 1016 eam
1610 963 1844 1029 admitti,

253 1058 474 1103 servata
502 1049 827 1104 auctoritate
850 1051 916 1104 de
955 1051 1156 1106 viatico
1205 1067 1454 1120 munere,
1521 1055 1663 1124 quod
1716 1054 1846 1110 nulli

249 1149 340 1196 est
371 1142 534 1196 etiam
566 1141 618 1196 in
645 1141 838 1197 ultimo
863 1143 1055 1213 spiritu
1087 1144 1462 1214 denegandum
1495 1131 1676 1215 '(conc.
1700 1145 1842 1200 Elib.

246 1249 376 1286 can.
405 1231 484 1303 5).
519 1252 536 1284 ι
572 1232 630 1289 Si
648 1233 812 1303 igitur
833 1234 886 1288 in
911 1235 1070 1290 domo
1092 1235 1515 1307 uniuscujusque
1550 1235 1843 1292 Christiani

249 1333 405 1377 tanta
432 1324 658 1393 aequitas
684 1334 739 1379 et
764 1325 979 1380 bonitas
1002 1326 1166 1380 etiam
1200 1342 1326 1398 erga
1359 1326 1609 1384 servilem
1651 1329 1843 1384 condi-

245 1415 456 1469 tionem
473 1414 737 1470 servanda
759 1425 843 1471 est
861 1417 1004 1472 inter
1021 1418 1297 1473 dominum
1319 1429 1374 1474 et
1388 1435 1627 1487 servum,
1640 1432 1844 1492 quanto

240 1504 429 1573 major
455 1513 508 1559 et
537 1505 756 1560 uberior
776 1522 839 1562 ac
860 1509 1069 1577 plenior
1085 1510 1440 1566 custodienda
1461 1521 1545 1566 est
1566 1513 1708 1568 inter
1729 1528 1841 1568 ma-

239 1595 417 1648 ritum
444 1603 499 1650 et
523 1611 765 1661 uxorem,
803 1597 943 1652 inter
965 1598 1140 1652 virum
1162 1608 1217 1654 et
1248 1601 1555 1672 conjugem,
1579 1603 1722 1657 inter
1744 1618 1838 1658 ca-

234 1697 342 1758 put
362 1697 417 1743 et
437 1689 666 1758 corpus?
687 1691 969 1758 quoniam,
985 1692 1126 1746 sicut
1140 1692 1430 1763 Apostolus
1445 1696 1602 1750 docet
1619 1696 1835 1767 (Ep/res.

236 1797 293 1844 γ,
325 1780 446 1851 22),
484 1782 567 1836 vir
590 1791 754 1852 caput
795 1791 879 1837 est
915 1783 1180 1849 mulieris,
1222 1786 1364 1841 sicut
1400 1787 1651 1842 Christus
1675 1797 1840 1857 caput

229 1881 327 1926 est
357 1871 628 1936 Ecclesiae,
664 1873 778 1942 ipse
816 1873 1054 1928 salvator
1076 1876 1358 1944 corporis:
1391 1877 1462 1931 ita
1510 1886 1565 1931 et
1594 1879 1695 1932 viri
1741 1878 1835 1932 de-

1952 701 2075 740 cum
2104 688 2156 742 in
2187 689 2492 759 hujusmodi
2515 706 2679 748 causa
2714 702 2863 751 tanto
2889 696 3089 766 justius
3111 701 3535 770 exspectandum

1949 787 2094 833 esset
2138 779 2435 850 legitimum
2473 783 2768 852 judicium,
2809 795 3012 855 quanto
3051 787 3266 846 facilius
3296 794 3550 849 maritali.

1949 870 2065 925 zelo
2088 881 2263 942 potest
2288 877 2590 944 perpetrari
2625 877 3010 935 homicidium?
3057 882 3136 936 Ex
3167 884 3250 940 his
3289 887 3534 944 nonnulli

1949 972 2060 1019 tam
2102 965 2360 1032 immites,
2409 976 2464 1022 et
2508 983 2614 1023 non
2651 969 2902 1026 humanae
2933 972 3258 1042 aﬂ'ectionis,
3289 978 3384 1034 sed
3413 977 3532 1034 bel-

1946 1057 2107 1112 luinae
2127 1058 2484 1114 immanitatis
2507 1061 2876 1128 inveniuntur,
2898 1073 2959 1118 ut
2979 1067 3252 1135 prioribus
3271 1069 3535 1126 uxoribus

1945 1163 2009 1203 ex
2054 1151 2360 1220 suspicione
2403 1151 2674 1218 adulterii,
2719 1153 2866 1209 nulla
2904 1155 3056 1226 lege,
3107 1158 3251 1213 nulla
3301 1161 3532 1227 ratione,

1944 1240 2090 1295 nullo
2130 1240 2358 1310 judicio,
2393 1243 2487 1299 sed
2521 1243 2632 1298 sola
2680 1259 2774 1300 sua
2819 1247 3165 1304 animositate
3210 1259 3260 1304 et
3297 1251 3533 1307 crudeli-

1944 1341 2075 1398 tate,
2107 1334 2192 1388 vel
2236 1334 2458 1391 libidine
2492 1339 2560 1392 ad
2594 1337 2752 1392 aliam
2797 1354 3019 1394 uxorem
3061 1342 3142 1396 vel
3172 1343 3534 1399 concubinam

1943 1423 2219 1489 tendente,
2243 1426 2461 1492 occisis,
2499 1427 2674 1483 adhuc
2710 1429 2973 1500 sanguine
2999 1431 3203 1484 recenti
3227 1434 3530 1500 madentes,

1943 1527 2048 1566 non
2077 1514 2248 1568 solum
2281 1515 2426 1569 nulla
2469 1518 2789 1586 poenitentia
2835 1519 3180 1587 compuncti,
3222 1529 3316 1573 aut
3351 1520 3533 1590 aliqua

1940 1605 2242 1660 humilitate
2271 1608 2379 1662 Deo
2410 1617 2464 1662 et
2493 1609 2748 1665 Ecclesiae
2777 1610 3192 1670 satisfacientes.
3228 1611 3324 1666 sed
3350 1611 3535 1667 exsul-

1940 1705 2118 1753 tantes
2141 1699 2193 1753 in
2223 1701 2489 1770 superbiis
2519 1702 2650 1767 suis,
2677 1703 3056 1757 incunctanter
3083 1702 3150 1756 ad
3177 1702 3349 1758 altare
3371 1702 3532 1757 Chri-

1939 1789 2008 1843 sti
2040 1790 2321 1857 accedant,
2351 1799 2406 1846 et
2437 1791 2811 1848 indilferenter
2832 1807 2990 1848 sacra
3024 1794 3284 1864 mysteria
3311 1793 3527 1848 contin-

1937 1898 2063 1954 gere
2108 1895 2455 1953 praesumant.
2493 1886 2570 1939 De
2596 1888 2792 1957 quibus
2839 1887 3093 1958 mysteria
3135 1901 3231 1940 sua
3261 1886 3529 1956 accipien-

233 1964 372 2017 bent
396 1963 617 2035 diligere
643 1979 842 2020 uxores
861 1981 1005 2032 suas,
1031 1976 1092 2020 ut
1114 1981 1343 2037 corpora
1370 1983 1487 2023 sua.
1527 1969 1626 2036 Qui
1677 1985 1830 2024 suam
1861 1946 1909 2008 Β
1937 1977 2082 2032 tibus
2101 1990 2314 2047 semper
2336 1978 2466 2032 dicit
2485 1946 2737 2035 Christus
2761 1946 2911 2050 quod
2931 1981 3067 2035 dixit
3091 1981 3154 2034 de
3174 1980 3314 2036 Juda
3343 1997 3357 2033 :
3390 1980 3527 2034 Ecce

232 2072 466 2112 uxorem
495 2058 687 2129 diligit,
715 2059 951 2129 seipsum
987 2059 1182 2131 diligit.
1220 2060 1390 2116 Nemo
1410 2064 1552 2117 enim
1594 2079 1831 2134 unquam

229 2165 463 2205 carnem
486 2166 638 2205 suam
659 2151 784 2206 odio
808 2152 1014 2217 habuit,
1041 2153 1134 2207 sed
1161 2154 1332 2208 nutrit
1349 2163 1402 2208 et
1428 2152 1574 2210 fovet
1595 2171 1736 2220 eam,
1760 2157 1832 2211 si-

227 2251 332 2298 cut
357 2254 416 2297 et
447 2241 706 2306 Christus,
731 2243 1051 2300 Ecclesiam.
1083 2246 1340 2302 Attendat
1379 2247 1464 2303 vir
1489 2247 1829 2304 Christianus

224 2336 273 2392 si
309 2351 408 2405 pes
435 2336 521 2392 vel
551 2352 765 2404 manus,
800 2348 893 2394 aut
919 2338 1170 2408 genitale,
1194 2340 1279 2395 vel
1305 2341 1664 2412 quodcunque
1685 2341 1828 2398 aliud

223 2429 541 2484 membrum
580 2439 890 2501 putrescere
914 2472 928 2496 ,
967 2431 1051 2486 vel
1091 2446 1288 2487 cancro
1327 2433 1536 2488 comedi
1577 2433 1822 2502 coeperit,

221 2521 400 2592 597
431 2539 552 2578 cum
589 2533 793 2594 quanta
825 2523 1102 2595 diligentia
1134 2534 1190 2579 et
1225 2526 1562 2596 inspectione
1593 2542 1657 2581 ac
1680 2526 1825 2596 judi-

221 2619 318 2672 cio
345 2617 564 2683 medici,
608 2618 736 2673 illud
767 2627 863 2672 aut
898 2619 1189 2676 sustinebit
1209 2629 1268 2675 ut
1296 2622 1477 2677 sanari
1500 2622 1694 2688 valeat,
1732 2633 1827 2678 aut

221 2724 252 2763 a
291 2722 352 2763 se
379 2709 626 2765 abscidet
649 2709 692 2764 si
721 2710 902 2764 sanari
935 2712 1258 2781 nequiverit,
1285 2722 1342 2767 et
1365 2714 1439 2768 ita
1465 2716 1531 2768 de
1554 2716 1818 2780 membro,

222 2800 342 2854 imo
368 2798 438 2854 de
480 2814 732 2871 corpore,
781 2800 833 2854 id
864 2809 947 2856 est
992 2803 1060 2857 de
1110 2818 1277 2857 uxore
1315 2819 1409 2856 sua
1444 2803 1626 2858 faciat.
1675 2804 1824 2860 Unde

222 2906 450 2946 rursum
494 2891 636 2947 idem
663 2890 952 2963 Apostolus
992 2893 1164 2949 dicit:
1218 2893 1350 2958 Viri,
1397 2895 1597 2965 diligite
1630 2912 1820 2950 uxores

217 2993 450 3050 vestras,
487 2983 621 3040 sicut
647 2995 693 3038 et
726 2983 1176 3058 Christtts'dilexit
1203 2985 1496 3040 Ecclesium
1517 3026 1531 3052 ,
1558 2997 1606 3040 et
1637 2997 1820 3042 semet-

218 3073 403 3144 ipsum
425 3075 647 3128 tradidit
671 3093 767 3145 pro
797 3094 882 3142 ea,
907 3085 963 3129 ut
986 3075 1134 3130 illam
1157 3077 1530 3145 sanctiﬁcaret,
1554 3079 1817 3134 mundam

218 3181 339 3218 eam
398 3164 609 3218 lavacro
652 3183 803 3237 aqua:
848 3168 903 3220 in
949 3169 1102 3221 verba
1132 3165 1351 3239 (Ep/tes.
1398 3183 1453 3234 v,
1510 3168 1624 3240 25).
1657 3168 1817 3226 Certe

219 3257 377 3311 enim
405 3256 720 3324 apostolicis
748 3259 882 3314 viris
914 3268 1063 3314 tanta
1097 3259 1242 3314 inter
1271 3261 1447 3315 virum
1475 3270 1531 3316 et
1565 3277 1813 3329 uxorem,

218 3358 271 3403 et
295 3358 410 3402 tam
441 3351 713 3420 praecipua
742 3360 902 3422 atque
925 3353 1196 3408 excellens
1225 3353 1442 3410 dilectio
1469 3358 1812 3412 commenda-

218 3450 330 3508 tur,
363 3442 513 3497 salva
544 3451 724 3498 tamen
751 3445 806 3500 in
838 3446 955 3515 ipso
983 3446 1239 3518 conjugio
1267 3448 1586 3518 prtelatione
1608 3451 1732 3517 viri,
1759 3463 1814 3507 et

217 3532 561 3603 subjectione
593 3533 837 3601 feminae,
870 3546 928 3591 ut
967 3537 1020 3592 in
1060 3538 1147 3592 illa
1180 3540 1559 3610 conjunctione
1588 3542 1753 3597 semel
1781 3559 1812 3598 a

218 3627 335 3682 Deo
367 3625 638 3693 instituta,
667 3637 724 3683 et
748 3627 986 3698 legitime
1024 3631 1330 3696 conciliata,
1362 3633 1533 3701 major
1562 3647 1682 3688 esse
1712 3648 1815 3688 nec

217 3718 442 3784 debeat,
475 3734 578 3775 nec
604 3721 796 3789 possit.
829 3719 969 3787 Quid
1000 3723 1144 3776 enim
1168 3723 1532 3778 venerabilius
1558 3740 1720 3794 quam
1752 3735 1812 3780 ut

218 3809 533 3881 conjugium
572 3812 895 3883 mysterium
931 3813 1004 3868 sit
1027 3813 1231 3868 Christi
1266 3823 1322 3869 et
1354 3815 1647 3872 Ecclesiae?
1671 3818 1811 3884 Quid

220 3904 471 3959 sanctius
489 3920 652 3974 quam
678 3916 738 3960 ut
761 3906 839 3961 sic
871 3905 1093 3978 diligant
1117 3908 1218 3962 viri
1250 3923 1450 3965 uxores
1483 3925 1637 3974 suas,
1670 3913 1813 3966 sicut

217 3994 474 4051 Christus
497 3996 682 4051 dilexit
708 3996 1030 4060 Ecclesiam,
1058 3997 1276 4054 tradens
1314 4000 1548 4069 seipsum
1587 4014 1684 4070 pro
1722 4015 1808 4065 ea,

217 4095 280 4140 ut
311 4086 460 4140 illam
493 4088 860 4144 sanctilicaret
887 4099 1049 4157 atque
1075 4089 1398 4143 mundaret?
1425 4088 1563 4156 Quid
1587 4090 1812 4145 charius

217 4187 384 4248 atque
425 4176 786 4246 conjunctius,
828 4194 990 4248 quam
1031 4188 1091 4232 ut
1118 4179 1203 4233 vir
1238 4188 1402 4249 caput
1443 4180 1513 4235 sit
1543 4179 1804 4247 mulieris,

217 4270 361 4324 sicut
387 4268 638 4324 Christus
664 4277 826 4338 caput
847 4273 946 4324 ‘est
987 4268 1243 4324 Ecclesiae
1269 4269 1384 4338 ipse
1417 4269 1660 4325 salvator
1687 4287 1808 4327 cor-

214 4360 401 4432 poris?
429 4359 530 4426 Qui
557 4361 721 4415 etiam
753 4363 808 4416 in
846 4361 1136 4430 Evangelio
1172 4361 1239 4415 de
1279 4361 1381 4416 hac
1429 4362 1662 4432 coujugii
1692 4363 1809 4417 uni-

218 4453 368 4508 tione
401 4460 633 4507 testatur
665 4453 854 4509 dicens
885 4470 898 4506 :
933 4451 1120 4518 Itaque
1137 4453 1256 4523 jam
1284 4469 1386 4507 non
1408 4464 1529 4508 sunt
1557 4453 1682 4518 duo,
1717 4454 1808 4508 sed

216 4559 325 4597 una
371 4559 517 4596 caro.
575 4542 747 4598 Erunt
794 4545 950 4607 enim,
995 4543 1185 4613 inquit,
1235 4543 1340 4597 duo
1389 4545 1444 4598 in
1493 4560 1649 4599 carne
1699 4562 1807 4598 una

1934 2084 2124 2122 manus
2159 2069 2412 2123 tradentis
2441 2085 2522 2124 me
2552 2085 2752 2124 mecum
2791 2081 2870 2125 est
2903 2072 2958 2126 in
2983 2088 3162 2126 mensa
3195 2070 3347 2140 (Luc.
3385 2086 3526 2137 xxu,

1932 2161 2045 2233 2|),
2085 2179 2207 2217 cum
2246 2164 2361 2218 sine
2397 2179 2496 2219 suo
2529 2165 2742 2219 mortali
2791 2165 3032 2235 periculo
3070 2166 3136 2220 de
3177 2164 3526 2234 peccantibus

1933 2255 2191 2310 uxoribus
2218 2263 2471 2326 poterant
2507 2256 2716 2311 absolvi
2752 2256 2983 2325 judicio,
3013 2256 3156 2326 quod
3181 2255 3256 2310 illi
3289 2270 3393 2310 non
3431 2268 3527 2309 ex-

1931 2351 2262 2415 spectantes,
2294 2345 2388 2402 sed
2430 2346 2629 2401 divina:
2655 2347 2790 2417 legis
2812 2346 3211 2415 prmvenientes
3235 2343 3522 2412 judicium,

1931 2423 2214 2491 incurrunt
2246 2439 2300 2492 in
2331 2438 2695 2492 damnationis
2717 2437 2882 2507 598
2904 2435 3192 2506 judicium.
3225 2433 3526 2489 Defendant

1929 2545 1986 2584 se
2011 2539 2274 2598 quantum
2294 2530 2482 2585 volunt
2501 2530 2593 2599 qui
2621 2527 2886 2596 ejusmodi
2911 2537 3059 2592 sunt,
3083 2529 3198 2582 sive
3227 2541 3322 2596 per
3341 2526 3516 2595 leges,

1928 2621 1972 2673 si
1997 2619 2117 2675 ulla:
2146 2628 2292 2686 sunt,
2339 2620 2660 2685 mundanas,
2691 2620 2806 2674 sive
2838 2633 2934 2688 per
2976 2617 3396 2673 consuetudines
3421 2616 3522 2672 hu-

1928 2726 2136 2766 manas.
2187 2711 2392 2766 Tamen
2428 2711 2473 2765 si
2518 2710 2818 2766 Christiani
2861 2717 3008 2774 sunt,
3055 2709 3228 2763 sciant
3257 2722 3315 2762 se
3347 2708 3399 2762 in
3433 2707 3522 2761 die

1919 2804 2108 2875 judicii
2157 2819 2257 2859 nec
2296 2803 2579 2867 Romanis,
2615 2818 2714 2858 nec
2749 2802 2968 2868 Salicis,
3009 2816 3110 2857 nec
3138 2801 3516 2866 Gundobadis,

1926 2897 2019 2952 sed
2050 2896 2248 2951 divinis
2276 2905 2330 2952 et
2365 2896 2675 2967 apostolicis
2719 2895 2926 2966 legibus
2952 2894 3296 2964 iudicandos.
3338 2893 3521 2960 Quan-

1924 3003 2088 3058 quam
2116 2989 2168 3042 in
2196 3003 2362 3059 regno
2394 2988 2706 3043 Christiano
2727 2989 2894 3043 etiam
2925 2988 3070 3057 ipsas
3105 2985 3252 3057 leges
3275 2985 3518 3056 publicas

1923 3089 2172 3149 oporteat
2213 3095 2334 3135 esse
2367 3079 2728 3145 Christianas,
2757 3079 3150 3135 convenientes
3173 3077 3428 3132 videlicet
3460 3087 3518 3132 et

1921 3179 2286 3227 consonantes
2306 3171 2723 3226 Christianitati.
2739 3171 2850 3226 Lex
2873 3185 3107 3241 namque
3129 3169 3518 3238 omnipotentis

1921 3260 2016 3315 Dei
2046 3261 2100 3316 in
2140 3269 2250 3316 tres
2292 3261 2501 3332 species
2544 3262 2737 3317 dividit
2771 3262 2974 3328 omnia,
3010 3276 3130 3331 qua:
3174 3263 3423 3316 homines
3455 3261 3515 3316 in

1920 3356 2208 3410 mundanis
2234 3357 2398 3410 rebus
2427 3355 2639 3410 subdita
2666 3356 2865 3410 habere
2899 3355 2982 3409 vel
3016 3353 3296 3424 possidere
3325 3354 3516 3408 viden-

1921 3458 2028 3512 tur,
2062 3462 2186 3502 cum
2225 3447 2278 3500 in
2307 3446 2559 3518 Decalogi
2584 3448 2869 3517 praeceptis
2890 3445 3079 3500 deﬁnit
3104 3455 3158 3499 et
3183 3444 3317 3499 dicit
3343 3461 3355 3496 :
3386 3443 3512 3498 Non

1919 3537 2240 3592 desiderabis
2274 3552 2491 3591 uxorem
2522 3537 2750 3607 proximi
2772 3537 2870 3602 tui,
2901 3552 3003 3589 non
3034 3550 3260 3599 servum,
3289 3549 3394 3587 non
3415 3549 3511 3588 an-

1919 3631 2113 3696 cillam,
2143 3647 2246 3684 non
2269 3630 2466 3696 bovem,
2496 3647 2603 3684 non
2626 3647 2794 3696 ouem,
2828 3646 2931 3684 non
2958 3629 3186 3694 asinum,
3212 3643 3305 3681 nec
3331 3626 3511 3680 omnia

1916 3739 2034 3794 qua!
2061 3722 2204 3777 illius
2240 3732 2359 3776 sunt
2390 3721 2587 3794 (Exod.
2623 3738 2716 3788 xx,
2749 3721 2824 3792 7).
2862 3720 2919 3776 ln
2954 3722 3150 3791 quibus
3175 3719 3358 3775 verbis
3391 3718 3510 3772 sino

1918 3812 2082 3867 dubio
2109 3812 2270 3866 aliter
2295 3811 2690 3866 consideranda
2717 3819 2802 3866 est
2825 3811 3062 3881 dignitas
3091 3809 3279 3863 uxoris
3301 3849 3314 3874 ,
3345 3806 3503 3861 aliter

1918 3901 2156 3957 conditio
2198 3916 2479 3956 servorum
2532 3910 2587 3955 et
2640 3887 2984 3965 ancillarum,
3028 3908 3085 3956 et
3134 3899 3294 3954 aliter
3325 3896 3510 3951 vilitas

1917 3995 2202 4048 brutorum
2249 3991 2604 4057 animalium,
2638 3992 2751 4046 sive
2782 3990 3178 4045 insensibilium
3206 4004 3426 4053 rerum,
3453 3995 3510 4041 et

1918 4085 2039 4140 ideo
2066 4082 2247 4138 omnia
2279 4083 2381 4139 ista
2405 4083 2516 4138 suis
2543 4083 2752 4138 meritis
2779 4080 3082 4146 tractanda,
3108 4081 3222 4135 suis
3247 4079 3508 4149 gradibus

1918 4176 2273 4232 discernenda
2319 4192 2385 4231 ac
2428 4176 2721 4245 judicanda
2775 4185 2919 4231 sunt.
2977 4175 3104 4230 Haec
3154 4174 3404 4237 dicimus,
3445 4180 3510 4225 ut

1917 4269 2263 4324 considerent
2297 4269 2388 4339 qui
2425 4268 2688 4339 ejusmodi
2718 4278 2875 4333 sunt,
2917 4269 3043 4337 quia
3077 4265 3387 4322 inordinato
3415 4279 3506 4318 or-

1917 4361 2043 4416 dine
2072 4358 2318 4414 viliorem
2345 4360 2486 4429 apud
2514 4374 2572 4415 se
2599 4367 2820 4414 teneant
2854 4359 3219 4414 conditionem
3243 4371 3500 4420 uxorum,

1915 4468 2078 4524 quam
2103 4451 2476 4519 servulorum;
2505 4460 2560 4506 et
2588 4452 2634 4506 si
2660 4453 2726 4507 de
2756 4467 2912 4506 servo
2939 4453 3143 4522 absque
3170 4447 3505 4504 conscientia

1910 4546 2109 4618 judicis
2150 4546 2333 4601 occiso
2375 4545 2628 4600 dominus
2669 4545 2784 4615 ejus
2811 4544 3089 4600 homicidii
3130 4557 3256 4598 reus
3293 4540 3502 4608 existit,

217 4634 436 4704 (Matth.
486 4651 577 4691 xrx
603 4677 618 4702 ,
671 4637 748 4708 5).
805 4636 964 4691 Addit
1015 4637 1190 4692 adhuc
1237 4637 1526 4708 Apostolus
1568 4638 1801 4693 dicens:
1833 4671 1886 4730 D
1916 4652 2017 4693 nec
2043 4635 2361 4691 elfusionem
2405 4634 2682 4705 sanguinis
2713 4634 2820 4689 nisi
2863 4649 2962 4705 per
2989 4633 3504 4730 paenitentiam-po-

222 4724 362 4791 Viri,
391 4726 590 4798 diligite
625 4743 814 4783 uxores
862 4737 1058 4782 vestras
1083 4767 1098 4793 ,
1139 4737 1186 4782 et
1218 4727 1376 4781 nolite
1403 4728 1575 4782 amari
1602 4745 1713 4783 esse
1736 4733 1804 4784 ad

214 4819 338 4875 illas
368 4820 504 4891 (Col.
537 4837 622 4887 ιιι,
652 4822 762 4893 l9).
802 4821 858 4877 Si
887 4835 1017 4892 ergo
1044 4820 1144 4875 viri
1171 4835 1296 4892 erga
1322 4836 1521 4877 uxores
1545 4837 1673 4877 suas
1696 4836 1803 4878 non

215 4913 417 4969 debent
455 4929 577 4970 esse
623 4918 828 4980 amari,
877 4923 1081 4985 quanto
1112 4915 1292 4970 minus
1331 4915 1493 4981 saevi,
1533 4915 1800 4983 crudeles,

216 5013 460 5070 cruenti,
513 5005 714 5061 nullam
749 5007 828 5062 eis
853 5014 1134 5061 servantes
1165 5005 1371 5075 legem,
1406 5004 1608 5060 nullam
1639 5007 1804 5062 ratio-

213 5111 360 5162 nem,
397 5095 899 5166 nullumjudicium,
924 5098 1067 5168 quod
1087 5097 1251 5152 etiam
1279 5111 1407 5166 erga
1435 5112 1623 5152 servos
1643 5097 1802 5152 Chri-

215 5190 391 5243 stiana
434 5190 694 5258 religione
733 5191 1146 5258 custodiendum
1176 5199 1282 5256 est,
1315 5190 1412 5245 sed
1459 5203 1584 5244 mox
1622 5197 1683 5242 ut
1717 5190 1801 5246 eis

213 5279 496 5348 placuerit,
550 5281 916 5351 indignatione
959 5292 1015 5335 et
1065 5281 1248 5336 furore
1303 5279 1469 5350 impio
1518 5280 1796 5347 concitati,

220 5377 475 5440 tanquam
506 5372 574 5429 ad
618 5371 902 5428 macellum
948 5373 1070 5428 illas
1092 5374 1214 5428 duci
1253 5372 1455 5428 faciant
1490 5370 1795 5437 laniandas,

218 5469 269 5516 et
297 5475 592 5531 coquorum
635 5477 856 5518 suorum
890 5463 1085 5534 gladiis
1124 5476 1274 5518 more
1302 5477 1591 5518 vervecum
1635 5472 1798 5534 atque

218 5568 503 5624 porcorum
531 5559 758 5613 mactari
797 5557 1145 5628 praecipiant,
1185 5556 1268 5609 vel
1311 5556 1412 5626 ipsi
1444 5556 1607 5610 etiam
1636 5572 1799 5611 manu

221 5653 272 5698 et
321 5661 580 5703 mucrone
619 5649 839 5720 proprio
878 5664 972 5704 eas
1009 5648 1306 5713 trucident,
1339 5661 1681 5717 nequaquam
1711 5664 1801 5704 se-

223 5737 479 5808 metipsos
502 5737 569 5794 ad
600 5738 958 5795 imitationem
989 5738 1203 5794 Domini
1229 5739 1402 5795 nostri
1433 5737 1561 5794 Iesu
1601 5739 1805 5796 Christi

228 5830 497 5887 tradentes
538 5847 640 5904 pro
669 5833 750 5888 eis
769 5873 784 5899 ,
815 5841 876 5887 ut
907 5832 1028 5888 illas
1061 5831 1405 5888 sanctiﬁcent
1430 5841 1486 5888 et
1511 5835 1804 5904 mundent;

225 5921 321 5979 ιω
356 5923 534 5993 potius
561 5924 676 5979 zelo
717 5923 961 5980 libidinis
990 5939 1100 5980 suae
1135 5925 1280 5994 ipsas
1303 5924 1358 5980 in
1388 5931 1648 5980 aeternum
1689 5927 1804 5983 dis-

1914 4738 2021 4785 test
2048 4728 2273 4798 expiare
2297 4767 2312 4792 ,
2355 4727 2484 4797 quid
2511 4727 2577 4780 de
2608 4726 2835 4796 conjuge
2866 4725 3211 4782 sentiendum
3247 4724 3339 4779 sit.
3383 4721 3505 4780 Non

1910 4830 2094 4877 autem
2136 4821 2240 4875 hoc
2286 4818 2552 4883 dicimus,
2588 4827 2648 4871 ut
2672 4817 2878 4886 judicia
2915 4816 3096 4871 debita
3122 4814 3504 4871 conculcemus

1907 4915 1993 4972 vel
2038 4914 2454 4986 prohibeamus,
2495 4911 2590 4967 sed
2630 4909 2719 4966 illa
2767 4910 2950 4981 potius
2989 4909 3204 4977 expeti,
3248 4914 3304 4960 et
3345 4904 3500 4973 sequi

1907 5008 2208 5068 hortemur,
2238 5018 2360 5058 cum
2385 5001 2622 5057 sciamus
2645 5001 2818 5072 legem
2848 5000 2965 5065 Dei,
2997 5013 3105 5068 qua
3136 4995 3314 5050 omnis
3336 4993 3497 5049 Chri-

1911 5101 2120 5157 stianus
2148 5099 2201 5152 in
2238 5097 2326 5152 die
2346 5095 2535 5167 judicii
2558 5093 2910 5162 iudicabitur,
2943 5099 3004 5146 ut
3040 5089 3269 5158 recipiat
3300 5101 3496 5142 secun-

1912 5192 2040 5246 dum
2075 5203 2238 5260 opera
2267 5203 2398 5254 sua,
2435 5187 2642 5242 nullum
2670 5200 2821 5241 reum
2841 5225 2856 5250 ,
2890 5198 2990 5238 nec
3022 5183 3170 5251 ipsos
3199 5179 3498 5244 adulteros,

1909 5283 1997 5338 vel
2024 5281 2302 5336 adulteras
2335 5279 2512 5350 puniri
2554 5277 2896 5348 permittere,
2943 5273 3048 5328 nisi
3099 5271 3200 5328 sub
3241 5268 3500 5341 legitimis

1901 5375 2178 5448 judicibus
2191 5382 2246 5430 et
2260 5374 2508 5438 testibus,
2527 5386 2666 5442 quos
2685 5370 2848 5426 etiam
2874 5367 3088 5440 publico
3109 5364 3318 5437 judicio
3340 5378 3371 5416 a
3396 5377 3496 5431 po-

1907 5469 2034 5543 pulo
2058 5467 2285 5540 lapidari
2308 5465 2582 5538 praecepit.
2630 5462 2785 5518 Unde
2825 5469 2880 5517 et
2911 5461 3186 5524 Susanna,
3212 5471 3336 5512 cum
3362 5454 3500 5509 falso

1909 5561 2162 5620 adulterii
2187 5559 2416 5616 crimine
2437 5565 2787 5612 accusaretur
2829 5553 2993 5624 (Dan.
3039 5552 3186 5624 xm),
3207 5556 3263 5604 et
3282 5545 3500 5620 publico

1903 5654 2108 5729 judicio
2136 5652 2522 5714 condemnata,
2561 5656 2616 5702 et
2650 5645 2866 5716 puhlico
2893 5645 3092 5714 legitur
3122 5639 3394 5698 absoluta.
3429 5637 3500 5694 Et

1910 5745 2108 5803 mulier
2128 5743 2185 5798 in
2209 5741 2476 5796 adulterio
2489 5738 3108 5808 veraciterdeprehensa
3135 5732 3322 5807 (Joan.
3351 5731 3496 5796 vin),

1909 5838 2147 5910 primum
2183 5835 2342 5903 juxta
2379 5833 2554 5904 legem
2586 5833 2653 5887 ad
2685 5831 2990 5888 Pharisaeos
3011 5870 3026 5897 ,
3051 5827 3145 5900 qui
3173 5831 3498 5898 potestatem

1911 5929 2097 5987 iudicii
2131 5929 2185 5984 in
2216 5926 2415 5996 oopulo
2439 5926 2801 5992 exercebant,
2839 5923 3034 5980 deinde
3057 5922 3222 5977 etiam
3245 5913 3494 5973 tentandi
