4026 6340
592 572 696 629 659

1554 570 1882 631 lllNCMARl
1923 570 2315 628 RHEMENSIS
2353 576 2391 626 .-\
2405 574 2870 633 llCHlEPlSCOPl
3715 592 3795 651 ωδ

597 684 769 753 gratia
800 682 867 738 ad
889 683 1100 739 Domini
1124 682 1385 752 judicium
1417 682 1675 752 perducta
1705 692 1808 749 est,
1842 684 1932 754 qtti
1958 699 2066 738 non
2089 685 2175 754 ju-
2208 689 2255 747 A
2283 699 2343 739 ea
2377 702 2495 756 qua:
2518 688 2788 755 videntur,
2824 670 3243 748 satisfactionem
3270 695 3548 767 quisquam
3575 700 3793 774 habuerit,

597 776 797 834 dicium
827 777 1033 840 abnuit,
1062 776 1155 831 sed
1184 776 1299 830 fieri
1322 774 1487 844 juste,
1519 784 1575 831 et
1602 791 1631 831 a
1652 775 1814 845 justis
1837 777 2112 846 praecepit.

667 870 1046 941 Quapropter,
1094 871 1142 924 si
1190 885 1525 941 quascunque
1566 872 1762 927 mulier
1808 874 1862 926 in
1912 871 2177 927 adulterio

598 962 956 1032 deprehensa,
984 963 1051 1018 de
1072 963 1188 1034 lege
1214 963 1402 1032 Moysi,
1434 978 1594 1033 quam
1619 964 1877 1020 Dominus
1906 966 1958 1019 in
1984 963 2168 1019 Tosta-

536 1040 543 1049 ”
603 1060 785 1109 mento
822 1054 999 1108 Veteri
1024 1054 1401 1124 promulgavit,
1425 1055 1506 1109 vel
1543 1054 1611 1109 de
1641 1054 2070 1111 Christianorum
2098 1054 2176 1110 le-

603 1145 760 1215 gibus
786 1146 1034 1215 publicis,
1064 1162 1200 1216 quas
1235 1148 1580 1223 amplectitur
1601 1158 1788 1204 sancta
1817 1150 2076 1215 Ecclesia,
2110 1153 2178 1206 ad

600 1237 905 1307 episcopale
929 1238 1192 1309 judicium
1230 1240 1477 1307 venerit,
1523 1242 1789 1297 medicina
1828 1250 1914 1298 est
1950 1242 2180 1297 manife-

601 1326 839 1385 stissima
887 1337 1048 1398 atque
1092 1328 1567 1396 suﬁicientissima,
1597 1340 1654 1387 et
1686 1328 1885 1387 salubri
1926 1332 2179 1403 apostoli-

603 1431 790 1474 corum
821 1421 1111 1477 traditione
1146 1422 1387 1481 virorum
1434 1424 1683 1480 confecta
1709 1464 1723 1490 ,
1758 1438 1866 1494 qua
1918 1424 2035 1479 sine
2071 1424 2176 1479 ullo

604 1509 971 1582 ambiguitatis
1016 1526 1233 1579 errore,
1269 1514 1451 1570 divina
1494 1516 1668 1588 gratia
1711 1524 1767 1572 et
1808 1516 2176 1572 ecclesiastica

598 1600 802 1669 pietate
826 1603 1081 1659 medicari
1111 1605 1327 1661 valebit.

1000 1716 1617 1811 (INTERROGATIO
1660 1718 1767 1781 Vl.

673 1832 856 1891 Tertio
892 1837 1126 1908 capitulo
1168 1839 1324 1896 nobis
1358 1841 1664 1896 remandari
1692 1853 2001 1913 precamur,
2033 1838 2080 1895 si
2112 1838 2180 1895 de

601 1935 788 1998 stupro
824 1937 880 1984 et
935 1928 1128 1985 aborsu
1167 1931 1389 2001 praefata
1433 1932 1631 1987 femina
1675 1932 1992 1997 denotatur,
2037 1928 2179 1987 unde

593 2017 704 2093 jam
734 2021 844 2090 egit
874 2019 1163 2091 judicium,
1197 2025 1324 2094 quid
1355 2024 1519 2097 599
1545 2025 1697 2081 vobis
1727 2040 1794 2079 ex
1822 2022 2178 2096 ecdem-judi—
2206 2039 2254 2100 Β

600 2111 686 2166 cio
726 2108 1005 2177 videatur,
1034 2113 1288 2183 quoniam
1329 2116 1545 2187 quidam
1590 2116 1777 2171 dicunt
1810 2114 2010 2169 nullius
2059 2128 2181 2169 esse

603 2204 977 2269 auctoritatis,
1023 2206 1135 2260 sive
1184 2205 1519 2261 credulitatis
1557 2204 1856 2276 judicium,
1890 2206 2033 2277 quod
2064 2204 2179 2259 fieri

603 2296 738 2352 solet
766 2312 862 2368 per
886 2312 1078 2368 aquam
1108 2299 1337 2355 calidam
1358 2338 1374 2365 ,
1403 2298 1517 2355 sive
1559 2297 2053 2371 frigidant,,neque
2085 2316 2182 2371 per

605 2389 811 2446 ferrum
830 2391 1086 2456 calidum,
1120 2393 1213 2448 sed
1241 2392 1651 2449 adinventiones
1683 2401 1808 2448 sunt
1842 2394 2064 2449 humani
2096 2410 2183 2448 ar-

603 2480 772 2546 bitrii,
817 2481 871 2536 in
919 2481 1115 2559 quibus
1161 2482 1457 2553 szepissime
1509 2499 1606 2554 per
1654 2484 1920 2540 maleficia
1975 2483 2183 2540 falsitas

603 2574 783 2633 locum
812 2575 1021 2631 obtinet
1047 2577 1325 2643 veritatis,
1367 2586 1424 2632 et
1460 2577 1583 2634 ideo
1614 2577 1882 2634 credenda
1925 2594 2046 2634 esse
2075 2594 2181 2634 non

605 2665 822 2722 debent.
851 2666 958 2722 Sed
983 2676 1038 2725 et
1063 2668 1129 2724 de
1163 2669 1481 2743 purgatione
1507 2669 1836 2729 sacramenti
1864 2671 1993 2743 quid
2027 2670 2182 2726 vobis

584 2757 874 2839 (videatur,
922 2756 1076 2829 cujus
1108 2760 1450 2817 auctoritatis
1489 2760 1580 2827 sit,
1623 2761 1781 2817 nobis
1818 2761 2042 2817 rescribi
2082 2760 2178 2816 de-

572 2882 584 2892 -
602 2850 901 2923 poscimus,
930 2860 985 2907 et
1011 2859 1190 2906 utrum
1221 2867 1406 2907 verum
1435 2865 1555 2909 esse
1576 2853 1765 2927 possit,
1792 2853 1935 2923 quod
1962 2852 2183 2924 quidam

603 2943 811 3008 dicunt,
843 2944 969 3013 quia
990 2958 1090 3015 pro
1128 2950 1339 3000 secreta
1367 2942 1740 3007 confessione,
1766 2958 1926 3015 quam
1957 2943 2073 3013 ipsa
2106 2941 2182 2997 fe-

608 3037 754 3095 mina
785 3036 929 3099 fecit,
960 3036 1099 3092 sicut
1125 3044 1181 3091 et
1222 3036 1375 3092 testis
1397 3044 1482 3104 est
1512 3036 1604 3107 qui
1634 3035 1781 3091 illam
1818 3037 2076 3107 suscepit,
2105 3034 2184 3090 vi-

602 3130 784 3185 carius
808 3129 975 3199 ipsius
1002 3129 1056 3184 in
1072 3129 1336 3201 judicium
1362 3130 1549 3187 exiens
1576 3130 1821 3185 incoctus
1849 3131 2042 3186 evasit.
2076 3128 2184 3187 Sed

602 3231 658 3278 et
691 3223 895 3285 dicunt.
947 3223 1073 3293 quia
1118 3223 1346 3280 intentio
1399 3223 1545 3280 illius
1589 3224 1803 3281 feminae
1847 3223 1951 3280 fuit
1980 3224 2047 3281 de
2078 3224 2184 3281 alio

604 3314 844 3385 ejusdem
873 3314 1107 3371 nominis
1139 3313 1310 3371 fratre
1336 3329 1455 3378 suo,
1489 3314 1704 3386 quando
1726 3313 1990 3370 vicarium
2026 3331 2184 3371 suum

604 3408 661 3463 in
700 3406 964 3475 judicium
1013 3407 1179 3476 misit,
1225 3415 1280 3463 et
1320 3407 1522 3464 idcirco
1571 3422 1630 3462 se
1675 3407 1730 3462 in
1760 3407 1954 3463 eodem
1979 3407 2185 3481 judicio
2211 3402 2259 3467 C

608 3515 713 3556 non
744 3500 910 3559 coxit.
961 3497 1201 3564 Necnon,
1246 3506 1299 3555 et
1338 3498 1383 3554 si
1439 3498 1490 3553 in
1514 3496 1751 3567 judicio,
1791 3498 1875 3553 vel
1914 3498 1967 3555 in
2005 3514 2188 3557 sacra-

584 3601 822 3656 ,mento,
858 3590 1010 3647 fraus
1044 3604 1377 3662 quaecunque
1410 3597 1622 3660 reperta
1659 3588 1821 3645 fuerit
1850 3598 1970 3663 post
2006 3590 2186 3646 datam

608 3684 1023 3755 purgationem,
1079 3691 1259 3743 utrum
1325 3696 1487 3739 causa
1536 3682 1588 3737 in
1644 3681 1850 3754 judicio
1879 3723 1895 3749 ,
1958 3682 2042 3738 vel
2100 3697 2186 3738 sa-

607 3787 889 3836 cramento
931 3785 1191 3851 purgata,
1239 3778 1293 3835 in
1336 3776 1598 3848 judicium
1646 3777 1839 3834 debeat
1893 3779 2059 3851 legale
2100 3793 2185 3834 re-

613 3873 757 3931 duci.
1142 3872 1149 3879 ’

1196 3984 1596 4044 RESPONSIO.

686 4102 753 4157 At
777 4100 820 4157 si
843 4100 911 4157 de
944 4108 1130 4172 stupro
1156 4108 1210 4158 et
1241 4100 1438 4164 aborsu
1477 4109 1602 4156 ante
1640 4099 1835 4156 initum
1876 4096 2186 4172 coniugium

2282 778 2396 844 Qua
2420 779 2485 833 de
2514 794 2572 834 re
2600 782 2667 835 ad
2690 774 3060 856 investiganda
3087 800 3152 841 ac
3177 788 3588 858 comprobanda,
3608 800 3656 847 et
3679 801 3794 866 quasi

2280 871 2496 925 oculato
2533 872 2667 928 visui
2709 879 3080 944 prmsentanda
3118 892 3239 946 qua:
3274 877 3436 933 dubia
3468 879 3549 935 vel
3581 883 3795 954 obscura,

2281 978 2404 1032 quae
2436 979 2502 1019 ex
2534 964 2651 1037 lege
2680 967 2966 1038 judiciario
3004 971 3191 1026 ordine
3225 972 3563 1041 comprobari
3595 976 3665 1031 vel
3697 994 3797 1033 con-

2282 1055 2422 1110 vinci
2455 1071 2560 1111 non
2591 1068 2847 1128 possunt,
2884 1062 2990 1116 duo
3028 1064 3206 1117 sanxit
3233 1065 3556 1131 auctoritas,
3588 1066 3797 1135 judicium

2282 1144 2509 1211 scilicet,
2540 1157 2594 1203 et
2617 1149 3003 1218 juramcutum,
3032 1153 3173 1223 quod
3195 1155 3400 1210 usitato
3439 1157 3639 1213 nomine
3655 1162 3799 1230 appel-

2283 1232 2427 1289 latur
2461 1245 2518 1291 et
2546 1249 2940 1295 sacramentum
2967 1283 2981 1307 ,
3016 1243 3143 1313 quia
3175 1244 3229 1297 in
3259 1260 3325 1300 eo
3367 1243 3494 1301 illud
3527 1247 3677 1304 oculis
3705 1248 3799 1307 ﬁdei

2281 1316 2610 1396 pervidetur;
2633 1332 2775 1398 quod
2812 1332 3055 1401 corporis
3077 1333 3249 1388 oculis
3274 1349 3380 1389 non
3406 1337 3723 1407 conspicitur.

2354 1420 2431 1473 De
2477 1418 2682 1487 judicio
2732 1422 2994 1491 siquidem
3052 1424 3103 1477 in
3149 1424 3289 1480 libro
3334 1424 3552 1480 Numeri
3592 1428 3801 1499 scriptum

2281 1519 2367 1567 est
2391 1509 2580 1583 (Num.
2610 1528 2672 1577 γ,
2701 1513 2789 1586 12)
2819 1531 2830 1567 :
2856 1513 3085 1569 Locutus
3108 1526 3184 1571 est
3205 1517 3467 1573 Dominus
3503 1519 3567 1573 ad
3605 1519 3801 1592 Moysen,

2280 1602 2459 1657 dicens
2499 1602 2774 1674 :Loquere
2817 1605 2887 1659 ad
2931 1606 3070 1675 ﬁlios
3104 1606 3299 1672 Israel,
3343 1616 3392 1662 et
3439 1607 3572 1664 dices
3614 1610 3674 1663 ad
3704 1626 3803 1666 eos:

2292 1692 2385 1749 Vir
2400 1695 2553 1766 cujus
2578 1712 2715 1750 uxor
2735 1699 3007 1762 erraverit,
3025 1700 3379 1769 maritumque
3399 1709 3701 1754 contemnens
3719 1702 3807 1754 dor.

2283 1788 2452 1842 inierit
2483 1804 2600 1841 cum
2621 1786 2785 1842 altero
2824 1788 2934 1842 viro
2954 1829 2969 1854 ,
2996 1797 3043 1842 et
3082 1790 3178 1843 hoc
3224 1791 3451 1845 maritus
3487 1791 3803 1861 deprehendas

2282 1892 2387 1935 non
2406 1882 2659 1952 quiverit,
2688 1881 2778 1935 sed
2817 1880 2944 1935 latet
2985 1881 3305 1937 adulterium
3325 1925 3341 1949 ,
3385 1893 3433 1938 et
3462 1883 3657 1939 testibus
3691 1885 3804 1955 argsi

2283 1986 2389 2025 non
2416 1978 2605 2040 potest,
2631 1971 2753 2041 quia
2780 1986 2887 2026 non
2907 1981 2987 2026 est
3013 1972 3222 2026 inventa
3248 1973 3305 2026 in
3324 1981 3504 2042 stupro
3532 1986 3550 2025 :
3573 1972 3613 2027 si
3639 1973 3803 2043 spiritus

2284 2063 2553 2134 selotypire
2608 2066 2941 2120 concitaverit
2989 2066 3158 2120 uirum
3202 2066 3374 2139 600
3423 2074 3596 2120 contra
3640 2081 3801 2119 uxorem

2283 2171 2455 2221 suam,
2478 2172 2595 2227 qua:
2624 2155 2702 2211 vel
2728 2156 2927 2227 polluta
2957 2166 3051 2223 est,
3076 2156 3151 2211 vel
3185 2156 3328 2227 falsa
3355 2157 3634 2227 suspicione
3652 2156 3802 2225 appeti-

2284 2261 2389 2305 tur.
2429 2250 2496 2304 Et
2526 2258 2647 2320 post
2683 2257 3052 2320 computatum
3086 2247 3350 2319 judicium
3388 2249 3455 2304 ad
3478 2246 3611 2319 quod
3631 2248 3802 2318 proinde

2284 2344 2436 2400 exire
2472 2343 2686 2408 debeat,
2719 2342 2871 2398 addit
2901 2362 2912 2397 :
2943 2340 3098 2409 Quod
3129 2342 3175 2398 si
3204 2342 3409 2413 polluta
3440 2355 3540 2396 non
3564 2337 3801 2410 fumauit

2283 2435 2544 2500 innoxia;
2579 2442 2627 2489 et
2653 2436 2699 2489 si
2719 2434 2920 2504 polluta
2958 2435 3166 2489 inventa
3189 2433 3384 2504 fuerit,
3419 2434 3629 2487 maritus
3659 2432 3800 2499 absque

2286 2529 2437 2600 culpa
2452 2529 2631 2595 erit,et
2658 2527 2752 2582 illa
2769 2527 2973 2598 recipiet
3003 2527 3336 2598 iniquitatem
3364 2542 3511 2581 suam
3545 2524 3696 2595 (ibid,
3718 2518 3799 2590 28).

2283 2620 2363 2675 De
2397 2619 2707 2689 iuramento
2750 2627 2929 2673 autem
2970 2619 3052 2673 vel
3092 2626 3471 2683 sacramento,
3509 2616 3572 2671 ad
3608 2614 3799 2669 Hebraea

2286 2713 2485 2769 Paulus
2525 2712 2655 2768 dicit
2686 2710 2997 2781 apostolus:
3045 2709 3276 2765 Abrahae
3311 2724 3528 2779 namque
3552 2706 3798 2778 promittens

2287 2806 2460 2873 Deus,
2509 2806 2756 2877 quoniam
2799 2805 3074 2874 neminem.
3100 2802 3285 2857 habuit
3329 2817 3422 2872 per
3460 2812 3602 2871 quem
3642 2797 3797 2867 fureret

2286 2901 2568 2971 majorem,
2593 2898 2795 2969 juravit
2822 2913 2915 2967 per
2943 2898 3299 2967 semetipsum.
3342 2893 3583 2949 Homines
3607 2890 3718 2945 enim
3734 2902 3797 2955 per

2287 2991 2540 3061 majorem
2572 2988 2655 3044 sui
2704 2989 2893 3059 jurant
2917 3029 2931 3051 ,
2982 2994 3031 3041 et
3071 2988 3242 3041 omnis
3283 2982 3626 3041 controversia
3664 2990 3794 3034 eorum

2288 3081 2411 3151 ﬁnis
2434 3081 2501 3135 ad
2521 3079 2972 3149 conﬁrmationem
3000 3086 3074 3132 est
3092 3077 3455 3147 juramentum
3472 3071 3614 3145 (Heb.
3633 3086 3696 3133 vr,
3717 3067 3792 3128 l5).

2288 3171 2476 3226 Iunior
2505 3183 2719 3241 quoque
2745 3182 2882 3239 papa
2917 3166 3214 3239 Gregorius
3252 3182 3353 3239 per
3380 3163 3687 3221 Denualdum
3709 3169 3795 3229 pre-

2288 3265 2562 3337 sbyterum
2576 3261 2853 3318 Bonifacio
2865 3262 3117 3332 episcopo
3136 3261 3357 3330 scripsit
3370 3257 3532 3331 (epist.
3542 3256 3592 3311 li
3607 3295 3619 3321 ,
3634 3268 3724 3322 cap.
3738 3250 3792 3317 3):

2297 3379 2316 3412 ‹
2352 3358 2665 3430 Presbyter,
2684 3353 2935 3425 inquiens
2950 3394 2965 3420 ,
2994 3354 3080 3409 vel
3103 3354 3335 3425 quilibet
3353 3350 3590 3407 sacerdos
3605 3362 3631 3402 a
3648 3340 3793 3416 populo

2292 3457 2608 3514 accusatus,
2635 3447 2682 3503 si
2705 3449 2841 3503 certi
2882 3462 2986 3503 non
3026 3445 3229 3500 iuerint
3262 3453 3458 3508 testes,
3500 3440 3584 3511 qui
3609 3432 3793 3492 criminis

2291 3542 2424 3599 illati
2482 3539 2781 3612 approbent
2842 3540 3158 3599 veritatem,
3208 3533 3577 3607 jusjurandum
3628 3528 3710 3585 erit
3756 3525 3794 3579 in

2291 3634 2501 3700 medio,
2538 3641 2592 3688 et
2625 3632 2775 3687 illum
2802 3638 2993 3687 testem
3024 3628 3272 3700 proferat
3307 3628 3374 3684 de
3406 3622 3694 3682 innocentia
3715 3628 3794 3671 sua

2290 3731 2561 3801 puritate,
2607 3726 2695 3782 cui
2742 3725 2883 3781 nuda
2926 3732 2981 3778 et
3020 3732 3202 3792 aperta
3254 3735 3382 3778 sunt
3426 3718 3613 3781 omnia,
3659 3712 3794 3777 sicque

2292 3827 2512 3875 maneat
2548 3820 2599 3874 in
2629 3815 2847 3890 proprio
2882 3813 3068 3887 gradu.
3108 3835 3126 3867 ι
3161 3814 3296 3882 Quae
3321 3807 3629 3869 sacramenti
3651 3812 3794 3874 purga.

2293 3915 2370 3968 tio
2400 3921 2453 3968 et
2483 3912 2535 3966 in
2561 3889 2964 3972 ecclesiasticis,
2995 3916 3049 3963 et
3078 3907 3132 3961 in
3159 3906 3368 3962 exteris
3397 3904 3589 3974 legibus
3610 3889 3795 3950 usitatis-

2290 4007 2447 4070 sima,
2477 4013 2531 4060 et
2549 4004 2615 4059 de
2641 4002 2763 4057 fidei
2788 4000 3018 4055 veritate
3041 3998 3206 4053 etiam
3232 4014 3265 4052 a
3298 3995 3485 4067 primis
3503 3986 3686 4047 saeculis

2292 4105 2506 4153 constat
2556 4102 2765 4150 exorta.
2817 4089 2972 4147 Unde
3022 4089 3239 4145 silentio
3273 4092 3582 4143 venerantes
3622 4089 3719 4147 qua:
3755 4084 3791 4122 ιη

613 4195 820 4267 agitur,
854 4191 922 4248 de
948 4162 1145 4264 quibus
1179 4162 1454 4263 praefatam
1484 4191 1738 4247 feminam
1774 4162 2013 4263 reputari
2042 4162 2192 4248 com-
2294 4188 2477 4244 Veteri
2528 4194 2584 4240 et
2628 4186 2685 4239 in
2725 4182 2877 4239 Novo
2906 4180 3258 4235 Testamento
3296 4187 3350 4232 et
3387 4178 3454 4231 ab
3492 4162 3793 4267 ipsa—tliclitltt

612 4279 872 4355 perimus,
898 4283 1221 4339 veniendum
1243 4291 1325 4338 est
1344 4284 1493 4352 prius
1517 4284 1584 4337 ad
1610 4282 2028 4338 examinationis
2048 4280 2192 4351 judi-

2294 4281 2535 4343 Deitatc,
2565 4286 2653 4343 ιη,
2686 4275 2788 4330 Per
2813 4274 3168 4342 memetipsum
3198 4272 3413 4342 juraui,
3447 4269 3562 4321 dicit
3595 4256 3791 4343 Dominus

619 4341 780 4442 cium,
831 4391 939 4445 quo
976 4390 1093 4431 eam
1132 4375 1283 4444 quasi
1317 4341 1595 4445 purgatam
1642 4372 1964 4439 audivimus,
2009 4382 2063 4430 et
2111 4374 2190 4430 sic
2293 4370 2446 4443 (Gen.
2490 4384 2626 4434 xm,
2668 4365 2779 4437 l6).
2813 4364 2900 4429 Et,
2931 4363 3139 4418 Iuravit
3162 4362 3417 4416 Deo-titius
3443 4396 3456 4422 .
3486 4365 3531 4411 ιε
3566 4368 3653 4407 ποθι
3672 4341 3791 4415 Pam"

620 4444 1139 4536 demumiponamus
1178 4481 1243 4520 ex
1273 4465 1392 4521 aliis
1419 4444 1840 4537 quaesentimus,
1867 4473 1927 4521 ut
1955 4466 2035 4521 sic
2076 4466 2193 4521 haec
2292 4450 2413 4518 tebit
2440 4477 2555 4515 eum
2595 4457 2769 4531 (Psai.
2820 4472 2943 4521 crx,
2983 4456 3063 4524 4).
3099 4461 3155 4509 et
3192 4453 3343 4523 plura
3386 4451 3504 4506 alia.
3535 4447 3611 4507 Et.
3653 4444 3787 4537 fit"?

618 4555 848 4610 fortasse
878 4534 1008 4610 irata
1048 4562 1133 4611 est
1173 4556 1412 4612 ducenda
1438 4534 1721 4629 purgatio,
1773 4557 1891 4613 sine
1935 4557 2192 4612 ulteriore
2291 4572 2443 4609 amen
2484 4553 2601 4608 dico
2636 4551 2797 4605 vobis.
2831 4548 3054 4604 Multum
3083 4548 3281 4618 quippe
3310 4540 3625 4601 commendat

610 4647 795 4703 labore
822 4649 1046 4718 quaastio
1073 4650 1441 4719 conquiescat,
1464 4657 1518 4705 et
1541 4650 1586 4705 si
1614 4650 1764 4705 irrita
1788 4661 1843 4706 et
1864 4652 2009 4721 juste
2033 4654 2193 4707 ratio-

2296 4660 2398 4700 Ius
2425 4645 2565 4714 quod
2594 4644 2664 4697 ita
2687 4641 3003 4711 pronuntiat
3027 4679 3043 4705 ,
3073 4613 3199 4709 quia
3215 4613 3622 4708 quodammodo,
3652 4625 3686 4679 si
3712 4613 3787 4671 dici

613 4714 863 4797 nobiliter
893 4740 1054 4797 fuerit
1081 4714 1429 4824 corn-probata
1459 4744 1771 4814 qtuestionis
1792 4714 2011 4815 pelagus
2041 4760 2184 4815 repe-

2293 4734 2375 4789 fas
2412 4743 2522 4797 est,
2566 4731 2771 4800 juratio
2812 4729 2928 4797 ejus
2978 4737 3094 4794 est,
3131 4728 3295 4783 Amen
3339 4727 3453 4780 dico
3491 4722 3631 4777 vobis.
3659 4714 3784 4816 amen

611 4843 808 4889 tamus.
838 4832 968 4889 Nam
1001 4835 1141 4890 sicut
1163 4820 1367 4891 ’Paulus
1397 4836 1528 4891 dicit
1568 4854 1581 4891 :
1614 4834 1775 4891 Fides
1799 4844 1874 4892 est
1895 4837 2185 4907 speranda-

610 4944 727 4981 rum
755 4924 1048 4982 substantia
1070 4940 1266 4992 rerum,
1295 4936 1657 4998 argumentum
1687 4944 1789 4983 non
1825 4930 2186 4998 apparentium

611 5016 767 5089 (lleb.
796 5034 871 5085 xl,
898 5018 972 5088 1).
1002 5018 1157 5086 Quod
1185 5020 1407 5088 exponit
1436 5018 1671 5074 Joannes
1695 5018 2186 5090 Constantinopoli-

612 5119 769 5165 tanus
800 5128 812 5163 :
844 5127 861 5160 ‹
895 5108 1160 5177 Quoniam
1182 5151 1196 5174 ,
1227 5109 1505 5180 inquiens,
1534 5124 1596 5163 ea
1618 5124 1741 5180 quas
1766 5126 1869 5165 non
1896 5110 2182 5176 videntur,

612 5208 665 5255 ct
694 5206 818 5255 sunt
848 5200 904 5254 in
941 5214 1035 5270 spe
1056 5241 1069 5266 ,
1119 5200 1238 5255 sine
1277 5200 1577 5255 substantia
1611 5215 1733 5255 esse
1770 5208 2028 5269 putantur
2048 5242 2062 5264 ,
2093 5199 2186 5254 sed

612 5290 746 5345 fides
774 5291 853 5345 eis
880 5290 1066 5345 tribuit
1095 5291 1473 5346 substantiam.
1514 5291 1667 5346 Sicut
1698 5290 2025 5345 resurrectio
2054 5303 2188 5343 non-

611 5382 736 5437 dum
763 5381 903 5437 facta
929 5390 1032 5447 est,
1059 5391 1113 5437 et
1135 5382 1365 5437 necdum
1389 5386 1471 5438 est
1497 5382 1551 5437 in
1582 5383 1906 5447 substantia,
1939 5382 2032 5436 sed
2057 5381 2188 5437 fides

610 5484 774 5532 certae
800 5478 911 5548 spei
932 5474 1062 5532 facit
1086 5490 1205 5531 eam
1233 5477 1530 5531 subsistere
1557 5475 1610 5530 in
1632 5475 1815 5530 anima
1836 5481 2043 5538 nostra,
2068 5488 2189 5545 quis

612 5574 987 5635 argumentum
1009 5607 1024 5632 ,
1061 5565 1113 5620 id
1151 5572 1234 5619 est
1269 5564 1535 5635 conjectio
1573 5572 1658 5619 est
1698 5572 1887 5621 eorum
1920 5576 2043 5633 quae
2081 5578 2185 5618 non

613 5656 883 5711 videntur.
922 5676 941 5708 ι
968 5655 1248 5726 Conjectio
1268 5657 1466 5727 quippe
1509 5664 1593 5710 est
1628 5654 1682 5709 in
1710 5654 1873 5709 rebus
1899 5653 2188 5711 admodum

612 5745 931 5802 manifestis.
976 5746 1136 5802 Fides
1166 5747 1327 5819 igitur
1355 5747 1493 5802 visio
1518 5753 1603 5801 est
1638 5758 1743 5801 non
1777 5743 2149 5814 apparentium
2171 5785 2187 5810 ,

611 5851 733 5909 qua:
765 5837 832 5890 ad
869 5838 1114 5893 eamdem
1143 5836 1567 5894 satisfactionem
1604 5837 1783 5901 ducit,
1814 5838 1881 5891 ad
1909 5851 2069 5907 quam
2096 5836 2186 5893 illa

611 5929 776 5986 etiam
812 5943 931 6000 qua:
962 5929 1212 5984 videntur
1252 5948 1265 5983 :
1308 5944 1483 6000 neque
1517 5929 1651 5985 fides
1687 5928 1793 5984 dici
1827 5936 2033 5999 potest,
2082 5928 2186 5985 nisi

612 6036 736 6087 cum
763 6020 906 6079 circa
934 6034 997 6076 ea
1022 6036 1143 6093 quae
1171 6036 1273 6079 non
1296 6022 1563 6088 videntur,
1597 6020 1827 6095 amplius
1852 6036 2011 6092 quam
2044 6021 2187 6079 circa

2292 4826 2438 4881 enim
2468 4826 2857 4893 interpretatur
2892 4835 3080 4875 verum
3100 4861 3114 4886 ,
3147 4828 3202 4875 et
3234 4829 3408 4875 tamen
3434 4828 3533 4869 non
3566 4804 3785 4898 estinter—

2290 4924 2578 4989 pretatum.
2608 4913 2744 4971 Cum
2775 4911 3039 4983 potuisset
3066 4911 3194 4978 dici,
3225 4925 3400 4966 verum
3423 4907 3532 4959 dico
3554 4897 3688 4989 vobis,
3712 4901 3784 4942 nec

2289 4984 2511 5067 Craecus
2541 5009 2643 5062 hoc
2667 5006 2937 5076 interpres
2966 5019 3130 5059 ausus
3161 5012 3245 5058 est
3274 5002 3462 5063 facere,
3486 5007 3575 5050 nec
3594 4984 3778 5043 Latinus-

2292 5100 2385 5156 Sic
2429 5098 2655 5160 mansit,
2701 5111 2809 5151 non
2856 5104 2940 5150 est
2988 5096 3424 5165 interpretatum,
3480 5094 3533 5140 ut
3580 5080 3779 5136 honorem

2290 5190 2515 5248 haberet
2549 5189 2855 5243 velamento
2891 5187 3119 5252 secreti,
3163 5201 3267 5239 non
3309 5192 3365 5237 ut
3396 5184 3528 5236 esset
3553 5173 3777 5260 negatum.

2291 5286 2385 5342 sed
2421 5297 2489 5339 ne
2524 5282 2810 5337 vilesceret
2846 5281 3129 5335 nudatum.
3161 5279 3521 5347 lgitureverum
3551 5264 3652 5317 dico
3668 5252 3778 5351 robii

2290 5376 2506 5431 Veritas
2539 5375 2700 5437 dicit,
2743 5386 2864 5443 quae
2894 5374 3079 5442 utique
3108 5372 3208 5427 etsi
3245 5384 3344 5424 non
3367 5365 3580 5421 diceret,
3612 5352 3773 5443 menti"

2296 5472 2519 5525 omnino
2557 5483 2664 5522 non
2701 5473 2913 5538 posset,
2954 5475 3136 5520 tamen
3179 5457 3530 5520 commendat,
3568 5440 3770 5538 inculcat.

2296 5560 2628 5615 dormientes
2646 5536 3042 5629 quodammodo
3060 5557 3280 5621 excitat,
3304 5555 3525 5607 intentos
3539 5536 3661 5594 facit,

2298 5651 2462 5707 temni
2499 5666 2604 5706 non
2646 5624 2779 5705 vult.
2819 5648 2925 5704 Sed
2951 5657 3007 5703 et
3033 5648 3303 5703 Abraham
3343 5640 3404 5697 ad
3440 5640 3625 5693 servum
3656 5624 3768 5674 suum

2299 5743 2435 5797 dixit
2459 5757 2471 5796 :
2498 5740 2663 5807 Pone,
2694 5741 2963 5812 inquiens,
2986 5755 3205 5794 manum
3230 5750 3368 5791 tuam
3389 5726 3474 5784 sub
3494 5722 3654 5812 Ῑεπζθη
3669 5715 3763 5812 Μῗζ

2293 5788 2963 5906 ;;};;.."..;.I;.;’,;;rs;.;;
2977 5788 3279 5901 suis;
3302 5836 3439 5884 xxrv,
3464 5788 3533 5884 θ’).
3560 5788 3765 5911 sunt

2770 5883 3218 6023 Deum,
3239 5911 3555 6023 et

2843 5977 2966 6091 253.
2987 6017 3055 6073 Et
3081 5977 3232 6073 Isaac
3258 6020 3408 6080 atque
3430 6015 3510 6057 rex
3526 5977 3734 6051 Abimelec
