4026 6340
278 559 380 614 θος

1210 551 1299 608 DE
1338 548 1662 607 mvormo
1701 545 2023 605 LOTIlARll
2070 547 2153 601 nr
2195 507 2608 602 't‘iZTBEltGJE.

3439 545 3543 604 662

274 676 384 732 sibi
430 682 618 729 mutuo
639 673 957 743 iuraverunt
988 668 1194 742 (Cenes.
1223 670 1393 740 xxvi).
1428 669 1494 725 Et
1522 669 1575 724 in
1605 665 1858 729 .leremia,
1889 664 1942 725 Α
1968 680 2070 733 que
2120 666 2483 723 consentiunt.
2526 666 2590 720 Et
2639 666 2690 721 iu
2742 665 3003 723 Zacharia
3052 667 3310 737 propheta
3358 684 3370 721 :
3406 667 3543 736 Quia

278 762 399 837 Ego
412 763 592 834 jurasi
611 761 663 815 in
686 762 894 817 nomine
917 776 1031 816 meo
1059 774 1266 831 magno,
1301 761 1374 815 ait
1428 758 1687 813 Dominus
1722 754 1857 827 (Jer.

278 869 428 921 κων,
445 855 559 923 26).
579 852 645 908 Et
665 852 832 907 David
855 870 867 906 :
886 852 1070 907 Iuravi
1083 862 1132 907 et
1145 853 1305 906 statui
1320 851 1491 924 (Psal.
1506 866 1691 914 cxvut,
1713 848 1859 921 106).

280 944 353 1000 Et
384 945 435 1000 in
463 942 610 1000 Novo
638 943 988 999 Testamento
1017 944 1244 1016 legimus
1274 944 1479 1000 dixisse
1508 944 1810 1014 apostolum
1844 962 1859 997 :

281 1036 453 1091 Testis
494 1044 569 1090 est
615 1036 743 1089 mihi
782 1035 922 1089 Deus
962 1033 1143 1107 (Rom.
1180 1052 1217 1099 ι,
1264 1035 1340 1104 9).
1382 1035 1445 1089 Et
1474 1034 1648 1090 :Ecce
1685 1050 1863 1089 coram

277 1130 394 1183 Deo
461 1132 587 1201 quia
628 1146 732 1183 non
760 1129 982 1183 mentior
1010 1126 1209 1200 (Colat.
1242 1146 1281 1194 l,
1315 1129 1429 1199 20).
1471 1128 1538 1184 Et
1570 1148 1582 1184 :
1615 1128 1862 1195 Quotidie

273 1220 501 1283 morior,
527 1236 619 1288 per
647 1228 870 1273 vestram
895 1218 1142 1288 gloriam,
1170 1219 1363 1289 fratres
1394 1218 1444 1290 (1
1468 1218 1596 1274 Cor.
1619 1235 1714 1282 xv,
1743 1218 1858 1291 5i).

274 1309 345 1363 Et
387 1311 439 1364 in
473 1310 711 1379 epistolis
740 1309 938 1365 Leonis
978 1319 1141 1380 atque
1165 1310 1444 1381 Gregorii,
1491 1311 1619 1366 hinc
1643 1312 1736 1381 qui
1764 1326 1861 1367 vo-

273 1401 445 1455 luerit
469 1416 709 1470 quaerere
741 1400 1085 1459 abundanter
1109 1403 1367 1458 inveniet.
1406 1402 1679 1470 Quantum
1707 1404 1862 1460 deui-

269 1508 386 1561 que
413 1495 469 1547 in
497 1492 774 1562 iuratione
814 1492 1111 1564 periurium
1137 1496 1208 1549 sit
1238 1495 1569 1561 cavendum,
1603 1497 1861 1553 Dominus

271 1592 619 1639 .‘eiuonstrat
647 1587 700 1639 in
745 1586 932 1641 Exodo
958 1587 1146 1644 dicens
1179 1605 1194 1641 :
1229 1586 1353 1643 Non
1396 1606 1638 1645 assumas
1672 1607 1859 1646 nomen

270 1676 491 1730 Domini
520 1676 615 1730 Dei
642 1680 719 1732 tui
740 1679 793 1732 in
816 1695 1004 1732 uarium
1035 1693 1056 1732 :
1086 1695 1179 1735 nec
1211 1682 1348 1736 enim
1373 1682 1630 1738 insontem
1652 1683 1857 1739 habebit

273 1768 538 1821 Dominus
559 1785 678 1823 eum
702 1769 793 1840 qui
820 1774 1157 1843 assumpserit
1184 1790 1371 1829 nomen
1407 1774 1621 1831 Domini
1648 1775 1747 1832 Dei
1775 1778 1861 1833 sui

270 1862 480 1931 {rustra
525 1862 734 1934 (Exod.
791 1879 898 1931 xx,
939 1866 1023 1935 'I).
1062 1865 1117 1920 in
1168 1882 1367 1921 vanum
1409 1867 1609 1939 quippe
1647 1876 1703 1925 et
1751 1867 1861 1924 fru-

267 1966 389 2007 stra
409 1996 423 2019 ,
456 1967 560 2009 non
589 1963 647 2009 ut
677 1955 808 2013 nihil
840 1957 939 2023 sit,
981 1958 1074 2013 sed
1103 1965 1161 2013 ut
1192 1959 1241 2013 ei
1285 1959 1375 2029 qui
1406 1974 1601 2015 nomen
1642 1960 1856 2017 Domini

1966 764 2135 821 omnis
2165 766 2273 834 fur,
2294 766 2427 820 sicut
2450 764 2519 819 ibi
2539 766 2786 836 scriptum
2809 775 2904 832 est,
2922 764 3278 836 judicabitur,
3304 776 3350 820 et
3375 766 3541 821 omnis

1955 855 2149 926 jurans
2194 873 2260 911 ea:
2291 855 2387 910 hoc
2426 855 2666 911 similiter
2703 855 3054 930 iudicabitur.
3099 853 3341 911 Educam
3384 855 3540 921 illud,

1962 944 2089 1001 dicit
2120 945 2376 1002 Dominus
2401 946 2743 1011 exercituum,
2773 954 2823 1001 et
2848 948 3012 1000 veniet
3043 945 3112 1000 ad
3132 946 3344 1001 domum
3384 947 3541 1016 furis,

1962 1045 2010 1090 et
2036 1036 2105 1089 ad
2134 1036 2347 1091 domum
2366 1037 2603 1107 jurantis
2641 1037 2697 1091 in
2731 1036 2936 1091 nomine
2958 1052 3070 1091 meo
3100 1037 3420 1093 mendaciter
3444 1077 3460 1104 ,
3491 1047 3539 1093 et

1963 1129 2370 1185 commorabitur
2401 1130 2456 1189 in
2486 1130 2655 1185 medio
2681 1130 2795 1197 ejus
2816 1171 2832 1199 ,
2861 1140 2909 1185 et
2940 1141 3203 1185 consumet
3234 1148 3371 1198 etim,
3398 1140 3447 1187 et
3479 1132 3543 1186 li-

1960 1236 2065 1290 gna
2084 1220 2218 1291 ejus,
2250 1231 2298 1276 et
2320 1221 2519 1292 lapides
2539 1222 2652 1292 ejus
2678 1218 2864 1295 (Zach.
2893 1239 2949 1287 v,
2971 1222 3049 1291 5).
3076 1223 3143 1278 Ει
3174 1223 3229 1279 in
3259 1224 3543 1280 Ezechiele

1960 1314 2258 1384 propheta:
2302 1312 2428 1369 Vivo
2455 1331 2570 1386 ego,
2601 1315 2726 1369 dicit
2762 1313 3040 1379 Dominus,
3069 1315 3317 1387 quoniam
3349 1318 3405 1371 in
3429 1315 3541 1371 loco

1962 1405 2116 1474 regis,
2141 1404 2232 1474 qui
2253 1405 2519 1479 constituit
2541 1422 2660 1460 eum
2684 1421 2873 1477 regem,
2897 1406 3049 1477 cujus
3075 1405 3196 1476 fecit
3220 1407 3429 1487 irritum
3448 1407 3544 1477 ju-

1964 1507 2282 1564 ramentunt,
2303 1506 2351 1552 et
2388 1496 2537 1553 solvit
2564 1507 2775 1569 pactum
2808 1498 2947 1571 quod
2982 1497 3202 1553 habebat
3229 1514 3347 1552 cum
3376 1514 3463 1563 eo,
3489 1497 3544 1551 in

1960 1590 2130 1645 medio
2168 1590 2452 1664 Babylonis
2479 1592 2730 1646 morietur
2755 1590 2974 1663 (Ezech.
3000 1608 3134 1658 xvu,
3166 1591 3276 1663 16).
3309 1590 3542 1661 Spreve-

1961 1683 2222 1750 ratenim,
2250 1681 2424 1753 inquit
2446 1682 2828 1755 Hieronymus,
2847 1682 3541 1751 Sedechiasjuramentum,

1961 1784 2022 1832 ut
2050 1775 2284 1831 solveret
2319 1774 2527 1841 foedus,
2557 1783 2613 1831 et
2652 1791 2774 1849 cum
2801 1776 2982 1833 omnia
3014 1775 3131 1829 hmc
3163 1773 3353 1828 iecerit
3376 1815 3391 1839 ,
3432 1790 3540 1831 non

1961 1865 2199 1937 eﬂ‘ugiet.
2238 1865 2349 1927 [ΕΙ.
2369 1866 2495 1921 item
2526 1865 2905 1939 Hieronymus,
2938 1884 2956 1918 ι
2986 1864 3146 1929 Ecce,
3171 1864 3370 1934 inquit,
3395 1865 3545 1922 dedit

1964 1973 2183 2014 manum
2205 1971 2360 2013 suam
2390 1956 2503 2029 regi
2527 1955 2766 2029 Egypti,
2804 1964 2859 2013 et
2888 1956 3107 2012 tradidit
3129 1970 3204 2021 se,
3243 1963 3297 2010 et
3319 1954 3539 2025 periurii

270 2049 371 2102 Dei
398 2050 481 2103 sui
504 2049 557 2103 in
590 2063 792 2103 vanum
831 2058 886 2104 et
919 2048 1122 2105 frustra
1159 2053 1466 2122 acceperit.
1506 2053 1757 2109 nocivum
1800 2061 1859 2109 ut
1893 2035 1934 2094 Β
1964 2061 2153 2108 contra
2188 2052 2358 2107 Deum
2408 2050 2679 2107 commisit
2706 2050 3066 2122 sacrilegium.
3106 2069 3124 2101 ι
3159 2049 3226 2104 Et
3259 2049 3385 2104 hinc
3411 2049 3541 2104 item

266 2140 524 2194 criminis
562 2152 658 2194 reo
702 2140 792 2197 sit.
822 2138 956 2195 Item
994 2141 1049 2195 in
1082 2140 1324 2197 Levitico
1366 2142 1628 2199 Dominus
1672 2144 1804 2201 dicit
1839 2162 1853 2201 :

270 2232 403 2287 Non
436 2233 732 2304 perjurabis
772 2234 824 2288 in
865 2235 1072 2290 nomine
1103 2252 1250 2302 meo,
1293 2253 1386 2292 nec
1420 2236 1620 2307 pollues
1672 2254 1858 2295 nomen

268 2323 491 2409 Domini
540 2326 637 2381 Dei
683 2328 779 2382 tui.
834 2326 948 2399 Ego
980 2328 1240 2384 Dominus
1286 2329 1494 2400 (Leuit.
1550 2346 1679 2396 xIx,
1730 2332 1853 2404 12).
1894 2344 1897 2347 ·

266 2418 341 2472 Et
388 2426 608 2473 sanctus
658 2419 826 2474 David
868 2420 923 2475 in
971 2420 1180 2490 psalmo
1224 2440 1238 2475 :
1282 2422 1388 2489 Qui
1425 2422 1576 2492 furat
1616 2426 1857 2495 proximo

261 2527 402 2575 suo,
458 2522 507 2565 et
552 2529 655 2566 non
702 2512 894 2584 decipit
942 2512 1128 2583 (Psal.
1179 2530 1305 2581 xlv,
1344 2515 1435 2588 4).
1491 2515 1689 2572 Jurare
1734 2528 1853 2585 est,

259 2602 432 2676 θοι
474 2606 645 2675 inquit
680 2605 1053 2672 Cassiodorus,
1084 2608 1389 2675 hominum,
1418 2611 1519 2667 sub
1568 2611 1855 2667 testatione

262 2698 455 2754 divina
503 2698 703 2770 aliquid
750 2700 1010 2769 polliceri.
1044 2699 1238 2758 Jurare
1281 2704 1425 2759 enim
1476 2704 1676 2759 dictum
1728 2716 1852 2771 est,

260 2792 428 2861 quasi
458 2789 586 2859 iure
634 2806 811 2859 orare,
857 2793 911 2849 id
948 2803 1032 2849 est
1074 2792 1217 2862 iuste
1264 2794 1430 2866 loqui.
1470 2794 1623 2851 Tunc
1673 2805 1853 2854 autem

260 2885 543 2955 quispiam
585 2884 732 2955 iuste
777 2884 1045 2955 loquitur,
1088 2887 1308 2957 quando
1336 2903 1398 2943 ea
1430 2903 1550 2957 qua:
1588 2889 1856 2959 promittit

262 2975 585 3047 implentur.
638 2976 706 3031 Et
732 2985 951 3034 sanctus
993 2978 1312 3033 Ambrosius
1339 2979 1391 3034 in
1420 2979 1648 3050 epistola
1677 2980 1849 3051 (epist.

260 3064 358 3139 50)
394 3066 458 3120 ad
493 3064 931 3124 Valentinianum
965 3070 1386 3140 imperatorem:
1426 3089 1445 3122 ι
1484 3070 1623 3138 Quid
1649 3082 1734 3128 est
1762 3073 1854 3144 iu-

263 3176 417 3225 rare,
444 3161 549 3218 nisi
578 3160 694 3232 ejus
723 3178 883 3233 quem
912 3164 1128 3220 testaris
1158 3164 1280 3220 ﬁdei
1312 3173 1415 3221 tuae
1444 3166 1733 3235 prmsulem
1774 3167 1856 3223 di.

260 3254 455 3309 vinam
497 3255 795 3327 potentiam
842 3256 1123 3311 confiteri?
1170 3276 1190 3309 ι
1231 3254 1298 3312 Ει
1359 3258 1489 3313 item
1533 3257 1734 3313 dicitur
1798 3258 1852 3314 in

264 3347 516 3419 psalmo:
536 3345 650 3402 Nec
666 3347 867 3418 iuravit
895 3350 950 3405 in
968 3350 1088 3404 dolo
1103 3351 1342 3421 proximo
1362 3367 1459 3406 suo
1490 3349 1664 3425 (Psal.
1688 3366 1845 3418 xxm,

1960 2144 2358 2219 Hieronymus:
2393 2165 2413 2198 ‹
2444 2146 2522 2202 Ne
2537 2142 3540 2217 putaremusiuramentum,-etfmdus,

1959 2247 2015 2295 et
2038 2247 2255 2309 pactum
2281 2239 2426 2309 regis
2451 2253 2575 2294 esse
2596 2236 2900 2310 Babylonii,
2932 2234 3017 2290 vel
3042 2234 3320 2290 Sedechia:
3346 2232 3435 2302 qui
3466 2230 3543 2286 fe-

1958 2338 2129 2395 cerat,
2161 2329 2406 2399 sequitur
2430 2346 2444 2382 :
2476 2329 2529 2383 in
2555 2327 2998 2399 praevaricatione
3022 2340 3127 2395 qua
3160 2323 3409 2395 despexit
3432 2336 3539 2377 me.

1958 2419 2099 2490 Ergo
2121 2420 2212 2490 qui
2241 2420 2536 2475 contemnit
2558 2419 2926 2489 juramcutum
2949 2456 2965 2483 ,
2997 2416 3144 2470 illum
3173 2416 3402 2488 despicit
3445 2422 3543 2486 per

1957 2527 2118 2582 quem
2150 2508 2374 2584 iuravit,
2411 2511 2595 2581 illique
2641 2510 2772 2567 facit
2815 2508 3065 2579 iniuriam
3090 2548 3107 2576 ,
3148 2507 3301 2577 Cujus
3334 2505 3540 2562 nomini

1958 2602 2189 2657 credidit
2224 2602 2586 2657 adversarius.
2631 2601 2904 2670 Quidquid
2942 2600 3106 2670 igitur
3139 2605 3326 2653 contra
3369 2595 3540 2652 Sede-

1957 2694 2135 2749 chiam
2162 2694 2325 2766 602
2365 2693 2490 2749 fecit
2514 2690 3007 2749 Nabuchodonosor
3032 2687 3140 2760 (IV
3184 2687 3316 2761 Reg.
3362 2686 3539 2758 xxv),

1958 2799 2067 2839 non
2098 2784 2211 2839 suis
2244 2783 2373 2838 fecit
2412 2782 2642 2846 viribus,
2669 2783 2761 2837 sed
2790 2782 2870 2837 ira
2901 2780 3018 2846 Dei,
3061 2780 3114 2835 in
3142 2780 3295 2850 cujus
3322 2776 3541 2833 nomine

1957 2875 2133 2931 fuerat
2162 2874 2489 2946 periuratus.
2509 2873 2764 2946 Legimus
2786 2874 2927 2928 enim
2951 2868 3272 2929 Sedechiam
3296 2877 3536 2939 captum,

1957 2969 2179 3023 ductum
2207 2967 2262 3022 in
2295 2966 2542 3032 Reblata,
2597 2966 2777 3035 ibique
2816 2963 3118 3021 interfectis
3152 2962 3538 3035 (iliisexcacca-

1956 3070 2090 3131 tum,
2126 3069 2180 3117 et
2223 3061 2396 3116 instar
2427 3059 2555 3114 fera:
2580 3057 2825 3113 clausum
2876 3070 3039 3112 cavea
3068 3098 3082 3124 ,
3127 3055 3451 3111 translatum
3482 3052 3536 3108 in

1956 3151 2308 3222 Babylonem.
2346 3170 2366 3203 ι
2400 3150 2470 3205 Et
2493 3158 2711 3206 sanctus
2739 3148 3042 3219 Cyprianus
3069 3147 3125 3203 in
3155 3161 3298 3205 nono
3324 3145 3538 3201 abusio-

1959 3244 2043 3299 nis
2072 3231 2261 3313 gradu,
2300 3259 2319 3293 ι
2355 3242 2498 3314 regis
2523 3240 2886 3295 ministerium
2919 3253 3039 3294 esse
3071 3238 3220 3303 dicit,
3251 3236 3445 3307 impios
3473 3237 3540 3293 de

1960 3345 2104 3391 terra
2132 3334 2385 3406 perdere,
2415 3332 2719 3405 parricidas
2746 3341 2802 3387 et
2819 3330 3068 3403 periuros
3106 3331 3288 3386 vivere
3313 3344 3421 3385 non
3461 3330 3537 3385 si~

268 3399 484 3512 ira...
506 3399 1849 3515 ‘5..‘.'..:."..‘.‘..;..",.;;;;.signa;assignas;
1875 3399 1922 3464 ο
1957 3399 2171 3487 ἰ
2216 3427 2284 3483 Et
2578 3399 2874 3498 ςτεεοτίιςε
2902 3399 2956 3480 εῆη
3002 3424 3220 3483 bonum
3259 3423 3537 3496 ενςιηεειεί

267 3542 357 3590 est
384 3549 545 3603 quam
573 3534 862 3605 promittit,
893 3534 1121 3601 credens
1148 3533 1440 3604 periurium
1474 3550 1581 3591 non
1613 3551 1734 3592 esse
1763 3536 1855 3592 de-

271 3627 487 3698 cepisse
514 3628 762 3698 nequiter
789 3627 1061 3683 credentis
1090 3641 1356 3683 errorem.
1388 3628 1457 3684 Et
1480 3629 1610 3685 hinc
1637 3639 1857 3686 sanctus

272 3716 675 3789 Hieronymus:
706 3734 725 3768 ι
766 3717 913 3772 Mulli
942 3725 1088 3784 sunt,
1114 3718 1309 3788 inquit,
1335 3719 1426 3789 qui
1447 3719 1632 3776 dolose
1644 3720 1852 3792 iurant,

273 3819 334 3865 ut
360 3809 632 3879 decipiant
655 3810 981 3879 proximum,
1004 3810 1147 3879 quod
1167 3810 1508 3867 abominetur
1527 3811 1858 3866 Paterlumi-

269 3919 425 3965 num,
451 3902 663 3956 dicente
691 3900 854 3956 Petro
883 3919 895 3955 :
923 3899 1046 3955 Non
1070 3918 1123 3956 es
1147 3902 1443 3957 hominibus
1466 3904 1733 3967 mentitus,
1764 3902 1856 3959 sed
1878 3942 1883 3951 .

269 3995 389 4050 Deo
419 3993 567 4067 (Act.
609 3993 749 4065 Liv).
783 3994 848 4048 Et
900 3994 952 4048 in
995 3995 1131 4047 libro
1175 3992 1381 4065 Regum
1433 3995 1697 4064 scriptum
1730 4003 1851 4060 est,

265 4089 401 4159 quia
435 4087 652 4159 quando
675 4086 816 4143 facta
839 4095 925 4142 est
961 4085 1131 4142 fames
1155 4087 1210 4141 in
1232 4087 1446 4142 .diebus
1481 4087 1651 4142 David
1677 4087 1853 4143 tribus

267 4179 435 4236 annis
468 4179 687 4249 iugiter,
725 4187 779 4233 et
820 4176 1090 4233 consuluit
1120 4177 1286 4231 David
1310 4178 1588 4235 oraculum
1619 4179 1853 4244 Domini,

267 4270 411 4328 dixit
438 4269 728 4325 Dominus:
750 4268 974 4340 Propter
1002 4268 1156 4334 Saul,
1182 4278 1230 4324 et
1268 4270 1483 4324 domum
1505 4270 1641 4341 ejus,
1666 4282 1715 4325 et
1734 4287 1857 4327 san-

265 4363 505 4435 guinem,
526 4362 651 4433 quia
674 4362 859 4416 occidit
890 4359 1215 4416 Gabaonitas
1244 4359 1331 4432 (II
1380 4360 1507 4433 Reg.
1544 4367 1683 4435 xxi).
1732 4363 1854 4419 Filii

263 4454 471 4526 quippe
490 4452 653 4509 Israel
676 4452 995 4524 iuraverant
1015 4452 1114 4517 eis,
1145 4461 1200 4507 et
1224 4451 1397 4507 voluit
1416 4452 1547 4509 Saul
1573 4464 1856 4524 percutere

263 4563 367 4604 eos
396 4547 536 4612 zelo,
559 4547 710 4617 quasi
748 4560 847 4616 pro
875 4544 1000 4599 ﬁliis
1022 4544 1184 4601 Israel
1208 4553 1263 4620 et
1282 4544 1439 4612 Juda,
1481 4546 1668 4603 dicens
1688 4546 1853 4605 .losue

262 4637 443 4709 gratis
471 4636 689 4692 eosdem
731 4634 1061 4690 Gabaonitas
1111 4636 1292 4691 vivere
1334 4636 1671 4707 permisisse.
1720 4639 1855 4695 Hinc

1960 3521 2028 3577 de
2052 3518 2416 3590 Martyribus:
2450 3538 2469 3571 ι
2508 3517 2591 3573 Ad
2616 3517 2884 3573 exstincta
2906 3556 2921 3581 ,
2951 3515 3164 3587 inquit,
3199 3530 3388 3571 eorum
3419 3529 3542 3570 cor-

1959 3631 2091 3687 pora
2121 3616 2366 3670 viventes
2385 3614 2516 3686 aegri
2539 3613 2764 3670 veniunt
2794 3621 2850 3670 et
2883 3620 3182 3669 sanantur:
3207 3611 3412 3685 periuri
3445 3625 3538 3667 ve-

1960 3702 2139 3775 niunt,
2192 3716 2247 3763 et
2295 3725 2326 3762 a
2356 3708 2621 3764 daemonio
2646 3714 2909 3762 vexantur
2934 3723 2947 3761 :
2973 3705 3291 3773 daemoniaci
3320 3704 3544 3761 veniunt

1958 3811 2015 3856 et
2054 3799 2374 3857 liberantur.
2438 3819 2458 3852 ι
2492 3799 2627 3855 Hinc
2683 3813 2812 3871 ergo
2836 3796 3194 3871 colligendum
3224 3806 3329 3863 est,
3362 3811 3536 3868 quan-

1961 3904 2075 3950 tum
2128 3907 2410 3964 peccatum
2444 3892 2517 3947 sit
2544 3891 2825 3962 periurare
2856 3890 2911 3949 in
2958 3891 3177 3946 nomine
3225 3889 3439 3946 Domini
3483 3895 3540 3942 et

1959 3996 2269 4044 sanctorum
2298 3984 2448 4055 eius,
2477 3986 2622 4055 quod
2653 3994 2708 4040 et
2751 3984 3138 4057 sacrilegium,
3182 3992 3240 4041 ut
3277 3982 3539 4056 praemisi-

1958 4096 2099 4145 mus,
2125 4080 2260 4138 dicit
2281 4095 2403 4137 esse
2421 4087 2644 4137 sanctus
2669 4077 3051 4152 Hieronymus.
3077 4078 3187 4135 Sed
3206 4088 3262 4135 et
3276 4087 3538 4149 quantum

1959 4174 2242 4232 temeritas
2264 4172 2488 4245 iurandi
2515 4172 2678 4228 vitari
2702 4172 2916 4238 debeat,
2945 4172 3051 4231 nisi
3072 4186 3267 4245 magna
3296 4170 3541 4245 exegerit

1957 4268 2297 4333 necessitas,
2329 4273 2425 4322 aut
2467 4264 2699 4322 aliorum
2748 4264 2842 4337 qui
2889 4279 2998 4320 non
3045 4265 3271 4320 credunt
3322 4262 3538 4319 veritati

1958 4360 2187 4425 utilitas,
2214 4368 2276 4415 ut
2295 4358 2544 4423 credant,
2571 4364 2628 4414 et
2653 4355 2779 4429 paci
2808 4371 2873 4413 ac
2906 4356 3211 4414 concordia:
3233 4370 3332 4427 per
3354 4369 3539 4411 sacra-

1956 4459 2199 4509 mentum
2246 4449 2600 4516 consulatur,
2644 4448 2883 4507 caVenda
2926 4447 3018 4506 sit.
3071 4448 3140 4504 Et
3168 4447 3431 4505 Dominus
3479 4446 3537 4503 in

1956 4542 2249 4615 Evangelio
2275 4542 2612 4599 demonstrat
2637 4540 2859 4599 dicens:
2894 4538 3076 4595 Nolite
3085 4538 3274 4611 jurare
3305 4537 3534 4611 (Matth.

1958 4653 2010 4703 v,
2038 4635 2152 4707 54).
2183 4635 2254 4692 Et
2278 4634 2513 4692 Jacobus
2540 4633 2595 4689 in
2615 4631 2843 4704 epistola
2868 4645 3000 4687 sua:
3033 4628 3167 4686 Ante
3206 4630 3382 4685 omnia
3410 4669 3426 4695 ,
3458 4628 3539 4684 in-

262 4739 424 4802 patet
448 4738 647 4800 quanta
686 4728 935 4799 impletas
968 4736 1053 4784 est
1081 4728 1376 4800 periurium
1398 4769 1412 4796 ,
1456 4732 1545 4787 cui
1591 4733 1852 4790 Dominus
1879 4764 1931 4823 Β
1956 4730 2114 4799 quit,
2158 4726 2352 4798 fratres
2394 4726 2529 4790 mei,
2563 4725 2723 4780 nolite
2743 4724 2943 4823 ‘jurare
2967 4762 2985 4790 ,
3019 4739 3183 4796 neque
3207 4738 3300 4823 per
3326 4720 3536 4788 mlum,

262 4830 476 4879 tantam
514 4822 769 4892 imposuit
811 4822 1090 4878 ultionem.
1132 4841 1150 4874 ι
1188 4822 1256 4877 Et
1277 4822 1542 4881 Jeremias
1563 4827 1846 4897 propheta,

172 4972 185 4985 ,
262 4912 409 4969 Ecce
427 4929 512 4969 vos
544 4912 807 4983 conﬁditis
838 4913 979 4969 vobis
1005 4914 1062 4968 in
1083 4914 1248 4969 verbis
1291 4917 1572 4982 mendacii,
1604 4935 1720 4989 quia
1745 4937 1849 4975 non

259 5005 552 5079 proderunt
587 5004 754 5071 vobis,
780 5004 973 5075 furari,
1005 5005 1257 5073 occidere,
1306 5007 1627 5074 adulterare,
1663 5010 1851 5080 jurare
1883 5051 1887 5055 η

261 5096 590 5154 mendaciter
611 5097 744 5169 (Jer.
787 5113 887 5162 vn,
918 5098 994 5170 9).
1046 5098 1183 5155 Hinc
1234 5115 1366 5170 ergo
1400 5101 1741 5173 pensandum
1766 5111 1850 5158 est

260 5198 527 5262 quantum
551 5189 759 5245 crimen
789 5189 860 5244 sit
877 5190 1063 5260 iurare
1086 5192 1436 5256 mendaciter,
1469 5192 1611 5261 quod
1642 5192 1847 5248 adulte—

265 5281 372 5347 rio,
406 5288 459 5335 et
488 5280 801 5346 homicidio,
826 5294 891 5336 ae
917 5280 1063 5335 furto
1087 5282 1369 5353 coniunxit
1390 5283 1674 5352 propheta,
1708 5299 1846 5354 quo-

262 5387 388 5427 rum
431 5380 834 5443 perpetratores
877 5373 1166 5444 Apostolus
1188 5373 1239 5445 (Ι
1271 5371 1392 5429 Cor.
1418 5391 1506 5441 vi,
1538 5375 1592 5447 9)
1625 5391 1847 5448 regnum

265 5461 363 5518 Dei
403 5460 540 5520 dixit
572 5476 680 5521 non
705 5464 1005 5537 possidere.
1039 5466 1106 5520 Et
1139 5464 1499 5539 Hieronymus
1543 5468 1596 5523 in
1626 5472 1844 5541 exposi-

268 5553 417 5611 tione
440 5555 681 5626 eiusdem
730 5560 1049 5630 prophetae:
1083 5574 1104 5611 ι
1141 5557 1363 5615 Poterat
1401 5560 1517 5617 ﬁeri
1569 5570 1632 5617 ut
1678 5564 1844 5633 aliqui

266 5645 643 5702 invenirentur
678 5649 733 5703 in
777 5648 997 5721 populo.
1026 5649 1121 5719 qui
1148 5649 1468 5707 simularent
1492 5651 1696 5709 cultum
1726 5654 1844 5720 Del,

265 5745 323 5794 et
339 5736 594 5807 iurarent
616 5750 714 5811 per
740 5739 1050 5797 Dominum.
1087 5740 1204 5797 Hoc
1242 5743 1534 5813 pmvenit,
1564 5745 1709 5813 quod
1744 5760 1846 5803 ne-

264 5840 539 5900 quaquam
567 5828 709 5886 Deus
730 5832 886 5887 vanis
917 5834 1289 5900 sermonibus,
1334 5835 1430 5890 sed
1456 5835 1693 5892 veritate
1720 5835 1845 5893 iidei

265 5920 565 5979 delectetur
605 5931 661 5979 et
695 5923 877 5981 dicet:
902 5924 1020 5982 Non
1057 5941 1153 5983 eos
1196 5925 1359 5996 diligo
1388 5928 1481 5999 qui
1518 5928 1707 5999 iurant
1748 5942 1847 5998 per

264 6027 378 6082 me,
406 6021 465 6070 et
481 6023 668 6087 iurant
693 6016 747 6073 in
776 6018 1080 6088 mendacio,
1103 6019 1197 6076 sed
1224 6035 1450 6099 quorum
1478 6019 1641 6075 corda
1672 6019 1847 6075 labia~

1956 4835 2118 4892 neque
2145 4836 2238 4891 per
2262 4829 2482 4885 terram,
2510 4833 2672 4890 neque
2698 4816 2846 4873 aliud
2894 4818 3240 4888 quodcunque
3263 4814 3538 4885 iuramen-

1954 4923 2105 4967 tum:
2133 4914 2201 4967 sit
2228 4922 2404 4966 autem
2442 4927 2612 4965 sermo
2651 4906 2980 4989 vester,.Est,
3012 4917 3108 4974 est,
3141 4905 3289 4972 Non,
3315 4922 3440 4972 non,
3482 4915 3537 4961 ut

1954 5019 2059 5059 non
2076 5004 2171 5059 sub
2192 5003 2397 5074 judicio
2418 5002 2674 5057 decidatis
2700 5001 2908 5075 (Iacob.
2942 5016 2996 5066 v,
3026 4998 3112 5071 l2)
3139 5014 3154 5052 :
3181 4997 3272 5053 illo
3288 4996 3538 5053 videlicet

1948 5096 2179 5167 iudicio,
2207 5097 2308 5151 sub
2350 5109 2460 5166 quo
2488 5094 2690 5150 decidit
2729 5092 2995 5156 Herodes,
3040 5098 3100 5145 ut
3143 5088 3227 5144 vel
3267 5086 3533 5159 peierare,

1955 5190 2042 5245 vel
2062 5189 2360 5261 periurium
2382 5188 2624 5245 cavendo
2644 5188 2788 5245 aliud
2818 5200 3040 5242 necesse
3068 5184 3295 5241 haberet
3317 5192 3538 5254 patrare

1953 5285 2239 5356 ﬂagitium.
2285 5285 2355 5342 At
2384 5285 2429 5341 si
2471 5284 2675 5356 aliquid
2698 5282 2838 5338 forte
2866 5297 2966 5338 nos
3010 5281 3285 5337 incautius
3316 5279 3535 5351 iurasse

1953 5379 2267 5452 contigerit,
2299 5378 2444 5448 quod
2472 5377 2818 5434 observatum
2845 5374 3056 5430 scilicet
3074 5373 3314 5445 peiorem
3342 5379 3534 5443 vergat

1953 5473 2008 5528 in
2039 5472 2267 5536 exitum,
2296 5468 2466 5527 libere
2492 5466 2624 5523 illud
2650 5464 2880 5522 consilio
2903 5464 3204 5522 salubriore
3218 5464 3534 5519 mutandum
3628 5537 3633 5545 ν

1952 5563 2289 5627 noverimus,
2318 5574 2385 5616 ac
2414 5559 2587 5629 magis
2634 5559 2875 5617 instante
2910 5558 3244 5614 necessitate
3288 5553 3536 5627 peieran-

1952 5653 2081 5708 dum
2109 5650 2284 5717 nobis,
2316 5663 2479 5719 quam
2503 5662 2604 5718 pro
2626 5645 2848 5705 vitando
2877 5645 3116 5718 periurio
3148 5646 3202 5700 iu
3234 5644 3379 5700 aliud
3429 5645 3536 5699 cri-

1951 5759 2075 5803 men
2099 5743 2318 5816 gravius
2340 5757 2461 5799 esse
2482 5740 2864 5798 divertendum
2893 5739 2943 5812 (I
2983 5737 3111 5810 Reg.
3142 5738 3256 5810 25).
3292 5737 3536 5808 Denique

1944 5834 2151 5905 iuravit
2178 5833 2347 5889 David
2374 5848 2472 5903 per
2507 5831 2818 5897 Dominum,
2857 5830 3106 5887 occidere
3131 5826 3323 5893 Nabal,
3359 5826 3533 5882 virum

1949 5928 2175 5985 stultum
2197 5936 2255 5982 et
2274 5925 2521 5996 impium,
2547 5932 2712 5994 atque
2738 5923 2918 5978 omnia
2940 5936 3059 5992 qua:
3102 5919 3168 5973 ad
3198 5918 3343 5973 illum
3369 5916 3535 5988 perti-

1912 6040 1928 6050 -
1952 6026 2145 6075 tierent
2166 6016 2447 6074 demoliri:
2476 6017 2571 6073 sed
2600 6015 2665 6071 ad
2690 6015 2917 6093 primam
2945 6011 3383 6068 intercessionem
3403 6005 3534 6065 Abi-
