4026 6340
577 399 684 458 063

1583 394 1913 456 HINCMAPJ
1947 391 2342 453 RHEMENSiS
2376 395 2893 455 ARCHIEPISCOPI

3673 393 3752 452 (itii

575 517 685 591 gail
712 514 1240 587 feminzeprudentis,
1271 529 1396 571 mox
1419 515 1635 572 remisit
1655 516 1851 582 minas,
1879 511 2157 571 revocavit
2181 512 2235 573 Α
2260 514 2488 570 sentiam
2521 514 2637 571 sine
2681 513 2788 570 ﬁne
2842 510 3166 579 subsistunt.
3196 506 3433 563 Praeterit
3455 506 3581 563 enim
3623 507 3753 582 ﬁgura

572 626 763 667 ensem
794 610 847 665 in
871 610 1144 679 vaginam,
1176 623 1355 680 neque
1382 609 1582 680 aliquid
1612 608 1782 681 culpae
1811 623 1872 665 se
1895 607 1990 664 tali
2028 622 2155 678 per-

468 690 475 699 ’
565 701 718 775 jurio
746 703 1084 759 contraxisse
1108 702 1298 758 doluit.
1335 700 1549 757 iuravit
1573 701 1816 759 Herodes
1845 701 1975 757 dare
1994 699 2156 756 salta-

571 793 695 847 triei
728 794 1089 864 quodcunque
1135 793 1464 865 postulasset
1491 793 1561 849 ab
1593 807 1680 858 eo,
1728 801 1785 849 et
1809 807 1880 849 ne
1906 792 2157 863 periurus

569 884 846 940 diceretur
892 902 922 941 a
961 887 1260 952 conviviis,
1312 886 1487 956 ipsum
1538 886 1844 942 convivium
1894 884 2156 956 sanguine

567 976 777 1047 polluit,
803 977 929 1033 dum
959 980 1240 1051 prophetae
1264 988 1496 1037 mortem
1526 980 1832 1038 saltationis
1863 982 1994 1037 fecit
2018 997 2156 1052 prae-

565 1067 756 1121 mium.
792 1068 907 1124 Non
939 1069 1113 1133 solum
1149 1080 1334 1127 autem
1385 1072 1441 1127 in
1465 1071 1726 1140 iurando,
1777 1072 1871 1129 sed
1909 1073 1963 1128 in
1992 1088 2154 1129 omne

574 1161 721 1229 quod
744 1163 977 1232 agimus,
1009 1163 1125 1219 haec
1156 1173 1239 1219 est
1260 1165 1564 1220 moderatio
1590 1164 1840 1221 solertius
1861 1165 2154 1221 observan-

572 1255 665 1319 da,
693 1262 753 1307 ut
774 1255 818 1309 si
848 1254 1012 1310 talem
1041 1256 1177 1310 forte
1203 1256 1409 1327 lapsum
1433 1257 1637 1312 versuti
1678 1257 1853 1313 hostis
1897 1257 2154 1313 incideri-

562 1361 689 1404 mus
730 1348 976 1414 insidiis,
1024 1364 1090 1405 ex
1121 1366 1229 1421 quo
1268 1351 1392 1417 sine
1436 1349 1618 1420 aliquo
1659 1349 1868 1420 peccati
1900 1351 2152 1422 contagio

561 1453 789 1510 surgere
818 1456 922 1496 non
949 1442 1237 1512 possimus,
1264 1440 1415 1496 illum
1441 1441 1623 1512 potius
1657 1439 1920 1495 evadendi
1946 1440 2151 1496 aditum

558 1541 831 1603 petamus,
860 1536 1048 1606 inquo
1076 1537 1255 1593 minus
1275 1539 1503 1608 periculi
1536 1553 1635 1594 nos
1656 1553 2009 1610 perpessrtros
2031 1552 2152 1593 esse

494 1658 501 1687 ;
560 1636 872 1690 cernamus,
904 1628 1129 1698 etjuxta
1152 1630 1461 1698 exemplum
1488 1646 1701 1695 eorum,
1733 1631 1826 1701 qui
1856 1616 2150 1687 hostilibus

560 1714 731 1771 clausi
755 1716 947 1783 muris,
977 1719 1105 1774 dum
1127 1719 1360 1775 evadere
1381 1721 1710 1787 desiderant,
1739 1722 1834 1777 sed
1865 1730 2147 1791 portarum

558 1810 801 1865 omnium
832 1825 1114 1868 accessum
1161 1813 1262 1868 sibi
1294 1813 1644 1869 interdictum
1671 1814 2041 1879 considerant,
2069 1812 2143 1867 ibi

2261 610 2423 682 hujus
2454 609 2640 666 mundi
2689 609 2742 682 (Ι
2771 607 2895 664 Cor.
2921 604 3022 681 vn)
3048 623 3062 661 :
3092 603 3162 658 Et
3207 610 3377 668 erant,
3410 600 3587 672 inquit,
3612 603 3755 658 celum

2259 720 2469 770 novum,
2497 714 2545 759 et
2576 714 2715 760 terra
2744 719 2877 759 nova
2916 700 3002 773 (11
3029 698 3179 756 Petr.
3202 696 3305 769 lli).
3330 695 3453 764 Qum
3472 694 3659 766 quidem
3676 711 3756 752 non

2258 794 2363 850 alia
2389 793 2657 851 credenda
2685 801 2832 858 sunt,
2855 790 2951 848 sed
2978 789 3095 846 haec
3122 788 3237 860 ipsa
3259 794 3581 841 renovantur.
3603 785 3756 840 Trans-

2256 894 2404 953 eunt,
2433 895 2488 942 et
2522 886 2947 957 permanebunt;
2979 881 3235 954 quoniam
3261 879 3327 935 ab
3349 893 3410 935 ea
3434 878 3610 949 specie,
3634 893 3757 948 quam

2255 992 2400 1033 nunc
2451 978 2655 1033 habent
2702 984 2999 1048 tergentur,
3039 982 3097 1029 et
3138 972 3193 1027 in
3241 986 3337 1027 sua
3379 983 3577 1041 semper
3607 977 3757 1024 natura

2255 1075 2561 1135 servantur,
2587 1068 2730 1123 unde
2751 1067 3014 1137 scriptum
3056 1072 3139 1121 est
3157 1104 3173 1131 ,
3207 1061 3432 1118 Mactabis
3460 1077 3538 1127 ea,
3561 1069 3603 1114 et
3626 1070 3759 1114 utsin-

2255 1160 2450 1214 buntur
2463 1158 2635 1231 (Psal.
2650 1175 2726 1223 cr,
2741 1159 2854 1231 27).
2874 1157 3213 1228 Quapmpter
3236 1153 3350 1209 ﬁeri
3362 1167 3544 1223 aquam
3563 1151 3759 1221 ignitam,

2254 1253 2323 1307 ad
2366 1253 2481 1307 haec
2526 1252 2632 1307 duo
2679 1250 2927 1321 copulata
2954 1249 3010 1304 in
3042 1263 3209 1305 unum
3242 1245 3534 1315 indaganda
3567 1244 3758 1315 judicia,

2253 1344 2381 1400 illud
2418 1344 2688 1411 videlicet,
2718 1346 2861 1416 quod
2889 1343 3006 1414 jam
3032 1357 3134 1415 per
3159 1356 3354 1412 aquam
3380 1340 3566 1395 factum
3602 1346 3691 1403 est,
3722 1345 3763 1394 et

2253 1436 2383 1491 illud
2413 1438 2555 1508 quod
2586 1453 2684 1509 per
2722 1438 2900 1509 ignem
2944 1434 3182 1491 ﬁendum
3227 1441 3312 1490 est
3335 1473 3350 1499 ,
3401 1432 3522 1487 licet
3559 1430 3654 1486 sint
3688 1444 3764 1500 pro

2251 1539 2554 1602 temporum
2597 1531 2862 1588 varietate
2897 1531 3155 1603 disparia,
3206 1530 3302 1585 sed
3320 1542 3488 1584 unum
3514 1535 3625 1582 sunt
3664 1540 3764 1594 ope-

2250 1625 2478 1681 rationis
2504 1624 2784 1697 mysterio,
2821 1625 2877 1680 in
2900 1623 3099 1695 quibus
3129 1622 3304 1678 sancti
3333 1617 3764 1681 liberanturillasi,

2249 1724 2307 1771 et
2335 1716 2550 1787 reprobi
2594 1716 2894 1787 puniuntur
2921 1714 3160 1777 addicti,
3219 1711 3490 1774 Ecclesia,
3532 1724 3674 1779 quam
3697 1709 3764 1765 de-

2249 1807 2480 1876 signavit
2501 1822 2625 1863 area
2651 1807 2838 1863 diluvii
2865 1848 2880 1872 ,
2929 1806 3172 1864 creditur
3200 1803 3484 1862 tradidisse
3507 1800 3763 1863 auctoritas,

558 1914 785 1955 necesse
814 1911 897 1957 est
935 1902 1221 1958 desiliendi
1251 1903 1427 1960 locum
1457 1904 1691 1975 eligant,
1718 1904 1810 1959 ubi
1845 1919 2002 1960 muro
2029 1877 2147 1960 exi-
2177 1877 2223 1938 Β
2251 1914 2372 1970 quae
2394 1899 2558 1955 etiam
2587 1897 2711 1955 inde
2738 1899 2950 1965 sanxit,
2988 1907 3050 1952 ut
3089 1912 3247 1968 aquae
3291 1893 3613 1966 baptismatis
3635 1890 3766 1947 halitu

558 2000 737 2046 stente
750 1993 1000 2048 breviore
1023 1994 1306 2049 minimum
1326 1996 1552 2066 periculi
1573 1995 1817 2051 cadentis
1836 1995 2140 2052 incurrant.

557 2083 628 2138 Et
654 2083 783 2139 hinc
813 2099 879 2140 ex
901 2087 1104 2141 sanctis
1128 2085 1441 2157 Scripturis,
1474 2096 1529 2142 et
1557 2088 1947 2144 catholicorum
1963 2089 2143 2153 dictis,

569 2174 792 2244 quidam
816 2176 1151 2233 orthOdoxus
1184 2192 1240 2234 et
1262 2177 1493 2250 insignis
1517 2187 1676 2249 poeta
1707 2180 1853 2236 inter
1879 2179 1980 2235 alia
2008 2180 2145 2236 seri-

563 2264 738 2337 pserit
767 2266 974 2321 dicens:

751 2383 877 2450 Atei
896 2384 1091 2450 iurandi
1117 2390 1171 2450 te
1190 2398 1334 2450 causa
1355 2394 1592 2450 perurget
1617 2392 1670 2439 et
1693 2389 1867 2450 arctat,

811 2444 862 2495 ld
885 2447 1017 2509 puris
1040 2449 1221 2511 verbis,
1247 2449 1293 2498 id
1315 2444 1443 2512 gere
1465 2444 1630 2500 mente
1656 2451 1752 2513 pia.

560 2504 724 2578 603
748 2513 852 2584 Ner.
876 2504 1149 2584 verbiarte
1168 2504 1385 2583 putesvte
1411 2520 1585 2572 fallere
1609 2504 1752 2584 posse
1772 2521 2064 2581 Tonantem,

811 2579 896 2644 Cui
919 2582 1035 2631 nihil
1059 2579 1332 2633 abstrusum
1355 2591 1448 2643 est,
1473 2585 1549 2633 cui
1574 2579 1654 2633 tua
1679 2586 1823 2633 corda
1847 2591 2013 2644 patent
2036 2597 2048 2631 ε

747 2640 859 2708 Qui,
882 2650 1053 2708 nonut
1077 2644 1222 2708 iuras,
1248 2647 1336 2695 sed
1359 2653 1411 2695 ut
1435 2640 1480 2696 is
1498 2648 1686 2707 jurasse
1714 2640 1899 2708 putavit

804 2703 892 2754 Cui
911 2705 1043 2770 iu_raa
1065 2707 1216 2768 audit,
1236 2708 1406 2770 sicque
1429 2703 1700 2770 esiitrique
1715 2703 1853 2768 reus,

738 2764 933 2830 Nempe
951 2768 1075 2827 Deo,
1099 2770 1148 2818 in
1175 2764 1348 2818 vanum
1372 2773 1508 2829 cujus
1533 2772 1603 2820 vis
1621 2764 1822 2821 Sumere
1840 2764 2042 2830 nomen,

804 2828 909 2893 Seu
928 2830 1079 2891 socio,
1101 2844 1248 2892 quem
1276 2840 1377 2881 atra
1404 2831 1573 2881 fallere
1598 2833 1769 2881 fraude
1795 2846 1949 2893 paras.

740 2888 792 2937 Si
805 2892 985 2957 scelug
1001 2888 1221 2942 ut'facias
1240 2893 1397 2957 jurea,
1425 2901 1530 2944 vota
1555 2895 1689 2943 irrita
1711 2888 1886 2944 sunto:

764 3012 775 3019 .
805 2952 912 3019 ῌοιι
934 2952 1018 3002 illo
1043 2961 1118 3005 est
1138 2952 1354 3019 gravius,
1381 2952 1555 3005 vulnus
1573 2964 1835 3019 utrumque
1861 2962 2040 3005 tamen.

737 3012 951 3081 Vulnera
976 3027 1118 3081 parva
1142 3012 1321 3081 minus,
1340 3012 1499 3081 magis
1524 3025 1573 3066 et
1596 3012 1774 3075 maiora
1794 3016 2001 3080 fatigant
2024 3031 2038 3066 :

798 3074 941 3126 Felix
965 3074 1051 3140 qui
1075 3078 1208 3127 nullo
1228 3074 1604 3130 vulnere'liesus
1627 3074 1742 3130 abit.

548 3183 820 3237 Craterum
864 3182 930 3237 de
954 3176 1197 3254 judicio,
1252 3192 1536 3256 postquam
1587 3184 1724 3240 dixit
1766 3185 2028 3241 Dominus
2070 3185 2138 3240 de

546 3289 649 3330 suo
704 3253 1049 3330 adventurad
1097 3253 1335 3331 futurum
1362 3253 1624 3343 judicium
1649 3316 1664 3343 ,
1709 3277 1852 3346 quod
1890 3277 1996 3331 erit
2041 3292 2139 3348 per
2164 3253 2211 3315 δ

547 3367 768 3438 ignem,
820 3380 1255 3422 commemorans
1303 3367 1432 3423 illud
1467 3368 1609 3436 quod
1664 3383 1762 3439 per
1811 3384 2007 3439 aquam
2056 3377 2141 3425 est

546 3458 777 3523 factum,
806 3455 976 3523 Sicut,
1010 3459 1205 3527 inquit,
1249 3460 1447 3530 factum
1482 3468 1557 3514 est
1586 3460 1640 3514 in
1685 3460 1864 3515 diebus
1898 3459 2035 3527 Noe,
2061 3462 2139 3516 ita

545 3553 644 3605 erit
672 3563 718 3605 et
751 3552 808 3605 in
833 3551 919 3607 die
955 3550 1055 3621 ﬁlii
1085 3552 1310 3608 hominis
1337 3553 1763 3624 (Luc.xvu,26).
1793 3554 1861 3608 Et
1897 3553 2139 3612 referens

547 3641 694 3710 quod
741 3657 840 3713 per
884 3642 1064 3715 ignem
1113 3643 1403 3701 Sodomam
1451 3646 1801 3723 iudicaverit,
1846 3644 2134 3713 Similiter,

546 3735 744 3805 inquit,
776 3737 853 3790 sic
882 3736 1081 3806 factum
1103 3746 1179 3791 est
1213 3737 1270 3791 in
1296 3737 1476 3793 diebus
1511 3737 1630 3793 Lot.
1663 3738 2043 3796 Christianitas
2069 3756 2138 3796 ex

545 3828 796 3899 antiquo,
823 3843 944 3899 quae
968 3829 1114 3884 inter
1139 3837 1257 3885 acta
1281 3839 1365 3885 est
1393 3839 1448 3887 et
1476 3832 1680 3899 agenda
1698 3830 1926 3901 judicia,
1958 3833 2141 3887 sanxit

543 3928 600 3974 et
632 3918 997 3992 frequentavit
1018 3921 1283 3993 judicium
1313 3923 1453 3993 quod
1494 3923 1555 3977 ﬁt
1591 3937 1689 3993 per
1718 3937 1937 3994 aquam,
1969 3926 2140 3994 quod-

543 4025 652 4083 que
697 4013 798 4068 sub
844 4011 958 4069 Noe
1005 4011 1209 4069 factum
1254 4014 1434 4070 fuerat
1476 4013 1686 4083 (Cenes.
1714 4016 1866 4087 xix),
1911 4016 1967 4071 in
2009 4032 2136 4072 area

542 4104 672 4161 ﬁdei
721 4103 961 4161 liberans
1011 4105 1349 4171 innocentes,
1397 4115 1454 4161 et
1498 4107 1864 4164 condemnans
1904 4108 2135 4164 noxios:

540 4197 599 4253 in
632 4198 803 4269 ignita
853 4206 1033 4252 autem
1067 4213 1204 4268 aqua
1227 4239 1242 4265 ,
1296 4200 1438 4254 sicut
1466 4199 1668 4255 factum
1701 4208 1787 4256 est
1821 4202 1922 4257 sub
1950 4200 2054 4256 Lot
2081 4202 2136 4257 in

542 4288 690 4359 igne,
728 4299 785 4345 et
824 4290 1060 4346 ﬁendum
1092 4301 1177 4347 est
1201 4292 1255 4347 in
1287 4292 1524 4349 adventu
1553 4292 1648 4348 ﬁlii
1681 4294 1941 4361 hominis,
1975 4293 2138 4351 Petro

545 4391 866 4448 attestante,
898 4385 990 4453 qui
1015 4383 1139 4439 dicit
1164 4403 1177 4438 :
1207 4383 1362 4450 Quod
1388 4384 1503 4440 cali
1535 4393 1684 4440 erant
1713 4387 1884 4456 prius,
1917 4395 1969 4441 et
1996 4397 2136 4442 terra

544 4474 615 4527 de
636 4490 796 4544 aqua,
826 4483 877 4527 et
900 4490 994 4542 per
1020 4491 1213 4546 aquam
1237 4476 1524 4530 consistens
1570 4476 1723 4529 verbo
1756 4475 1874 4541 Dei,
1904 4493 1999 4545 per
2020 4493 2137 4549 qua!

542 4564 635 4619 iile
681 4573 805 4618 tunc
848 4565 1077 4620 mundus
1127 4565 1301 4636 periit.
1336 4564 1463 4621 Caeli
1498 4576 1674 4620 autem
1713 4567 1809 4638 qui
1834 4584 1975 4621 nunc
2010 4576 2134 4622 sunt

542 4667 592 4710 et
631 4665 773 4709 terra
816 4656 997 4711 eodem
1033 4657 1185 4711 verba
1210 4658 1425 4727 repositi
1468 4666 1592 4712 sunt
1633 4658 1742 4727 igni
1790 4657 2038 4712 reservati
2080 4657 2138 4713 in

546 4749 632 4803 die
655 4748 850 4819 [καὶεἰὶ
878 4758 924 4803 ει
941 4748 1249 4819 perditionis
1269 4748 1538 4803 hominum
1571 4747 1852 4818 impiorum
1882 4743 1969 4818 (11
1984 4743 2134 4802 Petr.

543 4856 625 4903 ιη,
652 4840 730 4912 6).
761 4840 964 4910 Aperte
992 4841 1195 4897 docens
1238 4840 1366 4910 quia
1397 4856 1505 4896 non
1557 4840 1647 4895 alii
1681 4839 1803 4896 cteli
1838 4849 1967 4897 sunt
2012 4841 2137 4912 igne

540 4934 793 5004 perituri,
816 4949 979 5005 quam
1004 4934 1097 5004 qui
1125 4948 1263 5004 aqua
1291 4933 1509 5005 perditi,
1541 4933 1646 4991 hoc
1669 4941 1776 4999 est,
1806 4931 1992 4988 inania
2016 4931 2135 4989 haec

543 5038 601 5084 et
627 5028 872 5085 nubilosa
903 5028 1113 5085 ventosi
1148 5029 1294 5084 aeris
1320 5028 1518 5098 spatia.
1568 5025 1755 5097 Neque
1797 5027 1946 5082 enim
1993 5040 2133 5095 aqua

544 5121 773 5187 diluvii,
816 5136 937 5192 qua:
982 5121 1290 5192 quindecim
1343 5128 1552 5176 tantum
1606 5118 1805 5176 cubitis
1866 5117 2133 5175 montium

543 5213 831 5268 cacumina
859 5213 1112 5278 transiit,
1161 5212 1300 5269 ultra
1350 5212 1494 5269 aeris
1530 5212 1860 5283 mtherisque
1899 5210 2134 5268 conﬁnia

540 5304 859 5377 pervenisse
909 5305 1178 5361 credenda
1208 5312 1314 5360 est.
1340 5304 1675 5376 Quocunque
1721 5312 1900 5361 autem
1945 5318 2135 5374 perve-

542 5401 668 5456 nire
714 5401 916 5472 potuit,
955 5415 1023 5456 eo
1049 5401 1309 5455 nimirum
1331 5400 1486 5471 juxta
1509 5399 1792 5471 praefatam
1816 5398 1961 5455 beati
1985 5396 2133 5453 Petri

542 5494 874 5550 sententiam
911 5533 927 5560 ,
973 5501 1031 5549 et
1080 5492 1224 5564 ignis
1263 5490 1453 5562 iudicii
1502 5490 1801 5562 perveniet.
1860 5488 1966 5545 Sed
2005 5488 2131 5558 quia

545 5585 813 5654 scriptum
829 5594 931 5649 est,
949 5584 1149 5640 Caium
1170 5592 1220 5639 et
1245 5591 1386 5640 terra
1406 5580 1935 5653 transibuntUIatth.
1954 5580 2129 5653 xxxv),

547 5684 605 5730 et
644 5674 868 5741 iterum,
912 5675 1078 5731 Terra
1100 5692 1219 5732 vero
1248 5677 1306 5730 in
1334 5685 1589 5732 a’ternum
1614 5685 1717 5730 atat
1741 5671 1942 5745 (Eccle.
1978 5690 2019 5740 1,
2046 5673 2130 5744 Δ),

547 5766 832 5824 sciendum
862 5776 963 5831 est,
986 5769 1114 5837 quia
1140 5768 1340 5824 emtum
1368 5776 1425 5821 et
1459 5776 1605 5822 terra
1628 5806 1645 5833 ,
1690 5781 1790 5837 per
1816 5782 1936 5823 eam
1964 5781 2129 5837 quam

547 5876 698 5937 nunc
726 5860 927 5933 habent
954 5861 1247 5932 imaginem
1297 5869 1604 5927 transeunt,
1656 5869 1893 5917 attamen
1922 5876 2024 5935 per
2041 5876 2130 5919 es-

2252 1991 2576 2049 sacerdotali
2629 2000 2853 2048 sanctus
2907 1990 3211 2047 insuiﬁetur
3264 1987 3525 2060 Spiritus,
3553 1984 3636 2056 qui
3662 1984 3767 2038 inter

2250 2085 2366 2155 ipsa
2401 2083 2587 2139 mundi
2636 2082 2936 2156 primordia
2986 2081 3266 2138 ferebatur
3311 2093 3472 2151 super
3512 2090 3688 2148 aquas,
3725 2080 3769 2128 nt

2246 2177 2413 2251 60E.
2453 2178 2568 2250 jam
2597 2185 2730 2233 tunc
2772 2177 3032 2232 virtutem
3085 2170 3530 2231 sanctiﬁcationis
3559 2179 3767 2240 aquarum

2248 2278 2442 2326 natura
2468 2270 2779 2338 conciperet
2804 2309 2820 2336 ,
2857 2277 2914 2322 et
2941 2283 3050 2338 quo
3084 2267 3282 2339 rubigo
3313 2264 3546 2321 omnium
3569 2256 3769 2328 excoqui-

2250 2373 2339 2420 tur
2379 2372 2725 2434 peccatorum
2750 2404 2765 2430 ,
2809 2361 2956 2418 cerei
3001 2361 3210 2416 lumine
3237 2356 3564 2414 sanetiﬁcato
3583 2348 3768 2414 accensi,

2249 2474 2280 2514 a
2313 2457 2434 2514 loco
2462 2464 2752 2512 teneantur
2775 2455 3028 2521 immissi,
3048 2455 3225 2510 donec
3246 2452 3487 2523 ejusdem
3513 2448 3656 2504 fontis
3674 2459 3771 2501 coa-

2247 2549 2481 2605 secratio
2511 2547 2845 2618 compleatur
2896 2563 2997 2618 per
3041 2562 3167 2602 eum
3220 2544 3319 2615 qui
3357 2540 3587 2600 nocentis
3629 2533 3769 2593 mundi

2248 2641 2475 2696 crimina
2501 2656 2600 2712 per
2625 2654 2797 2711 aquas
2827 2639 3056 2695 abluens
3081 2678 3098 2704 ,
3142 2633 3565 2709 regenerationis
3586 2628 3769 2701 specitur

2248 2733 2303 2788 in
2335 2731 2450 2802 ipsa
2481 2731 2668 2786 diluvii
2694 2728 2957 2787 eﬁusione
2982 2728 3257 2799 signavit,
3288 2736 3351 2783 ut
3375 2725 3531 2782 unius
3555 2719 3771 2794 ejusdem-

2247 2840 2353 2895 que
2383 2823 2639 2880 elementi
2671 2823 2952 2896 mysterio,
2976 2829 3032 2877 et
3074 2821 3198 2877 ﬁnis
3217 2806 3371 2877 esset
3410 2816 3564 2880 vitiis,
3593 2822 3640 2869 et
3658 2810 3772 2880 origo

2246 2915 2543 2970 virtutibus
2570 2955 2586 2982 ,
2617 2914 2820 2985 quique
2867 2920 3133 2968 venturus
3173 2919 3267 2966 est.
3310 2909 3548 2980 judicare
3576 2904 3704 2960 vivos
3731 2912 3758 2955 ο

2247 3015 2492 3063 mortuos
2522 3048 2536 3075 ,
2584 3015 2640 3063 et
2679 3004 2936 3063 saeculum
2986 3018 3087 3075 per
3134 3003 3343 3075 ignem.
3395 3000 3526 3069 Quia
3554 2997 3603 3051 in
3626 2992 3769 3049 eodem

2245 3098 2591 3166 baptismate,
2607 3096 2661 3151 in
2683 3110 2792 3166 quo
2805 3095 3084 3167 signanter
3103 3092 3326 3164 Moyses
3344 3089 3592 3163 propheta
3615 3083 3770 3153 lignum

2244 3189 2391 3246 velut
2427 3191 2481 3245 in
2512 3189 2793 3263 myrrhato
2834 3188 2983 3244 fonte
3026 3186 3257 3243 miserat
3283 3193 3342 3241 et
3367 3182 3652 3239 dulcoratus
3678 3182 3771 3263 est.

2242 3281 2536 3354 pmdicata
2562 3294 2660 3350 per
2683 3280 2900 3337 Domini
2929 3278 3274 3335 sacerdotem
3318 3274 3587 3345 sanguinis
3613 3262 3768 3325 Christi

2242 3387 2427 3438 cruce,
2459 3380 2571 3429 tres
2595 3388 2763 3429 unum
2794 3380 2940 3438 sunt,
2977 3387 3084 3428 non
3125 3361 3347 3434 natura,
3376 3368 3470 3426 sed
3494 3357 3770 3437 operationis

2241 3467 2525 3538 mysterio,
2568 3465 2623 3522 id
2652 3473 2739 3521 est
2763 3466 2987 3537 sanguis
3012 3462 3426 3534 redemptionis,
3453 3458 3653 3530 spiritus
3674 3465 3768 3508 san-

2240 3558 2590 3615 ctiﬁcationis
2616 3600 2632 3627 ,
2683 3566 2740 3615 et
2791 3573 2933 3629 aqua
2980 3556 3223 3624 lavacri,
3280 3557 3375 3614 ubi
3413 3550 3694 3610 exsuﬁlatus
3731 3549 3773 3598 et

2238 3656 2583 3711 exorcizatus
2640 3653 2953 3711 immundus
3009 3652 3238 3723 spiritus
3292 3651 3408 3707 exit
3450 3646 3516 3703 ab
3563 3640 3768 3699 homine.

2242 3746 2408 3818 ﬁtque
2458 3747 2643 3802 mundi
2690 3745 2992 3817 judicium,
3046 3754 3102 3800 et
3145 3744 3406 3815 princeps
3455 3736 3625 3796 mundi
3658 3733 3771 3789 foras

2239 3837 2493 3908 eiicitur;
2533 3847 2590 3894 et
2623 3837 2717 3909 qui
2767 3836 2822 3892 in
2868 3836 3097 3892 veritate
3123 3844 3232 3890 non
3276 3834 3462 3899 stetit,
3503 3825 3703 3885 mendax
3729 3826 3772 3877 et

2238 3941 2398 4005 pater
2422 3930 2694 3989 mendacii
2739 3943 2771 3984 a
2822 3928 3056 3984 veritate
3102 3936 3316 3983 naturae
3359 3923 3658 3983 secernitur,
3681 3923 3771 3984 qua

2240 4025 2309 4079 ad
2336 4025 2629 4095 imaginem
2660 4022 2757 4078 Dei
2792 4020 3009 4078 condita
3034 4060 3050 4086 ,
3109 4028 3167 4076 et
3220 4035 3291 4075 ex
3341 4034 3479 4089 aqua
3521 4023 3575 4071 et
3610 4007 3768 4079 Spiritu

2238 4124 2429 4172 sancto
2484 4120 2671 4170 renata
2695 4154 2711 4180 ,
2748 4113 2819 4169 ad
2844 4128 3002 4169 suum
3032 4110 3368 4168 reformatur
3391 4105 3706 4182 principium,
3723 4108 3773 4151 ac

2240 4205 2346 4261 ﬁde
2403 4203 2636 4260 interius
2700 4203 3052 4273 exteriusque
3108 4212 3418 4274 purgatur,
3476 4208 3531 4257 et
3560 4196 3623 4252 ab
3658 4185 3769 4247 omni

2239 4295 2496 4366 ﬁgmento
2535 4294 2808 4353 mendacii
2849 4294 3123 4364 totiusque
3145 4293 3372 4349 malitiae
3393 4291 3635 4347 innocens
3655 4292 3770 4337 com-

2237 4387 2516 4458 probatur.
2563 4385 2672 4443 Sed
2712 4395 2770 4442 et
2804 4386 2850 4442 si
2893 4386 3018 4457 quis
3055 4384 3257 4458 frigida
3289 4392 3495 4443 tantum
3527 4390 3669 4449 aqua.
3707 4366 3771 4424 νει

2238 4482 2393 4553 igniti
2449 4479 2822 4551 cujuscunque
2868 4479 3125 4536 eletnenti
3168 4478 3413 4550 judicio,
3462 4475 3512 4531 in
3545 4475 3769 4553 auctet-ein

2161 4551 2297 4670 Det
2349 4573 2766 4646 gubernatorem
2835 4570 3227 4626 elementorum
3254 4609 3271 4636 ,
3326 4581 3485 4637 quem

2244 4644 2436 4724 deliter
2494 4667 2804 4721 invocatum
2878 4663 3123 4720 sentiunt
3184 4661 3493 4731 elementa,
3547 4654 3671 4712 sicut
3706 4644 3769 4698 'in

2244 4761 2415 4834 Moysi
2474 4758 2631 4831 virga
2657 4797 2675 4825 ,
2730 4767 2788 4813 et
2829 4772 2983 4828 aqua:
3032 4757 3092 4813 in
3155 4755 3474 4828 sanguinem
3516 4758 3700 4805 versae.
3730 4743 3772 4790 οι

2242 4852 2441 4909 iterum
2468 4851 2694 4921 sanguis
2719 4851 2774 4905 in
2805 4864 2994 4920 aquas,
3021 4856 3078 4904 et
3104 4855 3259 4919 petra
3285 4860 3408 4916 qua:
3431 4840 3573 4899 dedit
3591 4842 3768 4906 aquam.

2240 4957 2297 5002 et
2323 4947 2425 5002 sub
2445 4944 2626 5002 Eliseo
2652 4934 2733 4998 sal
2768 4941 2854 4997 vel
2890 4941 3093 5014 lignum
3120 4952 3275 5009 aqua:
3307 4934 3620 4995 immissum.
3650 4921 3771 4980 ἱηάυ-

2240 5039 2433 5094 bitanti
2463 5038 2591 5105 ﬁde,
2622 5051 2745 5108 quae
2779 5044 2864 5092 est
2892 5040 3269 5106 argumentum
3292 5044 3400 5086 non
3424 5017 3767 5098 appetendum.

2241 5130 2471 5186 credens
2494 5126 2612 5184 ﬁeri
2637 5128 2776 5185 satis
2794 5126 2899 5184 sibi
2926 5124 3248 5188 decreverit,
3272 5119 3412 5177 nihil
3436 5117 3622 5175 differt.
3647 5110 3766 5209 Δψξι

2240 5223 2385 5279 enim
2435 5222 2631 5295 frigida
2654 5263 2671 5289 ,
2727 5222 2868 5279 sicut
2908 5227 2968 5278 et
2995 5221 3048 5276 in
3080 5220 3408 5291 baptismate
3450 5218 3687 5271 sacratur.
3726 5211 3767 5251 ιη

2239 5314 2443 5370 diluvio
2471 5314 2678 5370 innoxii
2711 5327 2837 5370 cum
2862 5327 2993 5369 arca
3018 5322 3147 5369 sunt
3195 5312 3263 5368 ad
3309 5308 3507 5368 colam
3542 5296 3699 5360 levati,
3725 5294 3768 5344 et

2240 5406 2390 5463 noxii
2418 5407 2639 5478 perditi,
2667 5406 2902 5478 igneque
2944 5412 3071 5462 sunt
3109 5402 3403 5461 Sodomita:
3423 5395 3587 5470 puniti
3614 5383 3764 5478 (Πάν’

2237 5514 2318 5565 xt,
2345 5477 2432 5571 t).
2460 5498 2530 5554 Et
2548 5498 2604 5554 in
2629 5477 2772 5554 libro
2799 5497 3047 5565 Numeri,
3072 5511 3214 5569 aqua
3244 5491 3465 5564 triﬁda»
3489 5486 3542 5545 ίίδ
3564 5477 3762 5581 mnum:

2232 5582 2418 5650 iuinus
2442 5593 2862 5665 imprecationes
2893 5591 3059 5662 jussit
3106 5590 3237 5658 elui,
3271 5588 3466 5643 hausta
3505 5596 3536 5637 a
3581 5573 3763 5665 mulierf

2237 5683 2503 5749 adultera,
2521 5657 3074 5755 computrescendum
3101 5680 3280 5738 femur
3317 5674 3485 5748 ipsius
3500 5657 3763 5756 δεδίωτῖ

2232 5772 2474 5832 Joannes
2523 5751 2803 5845 apostolus
2854 5775 2922 5830 de
2968 5773 3077 5831 olei
3141 5769 3406 5829 ferventis
3452 5760 3583 5825 dolio
3623 5751 3759 5849 Ῡξῖωξ

2232 5865 2455 5922 illusus.
2482 5839 2670 5936 Et'qui
2710 5878 2911 5935 aquam
2934 5863 3182 5933 aignitam
3226 5853 3503 5927 delegerit,
3538 5839 3755 5907 inullis“
