4026 6340
209 422 325 480 665

1151 414 1238 470 DE
1271 409 1602 468 DIVORTIO
1643 404 1974 463 LOTHARII
2013 407 2101 464 ET
2144 408 2563 467 TETBERGIE.

3381 411 3486 471 6ῧεῖ

211 535 474 610 quoniam
501 533 807 590 venientem
833 531 902 587 ad
937 531 1174 586 laturum
1200 528 1462 600 judicium
1503 524 1801 583 terribilem
1828 527 1880 586 Α
1907 523 2155 582 humanae
2181 528 2454 597 postulant
2494 529 2739 593 rationis,
2787 529 3044 599 quoniam
3069 538 3123 585 et
3159 531 3334 602 justas
3362 549 3494 590 coir-

205 625 449 702 j‘udicem
499 631 792 697 tempestas
847 624 1092 694 ignisque
1154 623 1556 677 comitabuntur
1583 661 1599 686 ,
1660 620 1802 675 sicut

209 723 480 793 scriptum
517 729 602 775 est
633 738 645 772 :
678 718 827 789 Ignis
858 718 911 773 in
949 729 1221 788 conspectu
1252 717 1366 787 ejus
1403 715 1636 776 ardebit,
1669 730 1714 769 et
1745 716 1798 770 in

207 815 437 870 circuitu
489 813 605 882 ejus
657 819 933 882 tempestas
983 808 1161 864 valida
1197 805 1370 880 (Psal.
1416 823 1562 871 χιιι,
1592 807 1680 879 5),
1741 816 1801 862 ut

208 912 512 976 tempestas
540 904 814 960 examinet
845 917 981 973 quos
1022 901 1163 971 ignis
1190 909 1414 967 exuret,
1441 908 1496 956 et
1527 900 1665 971 ignis
1708 900 1800 957 ille

204 1000 429 1055 futurus
461 998 663 1053 sanctis
695 997 802 1052 erit
834 997 1071 1068 pervius,
1119 995 1212 1066 qui
1257 996 1539 1065 rapientur
1566 993 1800 1049 nubibus

206 1093 429 1148 obviam
459 1092 512 1146 in
546 1105 672 1146 aera
703 1089 950 1157 Domino,
985 1097 1042 1145 et
1070 1088 1426 1145 inﬁammabit
1461 1089 1516 1143 in
1566 1087 1797 1142 circuitu

207 1184 465 1239 inimicos
489 1182 626 1254 ejus.

279 1273 551 1342 Quoniam
574 1273 790 1343 quidem
812 1273 878 1329 de
897 1272 1232 1344 purgationis
1251 1271 1456 1342 judicio
1480 1285 1578 1341 per
1601 1284 1796 1341 aquam

205 1371 516 1425 ferventem
536 1368 622 1424 vel
642 1367 891 1438 frigidam
919 1384 979 1423 se
1007 1368 1147 1422 ratio
1167 1366 1367 1432 intulit,
1386 1366 1630 1421 dicamus
1655 1364 1798 1434 quod

207 1467 436 1536 quidam
514 1467 728 1535 sagacis
793 1465 993 1536 ingenii
1046 1469 1464 1534 percunctantes
1513 1459 1796 1529 adjiciunt.

205 1556 443 1612 Constat
486 1558 766 1622 nimirum,
811 1564 869 1610 ut
895 1555 1178 1624 inquiunt,
1205 1552 1330 1622 quia
1363 1551 1418 1606 in
1462 1566 1601 1621 aqua
1633 1549 1798 1622 ignita

209 1656 525 1718 coquuntur
565 1645 860 1716 culpabiles
881 1686 895 1709 ,
928 1654 984 1700 et
1014 1644 1216 1699 innoxii
1246 1643 1547 1698 liberantur
1577 1640 1796 1704 incocti,

206 1743 336 1813 quia
367 1742 438 1796 de
472 1741 596 1811 igne
630 1739 968 1796 Sodomitico
996 1738 1099 1794 Lot
1141 1739 1323 1810 justus
1348 1735 1520 1792 evasit
1549 1736 1758 1790 inustus
1780 1774 1794 1800 ,

204 1844 260 1890 et
305 1832 526 1888 futurus
570 1831 709 1902 ignis
734 1873 750 1897 ,
781 1833 872 1902 qui
903 1831 1115 1902 praeibit
1154 1829 1452 1884 terribilem
1505 1826 1750 1882 Judicem
1776 1867 1792 1892 ,

1906 620 2084 676 tinens
2126 635 2286 687 arca,
2339 637 2444 692 qua
2489 621 2726 677 ﬁdelium
2775 631 2859 678 est
2903 621 3181 692 designata
3230 625 3491 692 Ecclesia,

1905 710 2038 767 ﬁdes
2067 720 2266 767 sanctae
2294 712 2577 769 Trinitatis
2603 729 2702 785 per
2730 715 3157 770 incarnationem
3184 714 3309 772 Jesu
3338 717 3495 774 Chri-

1903 808 1973 862 sti
2001 806 2298 873 aediﬁeata,
2344 817 2400 864 et
2439 823 2649 876 onmes,
2692 811 2758 866 de
2799 810 2996 882 quibus
3027 811 3162 868 dixit
3191 813 3490 869 Dominus:

1903 899 2056 955 Finis
2097 903 2235 956 venit
2282 890 2534 956 universae
2574 901 2789 956 carnis:
2832 919 3010 958 coram
3051 920 3134 958 me
3183 904 3376 974 repleta
3417 914 3494 959 est

1902 1007 2042 1052 terra
2070 997 2346 1066 iniquitate
2370 1015 2402 1052 a
2449 997 2585 1068 facie
2623 1013 2823 1062 eorum,
2853 1007 2900 1051 et
2939 1015 3032 1068 ego
3059 999 3359 1069 disperdam
3406 1015 3493 1053 eos

1902 1106 2020 1143 cum
2060 1101 2198 1143 terra
2231 1089 2442 1161 (Cenes;
2482 1105 2556 1155 vr,
2598 1089 2707 1160 l5),
2736 1089 3100 1160 superﬂuente
3126 1107 3264 1161 aqua
3293 1092 3491 1160 operti,

1902 1190 1956 1236 et
1981 1198 2090 1238 non
2120 1198 2310 1239 omnes
2337 1183 2605 1238 submersi
2633 1192 2778 1248 sunt,
2806 1183 2901 1238 sed
2935 1182 3141 1239 innoxii
3174 1184 3406 1248 liberati,
3439 1192 3494 1238 et

1899 1283 2073 1354 puniti
2105 1290 2232 1337 sunt
2278 1282 2424 1337 noxii
2465 1281 2606 1337 sicut
2654 1281 2918 1352 scriptum
2949 1289 3035 1336 est
3067 1298 3080 1334 :
3110 1280 3385 1352 Ingressus
3419 1288 3494 1333 est

1903 1373 2042 1440 Noe,
2077 1385 2124 1430 et
2152 1375 2249 1444 ﬁlii
2277 1376 2414 1446 ejus,
2459 1390 2594 1429 uxor
2619 1375 2733 1446 ejus
2757 1416 2771 1441 ,
2803 1385 2850 1428 et
2893 1391 3080 1430 uxores
3126 1373 3357 1443 ﬁliorum
3381 1373 3495 1441 ejus

1901 1483 2019 1521 cum
2043 1483 2103 1522 eo
2124 1467 2180 1520 in
2214 1483 2416 1531 arcam,
2456 1476 2669 1537 propter
2712 1482 2904 1537 aquam
2944 1464 3128 1520 diluvii
3154 1461 3363 1536 (Cenes.
3393 1479 3494 1526 vn,

1901 1560 1954 1632 7)
1981 1578 1996 1627 ;
2026 1568 2079 1616 et
2105 1569 2230 1631 post
2256 1559 2527 1630 paululum
2560 1578 2574 1614 :
2606 1558 2763 1630 Rupti
2786 1569 2908 1615 sunt
2934 1575 3112 1614 omnes
3136 1557 3302 1628 fontes
3326 1557 3497 1626 abyssi

1899 1669 2127 1724 magnaz,
2157 1661 2206 1708 et
2249 1662 2532 1708 cataractae
2573 1651 2687 1707 caeli
2714 1661 2908 1722 aperta:
2957 1661 3077 1705 sunt
3106 1692 3120 1716 ,
3163 1660 3211 1704 et
3242 1650 3382 1718 facta
3420 1657 3498 1702 est

1898 1744 2076 1815 pluvia
2097 1761 2254 1806 super
2273 1753 2468 1798 terram
2497 1744 2849 1813 quadraginta
2875 1743 3056 1796 diebus
3077 1750 3124 1794 et
3147 1739 3497 1811 quadraginta

1905 1839 2158 1893 noctibus.
2191 1837 2260 1893 Et
2287 1838 2453 1893 item:
2481 1838 2552 1892 Et
2575 1837 2936 1907 multiplicata:
2965 1845 3086 1890 sunt
3119 1851 3292 1904 aqute,
3342 1842 3388 1886 et
3421 1831 3498 1886 le-
3550 1831 3552 1834 ’

207 1925 417 1982 sanctis
445 1925 552 1980 erit
578 1924 865 1988 innocuus,
895 1933 951 1978 et
989 1922 1251 1980 scelestos
1277 1922 1470 1976 aduret
1495 1960 1510 1985 ,
1555 1927 1616 1973 ut
1669 1919 1798 1974 olim
1828 1901 1876 1960 Β
1904 1938 2152 1982 “verum
2193 1945 2375 1982 arcam
2402 1929 2457 1982 in
2482 1927 2702 1982 sublime
2730 1901 2769 1981 va
2807 1938 2968 1981 terra.
3011 1924 3080 1980 Et
3126 1901 3248 1994 post
3292 1937 3494 1992 pauca;

206 2016 541 2088 Babylonica
568 2015 781 2078 l'ornax,
806 2029 928 2084 qua:
949 2029 1146 2084 pueros
1167 2012 1391 2069 omnino
1417 2027 1522 2066 non
1549 2011 1800 2081 contigit,

205 2106 370 2182 ωε
401 2121 580 2178 neque
603 2107 965 2172 contristavit,
994 2105 1083 2161 vel
1111 2105 1405 2176 quidquam
1437 2101 1700 2157 molestiae
1722 2102 1803 2156 eis

207 2200 415 2265 intulit,
449 2202 545 2255 sed
573 2199 786 2256 vincula
807 2214 996 2255 eorum
1023 2200 1370 2261 comburens,
1402 2195 1642 2254 incendit
1667 2210 1804 2265 quos

206 2293 417 2364 reperit
461 2292 528 2348 de
562 2291 831 2347 Chaldmis
881 2291 1164 2347 ministros
1193 2291 1357 2360 regis,
1403 2290 1494 2360 qui
1522 2305 1641 2344 eam
1674 2304 1802 2344 suc-

205 2383 532 2440 cendebant.
567 2383 673 2440 Sed
698 2385 752 2440 in
775 2399 928 2454 aquae
958 2382 1165 2454 trigidae
1185 2383 1390 2454 judicio
1418 2397 1523 2437 non
1553 2390 1803 2439 constare

203 2477 422 2531 videtur
443 2516 458 2541 ,
492 2477 635 2545 quod
661 2476 864 2532 innoxii
895 2476 1340 2546 submerguntur,
1371 2483 1428 2529 et
1451 2489 1590 2544 aqua
1618 2473 1803 2543 culpa-

205 2566 340 2622 biles
371 2575 749 2636 supernatant,
793 2582 916 2623 cum
956 2567 1010 2620 in
1054 2565 1367 2637 cataclysmi
1408 2564 1614 2635 judicio
1644 2564 1799 2619 inno-

204 2668 393 2715 centes
413 2675 536 2714 cum
567 2675 694 2716 arca
723 2659 992 2724 levantur,
1015 2669 1070 2713 et
1094 2659 1243 2714 noxii
1269 2657 1644 2714 submersione
1673 2671 1799 2726 per-

207 2753 398 2819 ierint,
442 2761 499 2808 et
534 2751 775 2826 Egyptii
821 2754 1167 2823 insequentes
1190 2751 1449 2806 Hebraeos
1497 2764 1594 2820 per
1649 2763 1801 2804 mare

203 2846 477 2913 Rubrum,
496 2849 816 2919 respiciente
845 2848 1093 2912 Domino,
1121 2847 1174 2901 in
1201 2844 1384 2916 vigilia
1411 2843 1675 2898 matutina
1704 2857 1802 2912 per

205 2941 519 2996 columnam
548 2941 688 3012 ignis
710 2949 764 2995 et
803 2941 982 3007 nubis,
1014 2939 1282 2996 submersi
1311 2938 1420 2993 ‘sint
1450 2937 1606 3009 quasi
1627 2936 1803 3008 plum-

203 3034 335 3089 bum
368 3034 423 3088 in
452 3033 607 3102 aquis
634 3033 1066 3098 vehementibus,
1105 3043 1161 3087 et
1190 3046 1258 3088 ne
1285 3047 1427 3086 unus
1449 3030 1666 3101 quidem
1712 3045 1800 3084 su-

201 3125 412 3198 perfuit
435 3141 504 3182 ex
523 3127 621 3181 eis.
653 3127 722 3182 Et
747 3127 839 3181 ﬁlii
869 3126 1034 3182 Israel
1064 3140 1226 3196 super
1245 3126 1396 3180 littus
1424 3132 1629 3180 stantes
1657 3123 1800 3178 vide-

207 3230 337 3276 runt
372 3218 656 3291 Egyptios
692 3229 975 3286 mortuos;
1025 3229 1082 3276 et
1127 3219 1370 3276 inﬁdeles
1393 3233 1458 3274 ac
1486 3225 1799 3289 peccatores

210 3323 358 3368 terra
385 3313 654 3368 sustinere
707 3329 812 3369 non
859 3313 1055 3383 potuit,
1091 3312 1308 3383 quando
1361 3320 1547 3383 aperta
1599 3319 1703 3376 est,
1753 3320 1808 3366 et

209 3407 496 3478 deglutivit
523 3407 754 3472 Dathan,
787 3416 843 3463 et
869 3407 1087 3478 operuit
1115 3423 1278 3476 super
1333 3407 1806 3478 congregationem

207 3503 442 3558 Abiron.
481 3501 548 3557 Et
565 3501 785 3557 Petrum
809 3502 916 3557 ﬁde
942 3501 1196 3558 ﬁdentem
1224 3517 1378 3572 aqua:
1404 3500 1729 3556 instabilitas
1752 3514 1810 3554 se

213 3594 522 3649 calcantem
577 3595 879 3650 sustinuit:
929 3593 985 3648 in
1016 3594 1120 3648 ﬁde
1160 3608 1290 3650 vero
1335 3593 1672 3648 dubitantem
1696 3590 1810 3660 jam

208 3700 352 3756 pene
379 3685 672 3740 dimersum
704 3686 1008 3750 obsorbuit,
1041 3687 1258 3756 quando
1287 3701 1408 3740 eum
1453 3684 1655 3742 Christi
1683 3685 1813 3740 dex-

211 3785 334 3830 tera
387 3775 656 3830 allevavit.
721 3777 790 3832 Et
839 3777 1010 3848 ipsius
1066 3777 1308 3848 cpistola;
1363 3778 1690 3832 sententiam
1748 3779 1814 3831 de

212 3867 389 3937 ﬁgura
415 3869 756 3940 baptismatis
785 3871 838 3925 in
869 3885 996 3926 arca
1031 3869 1216 3924 diluvii
1261 3879 1598 3940 exponentes
1626 3869 1816 3928 Patres

215 3959 473 4015 catholici
499 3961 707 4027 dicunt,
749 3963 875 4032 quia
916 3976 1023 4018 non
1056 3962 1206 4028 aliis,
1240 3963 1333 4017 sed
1365 3962 1495 4032 ipsis
1522 3963 1678 4032 aquis
1701 3963 1814 4017 lue-

215 4057 374 4113 retici
400 4065 455 4111 et
481 4056 608 4111 mali
637 4057 930 4112 Christiani
959 4058 1026 4112 ad
1072 4056 1284 4113 inferna
1315 4067 1656 4126 merguntur,
1695 4057 1817 4126 qui-

215 4151 322 4206 bus
371 4149 658 4204 orthodoxi
709 4157 776 4205 et-
803 4149 933 4218 justi
983 4149 1184 4219 quique
1232 4149 1299 4202 ad
1351 4149 1597 4203 coelestia
1652 4161 1818 4218 regna

217 4241 588 4296 sublevantur.
649 4238 753 4295 Sed
801 4239 1078 4296 sciendum
1126 4239 1283 4294 nobis
1335 4249 1460 4304 est,
1520 4248 1580 4293 ut
1627 4237 1818 4293 beatus

219 4334 355 4389 dicit
387 4333 682 4403 Gregorius
717 4334 877 4401 (hom.
913 4333 985 4387 26
1013 4334 1070 4387 in
1109 4331 1360 4403 Evang.),
1400 4350 1418 4383 ί
1447 4331 1590 4401 quod
1635 4330 1818 4386 divina

219 4429 468 4499 operatio
507 4429 552 4483 si
579 4430 788 4484 ratione
811 4427 1308 4498 comprehenditur,
1335 4442 1444 4482 non
1478 4435 1565 4481 est
1592 4424 1820 4480 admira-

219 4522 383 4587 bilis;
441 4535 543 4575 nec
592 4519 726 4577 ﬁdes
756 4522 917 4576 habet
952 4520 1242 4588 meritum,
1283 4521 1370 4575 cui
1400 4521 1636 4576 humana
1678 4519 1818 4573 ratio

1904 2016 2326 2090 Consumptaque
2369 2029 2443 2073 est
2474 2019 2643 2073 omnis
2671 2034 2816 2082 caro,
2849 2034 2967 2088 qua:
2993 2017 3296 2071 movebatur
3342 2027 3498 2084 super

1904 2118 2141 2162 terram:
2173 2110 2421 2163 remansit
2461 2117 2637 2162 autem
2687 2107 2830 2163 solus
2876 2105 3010 2171 Noe,
3065 2116 3112 2160 et
3152 2106 3240 2176 qui
3273 2119 3390 2157 cum
3437 2118 3498 2156 eo

1903 2212 2052 2258 erant
2076 2204 2132 2256 in
2165 2204 2330 2275 606
2367 2190 2512 2257 arca.
2562 2203 2629 2257 Et
2671 2203 2802 2256 item
2829 2209 2953 2271 post
2977 2213 3149 2271 pauca
3180 2217 3193 2252 :
3228 2197 3294 2250 Et
3331 2195 3499 2249 clausi

1901 2305 2021 2349 sunt
2061 2294 2230 2366 fontes
2284 2296 2456 2366 abyssi
2487 2304 2536 2348 et
2583 2303 2867 2348 cataracta:
2900 2292 3033 2346 caeli.
3085 2289 3152 2345 Et
3196 2289 3365 2345 nubes
3393 2301 3500 2341 una

1904 2389 2191 2444 tenebrosa
2231 2387 2374 2442 facta
2418 2395 2502 2443 est
2551 2386 2824 2458 IEgyptiis
2860 2395 2914 2440 et
2941 2385 3207 2467 luminosa
3234 2382 3500 2445 Hebraeis,

1902 2491 1962 2538 ut
1987 2484 2183 2538 iterum
2210 2483 2469 2552 scriptum
2496 2490 2582 2537 est
2612 2501 2624 2534 :
2655 2480 2959 2550 Tollensque
2989 2475 3206 2547 angelus
3238 2473 3372 2540 Dei,
3411 2473 3501 2543 qui

1875 2575 2224 2647 prandebat
2270 2586 2444 2629 castra
2483 2573 2676 2638 Israel,
2725 2572 2851 2625 abiit
2891 2580 3005 2641 post
3031 2586 3150 2633 eos,
3193 2577 3239 2622 et
3281 2581 3397 2620 cum
3439 2579 3501 2619 eo

1902 2670 2102 2741 pariter
2123 2667 2368 2722 columna
2414 2667 2566 2721 nubis
2597 2707 2609 2729 ,
2640 2666 2819 2736 priora
2845 2663 3128 2726 dimittens,
3156 2669 3270 2730 post
3295 2668 3497 2728 tergum

1903 2761 2064 2825 stetit,
2088 2761 2226 2814 inter
2247 2768 2421 2812 castra
2444 2756 2818 2828 diggptiorum
2841 2763 2888 2808 et
2904 2762 3078 2807 castra
3103 2748 3273 2805 Israel
3299 2747 3475 2819 (Exod
3485 2787 3498 2800 .

1902 2868 2012 2915 xw,
2043 2850 2157 2921 20).
2191 2850 2260 2906 Et
2285 2858 2403 2906 erat
2428 2851 2606 2904 nubes
2631 2848 2938 2911 tenebrosa,
2983 2854 3039 2900 et
3064 2843 3374 2900 illuminans
3402 2855 3506 2895 no-

1903 2952 2063 3008 clem,
2093 2945 2168 2999 ita
2193 2951 2252 2997 ut
2278 2943 2345 2996 ad
2369 2957 2428 2997 se
2469 2941 2701 2996 invicem
2731 2949 2844 2994 toto
2873 2939 3046 2994 noctis
3079 2946 3321 3006 tempore
3350 2941 3509 2990 acce‘

1904 3039 2034 3093 dere
2060 3052 2168 3093 non
2194 3035 2456 3090 valerent.
2509 3033 2574 3088 Et
2599 3049 2705 3088 una
2734 3031 3033 3101 eademque
3070 3031 3242 3100 virga,
3283 3035 3504 3083 extenta

1905 3145 2068 3202 super
2088 3145 2258 3200 aquas
2281 3170 2295 3194 ,
2331 3143 2452 3200 quae
2474 3135 2632 3183 erant
2657 3126 2811 3196 quasi
2852 3139 2950 3196 pro
2981 3139 3138 3179 muro
3165 3139 3192 3177 a
3222 3121 3431 3178 dextris
3453 3128 3512 3176 et

1910 3237 1941 3276 a
1967 3221 2228 3288 sinistris,
2282 3220 2420 3276 tilios
2457 3217 2621 3274 Israel
2663 3215 3006 3283 transduxit,
3053 3216 3199 3270 sicut
3242 3214 3508 3283 scriptum

1911 3325 1995 3370 est
2031 3313 2186 3385 (Sap.
2223 3329 2280 3378 x,
2331 3311 2442 3384 18),
2494 3326 2594 3382 per
2646 3324 2842 3379 aquam
2876 3307 3124 3370 nimiam,
3180 3315 3236 3361 et
3287 3304 3515 3360 involvit

1911 3405 2194 3478 Egyptios
2223 3405 2278 3459 in
2323 3403 2517 3459 mediis
2557 3400 2831 3465 ﬂuctibus,
2887 3408 2947 3454 ut
2995 3413 3064 3455 nc
3113 3413 3255 3452 unus
3288 3396 3509 3466 quidem

1913 3497 2245 3570 superfuerit
2270 3511 2339 3553 ex
2379 3497 2480 3562 eis,
2531 3509 2669 3566 quos
2699 3493 2953 3549 viderunt
2979 3490 3236 3547 lsraelitae
3271 3495 3516 3544 mortuos

1915 3607 2077 3663 super
2105 3592 2253 3647 littus
2282 3591 2470 3658 maris,
2504 3605 2643 3661 quos
2669 3595 2985 3658 respexerat
3015 3585 3275 3641 Dominus
3303 3582 3354 3636 in
3378 3581 3514 3654 vigi-

1913 3685 1987 3740 lia
2021 3686 2306 3751 matutina,
2338 3693 2398 3739 ut
2425 3683 2678 3748 diximus,
2730 3681 2784 3736 in
2811 3680 3062 3736 columna
3089 3677 3228 3749 ignis
3251 3686 3307 3731 et
3332 3674 3514 3740 nubis,

1916 3789 1972 3836 et
2023 3781 2280 3851 expandit
2339 3779 2538 3833 nubem
2589 3777 2642 3832 iu
2697 3776 3088 3848 protectionem
3152 3785 3412 3835 suorum,
3461 3775 3517 3824 et

1918 3881 2096 3950 ignem
2126 3884 2188 3932 ut
2217 3877 2422 3930 luceret
2447 3874 2528 3929 eis
2555 3889 2652 3945 per
2697 3881 2910 3929 noctem
2943 3868 3116 3944 (Psal.
3144 3883 3254 3933 CIV,
3286 3865 3401 3935 '59),
3433 3864 3514 3918 vi-

1919 3970 2113 4027 delicet
2161 3967 2460 4031 Christum,
2517 3966 2608 4036 qui
2657 3975 2742 4019 est
2790 3963 3041 4020 columna
3091 3961 3229 4016 lucis
3263 3958 3517 4016 tenebras

1920 4061 2257 4118 infidelitatis
2283 4059 2580 4129 depellens,
2627 4066 2683 4112 et
2725 4057 2903 4113 lucem
2946 4055 3192 4111 veritatis
3241 4069 3304 4108 ac
3329 4054 3520 4125 gratia;

1921 4153 2181 4224 spiritalis
2230 4151 2512 4207 aﬁectibus
2542 4151 2796 4205 humanis
2843 4147 3163 4212 infundens,
3212 4154 3266 4200 et
3295 4161 3393 4215 per
3426 4160 3518 4199 co-

1919 4246 2160 4302 lumnam
2193 4245 2375 4310 nubis,
2430 4243 2523 4314 qui
2574 4250 2659 4298 est
2704 4240 2940 4312 Spiritus
2989 4246 3252 4305 sanctus;
3309 4239 3362 4292 in
3415 4253 3523 4308 quo

1920 4339 2246 4409 baptismate
2273 4345 2432 4409 typus
2479 4334 2823 4406 baptismatis
2848 4331 2962 4403 jam
2998 4332 3140 4386 sicut
3165 4341 3218 4386 et
3242 4332 3295 4386 in
3321 4331 3523 4386 diluvio

1921 4432 2346 4488 monstrabatur.
2378 4429 2569 4486 Adhuc
2610 4429 2875 4484 addamus
2901 4427 3026 4498 quia
3066 4425 3343 4481 invocavit
3378 4423 3526 4480 Elias

1921 4543 2118 4582 nomen
2147 4525 2360 4582 Domini
2399 4523 2495 4579 Dei
2521 4523 2625 4589 sui,
2655 4530 2712 4577 et
2751 4519 3034 4577 descendit
3064 4520 3130 4574 de
3177 4501 3326 4575 coelo
3360 4518 3522 4588 ignis.

223 4615 434 4684 praebet
478 4614 928 4684 experimentum.
963 4635 980 4664 ι
1036 4615 1100 4668 Εῑ
1148 4629 1271 4669 cum
1300 4612 1500 4669 Paulus
1542 4613 1819 4684 apostolus
1847 4633 1899 4694 ι)
1923 4617 2196 4674 lnvocavit
2225 4625 2281 4672 et
2307 4617 2531 4672 Elisseus
2576 4630 2772 4670 nomen
2796 4613 3031 4677 Domini,
3065 4621 3120 4668 et
3150 4612 3217 4667 de
3246 4627 3386 4682 aqua
3413 4610 3527 4665 ler-

223 4708 402 4762 dicat:
436 4707 532 4761 Est
556 4708 694 4762 enim
727 4708 860 4777 ﬁdes
882 4708 1263 4778 sperandarum
1293 4707 1586 4761 substantia
1619 4723 1818 4772 rerum,

223 4808 590 4868 argumentum
627 4815 729 4854 non
756 4800 1120 4870 apparentium
1149 4797 1337 4870 (Hebr.
1363 4815 1443 4863 x1,
1469 4801 1546 4871 1),
1577 4798 1821 4868 profecto

223 4889 396 4960 liquet
443 4893 568 4958 quia
609 4888 742 4944 ﬁdes
789 4889 998 4944 illarum
1055 4905 1234 4945 rerum
1289 4899 1668 4959 argumentum
1713 4899 1820 4956 est,

226 4996 348 5053 quae
378 4997 640 5052 apparere
668 4998 773 5036 non
811 4992 1073 5052 possunt:
1103 4998 1224 5053 qum
1244 4983 1389 5037 enim
1415 4991 1698 5053 apparent,
1708 4981 1822 5051 jam

229 5074 394 5130 ﬁdem
434 5091 540 5128 non
568 5076 787 5140 habent,
838 5077 930 5130 sed
975 5076 1328 5147 agnitionem.
1365 5095 1384 5126 ι
1420 5074 1526 5130 Sed
1557 5076 1673 5129 luec
1710 5076 1824 5145 ipsa

229 5170 613 5240 Redemptoris
666 5170 834 5224 nostri
891 5185 1055 5240 opera
1103 5168 1318 5241 (Greg.,
1366 5169 1544 5240 ibid.),
1592 5183 1712 5238 qua:
1759 5183 1827 5223 ex

230 5262 544 5332 semetipsis
577 5261 958 5332 comprehendi
987 5277 1326 5333 nequaquam
1356 5270 1602 5334 possunt,
1631 5279 1696 5316 ex
1722 5262 1828 5318 alia

227 5355 348 5425 ejus
377 5355 690 5424 operatione
714 5357 987 5424 pensanda
1017 5364 1162 5422 sunt,
1196 5364 1256 5409 ut
1300 5356 1462 5411 rebus
1488 5355 1828 5412 mirabilibus

227 5451 397 5507 ﬁdem
428 5449 706 5518 pra-beant
731 5450 871 5504 facta
916 5449 1265 5505 mirabiliora.
1307 5467 1328 5502 ο
1375 5449 1440 5503 Et
1476 5449 1680 5505 idcirco
1718 5450 1829 5505 Do-

230 5541 418 5597 minus
440 5541 682 5609 quaedam
711 5541 780 5594 de
804 5539 1102 5611 Scripturis
1130 5555 1228 5612 per
1258 5541 1603 5611 semetipsum
1635 5541 1824 5609 digna-

234 5646 324 5692 tus
371 5647 457 5691 est
481 5651 770 5706 exponere,
813 5643 873 5690 ut
911 5637 1146 5692 sciamus
1175 5649 1357 5690 rerum
1403 5635 1826 5706 signiﬁcationes

234 5744 487 5800 qumrere
531 5730 584 5784 in
630 5730 718 5784 his
757 5731 923 5783 etiam
959 5743 1080 5799 quae
1115 5741 1214 5798 per
1258 5727 1608 5795 semetipsum
1654 5725 1828 5781 noluit

238 5823 553 5895 explanare.
579 5821 732 5877 Unde
758 5821 813 5875 in
841 5835 1158 5891 reaponsum
1189 5819 1475 5890 accipiant,
1502 5817 1592 5887 qui
1620 5817 1670 5871 in
1694 5816 1830 5872 divi-

239 5922 331 5978 uis
353 5921 571 5992 iudiciis
600 5929 760 5990 atque
787 5919 1171 5977 miraculorum
1198 5918 1368 5986 signis
1401 5916 1831 5988 experimentum

1929 4732 2048 4772 rum
2094 4717 2302 4773 securis
2329 4715 2564 4771 levatum
2592 4723 2678 4770 est
2716 4715 2783 4770 ad
2812 4711 3154 4768 manubrium
3182 4710 3442 4782 ligneum,
3472 4717 3529 4764 et

1927 4809 2478 4879 supernatavitaquis
2514 4823 2528 4862 :
2571 4807 2787 4879 gravior
2831 4807 2976 4860 enim
3029 4812 3113 4860 est
3155 4802 3285 4859 ferri
3318 4803 3529 4872 species

1928 4917 2090 4971 quam
2131 4916 2396 4971 aquarum
2433 4900 2648 4971 liquor;
2705 4898 3038 4953 advertimus
3085 4894 3250 4966 igitur
3307 4890 3529 4960 majoris

1930 5011 2052 5052 esse
2079 4995 2308 5067 gratiam
2335 5010 2499 5065 quam
2540 5003 2813 5050 naturam.
2849 4991 2926 5047 De
2968 4991 3053 5047 bis
3102 4989 3357 5044 omnibus
3382 4985 3527 5041 beati

1930 5090 2202 5146 Ambrosii
2253 5089 2485 5144 suﬁiciat
2508 5087 2836 5158 explanatio,
2891 5093 2951 5140 ut
2985 5083 3165 5154 colligi
3194 5080 3366 5151 possit
3392 5079 3530 5134 assi-

1932 5183 2160 5249 milatio,
2209 5199 2308 5238 cur
2336 5183 2388 5237 in
2413 5181 2621 5252 frigidae
2663 5195 2817 5250 aqute
2841 5178 3046 5249 judicio
3072 5175 3231 5229 unius
3259 5173 3353 5229 ﬁat
3381 5187 3498 5226 mer

1932 5277 2030 5342 sio,
2065 5275 2286 5330 alterius
2324 5274 2642 5329 sublevatio.
2685 5273 2775 5326 Ait
2801 5272 2944 5325 enim
2975 5270 3028 5324 in
3057 5268 3196 5323 libro
3240 5265 3307 5320 de
3333 5263 3528 5319 Sacra-

1929 5367 2128 5422 mentis
2155 5368 2268 5422 sive
2298 5366 2569 5438 mysteriis
2593 5363 2703 5436 (lib.
2747 5379 2810 5427 n,
2849 5379 2896 5416 c.
2929 5361 2983 5431 6)
3015 5375 3030 5414 :
3067 5377 3086 5410 ί
3116 5355 3524 5420 Verumtamen,

1931 5476 2000 5516 ne
2027 5461 2078 5514 in
2106 5461 2210 5517 hoc
2260 5459 2458 5514 saeculo
2485 5457 2685 5514 diaboli
2731 5457 2883 5512 fraus
2922 5455 3008 5511 vel
3037 5453 3248 5510 insidia:
3274 5450 3536 5524 praevale-

1929 5560 2073 5617 rent,
2124 5553 2400 5606 inventum
2451 5557 2537 5604 est
2587 5547 2895 5618 baptisma;
2937 5548 3003 5604 de
3055 5562 3162 5617 quo
3203 5533 3532 5615 baptismate

1932 5641 2056 5696 audi
2096 5640 2225 5712 quid
2247 5640 2393 5695 dicat
2418 5637 2721 5708 Scriptura,
2759 5639 2869 5693 imo
2895 5637 3065 5694 Filius
3089 5638 3207 5705 Dei,
3235 5638 3361 5708 quia
3391 5634 3537 5692 Pha-

1931 5734 2098 5800 risaei,
2153 5732 2246 5803 qui
2291 5731 2581 5788 noluerunt
2637 5731 2902 5802 baptizari
2963 5731 3233 5802 baptismo
3285 5729 3530 5796 Joannis,

1934 5823 2219 5879 consilium
2247 5823 2342 5878 Dei
2365 5831 2687 5893 spreverunt
2714 5841 2728 5891 ;
2763 5839 2893 5895 ergo
2917 5824 3218 5893 baptismus
3247 5823 3532 5878 consilium

1935 5915 2032 5971 Dei
2059 5923 2162 5972 est.
2197 5933 2217 5967 ι
2267 5915 2334 5971 Et
2357 5925 2480 5995 post
2501 5915 2807 5990 paululum-
2858 5935 2878 5968 ι
2915 5915 3071 5997 Quod
3101 5914 3318 5992 mergis,
3363 5913 3531 5982 solvi-
