4026 6340
610 564 621 576 ,
646 498 750 558 067

1631 484 1962 542 HlNCMAlll
2001 478 2393 537 RHEMENSIS
2434 479 2950 535 anetttertscort
3738 496 3809 549 σα
3912 446 3913 449 γ

644 622 733 671 tur
758 607 1023 668 sententia
1047 605 1138 663 illa
1164 621 1176 660 :
1207 602 1371 659 Terra
1397 618 1473 670 es,
1495 609 1543 659 et
1565 601 1621 659 in
1639 610 1836 656 terram
1860 599 1979 655 ibis.
2002 595 2226 669 lmpleta
2256 599 2305 660 Α
2335 597 2421 653 tiae
2447 598 2780 664 conﬁtendo,
2819 609 2873 654 et
2905 613 3002 669 per
3024 599 3414 657 confessionem
3441 604 3654 662 veritatis
3673 624 3810 668 conse-

641 703 930 770 sententia,
988 700 1137 757 locus
1183 706 1270 756 est
1307 697 1575 755 beneﬁcio
1606 694 1957 765 remedioque
2000 692 2228 749 cmlesti.

640 797 781 869 Ergo
818 809 957 866 aqua
981 794 1048 851 de
1077 802 1249 851 terra.
1300 788 1638 846 Possibilitas
1661 796 1841 845 autem
1881 787 2004 843 vitae
2034 794 2233 842 nostrae

639 902 748 944 non
777 885 1098 943 admittebat
1144 893 1203 939 ut
1229 892 1373 941 terra
1400 881 1759 952 operiremnr,
1787 888 1843 935 et
1877 879 1944 935 de
1968 886 2113 934 terra
2141 891 2229 932 re-

639 994 998 1051 surgeremus.
1030 975 1233 1033 Deinde
1258 991 1365 1031 non
1390 982 1534 1031 terra
1561 972 1724 1038 lavat,
1755 972 1849 1029 sed
1873 986 2012 1042 aqua
2062 970 2224 1026 lavat.

638 1072 758 1127 ideo
787 1070 907 1127 fons
951 1070 1104 1141 quasi
1135 1067 1406 1139 sepultura
1464 1073 1562 1121 est.
1612 1087 1629 1119 ι
1665 1065 1951 1126 Caeterum,
2006 1071 2065 1118 ut
2101 1062 2231 1117 dicit

634 1164 923 1235 Apostolus
950 1182 965 1217 :
993 1161 1176 1221 Omnis
1226 1162 1487 1231 scriptura
1528 1160 1773 1214 divinitus
1805 1158 2061 1228 inspirata
2085 1153 2229 1209 utilis

635 1266 712 1311 est
748 1256 817 1310 ad
867 1254 1179 1319 docendum,
1227 1252 1296 1306 ad
1321 1250 1669 1322 urguendum,
1719 1249 1788 1303 ad
1819 1245 2226 1318 surripiendum,

636 1349 705 1405 ad
736 1346 1078 1402 erudiendum
1110 1346 1163 1399 in
1196 1345 1431 1414 justitia,
1466 1353 1519 1397 ut
1545 1343 1806 1415 perfectus
1841 1342 1907 1396 sit
1931 1342 2084 1395 homo
2130 1338 2229 1393 Dei

636 1440 705 1495 ad
735 1455 885 1494 omne
919 1455 1046 1508 opus
1074 1437 1265 1493 bonum
1304 1436 1585 1489 instructus
1614 1432 1701 1501 (II
1738 1432 1872 1488 Tim.
1904 1448 1988 1498 ut,
2018 1430 2127 1502 16).
2162 1429 2223 1485 Et

639 1531 779 1587 sicut
830 1531 884 1585 in
914 1528 1135 1585 Patrum
1185 1527 1575 1583 catholicorum
1604 1525 1761 1581 dictis
1798 1525 2047 1596 legimus,
2080 1539 2225 1578 utar-

634 1621 863 1693 garitum
893 1627 977 1675 est
1000 1634 1178 1675 sermo
1204 1618 1440 1685 divinus,
1488 1617 1631 1687 quod
1662 1632 1730 1672 ex
1772 1616 1920 1671 omni
1965 1623 2119 1685 parte
2147 1614 2225 1669 fo-

634 1712 742 1767 rari
773 1719 990 1782 potest;
1043 1720 1097 1765 et
1131 1710 1223 1782 qui
1254 1710 1320 1765 ad
1366 1709 1780 1765 instructionem
1822 1706 2057 1763 lidclium
2089 1707 2220 1763 scri-

631 1812 913 1873 pturarum
957 1800 1267 1856 testimonia
1296 1798 1520 1869 profert,
1571 1798 1786 1853 etiamsi
1816 1798 1975 1853 aliter
2006 1798 2093 1852 illa
2129 1812 2224 1852 ex-

629 1895 891 1966 posuerit,
908 1909 1070 1964 quam
1085 1908 1146 1949 ea
1161 1893 1525 1949 intellexerint
1547 1908 1641 1964 per
1657 1906 1791 1961 quos
1808 1890 1958 1948 fuere
1986 1890 2195 1963 prolata

634 2003 739 2043 non
757 1985 1147 2042 estfabricator
1158 1986 1422 2042 mendacii
1441 2003 1455 2039 :
1483 1984 1632 2043 salvo
1646 1983 1907 2053 majorum
1927 1983 2222 2049 intellectu,
2258 1970 2302 2029 Β

631 2080 761 2138 hinc
789 2081 963 2137 dicam
986 2081 1130 2152 quod
1152 2095 1217 2135 ex
1234 2095 1420 2134 eorum
1443 2078 1621 2135 verbis
1641 2094 1739 2147 pro
1762 2078 2056 2149 exiguitate
2076 2078 2225 2149 inge-

631 2171 759 2227 nioli
782 2171 883 2227 mei
907 2171 1224 2243 exsculpere
1248 2170 1583 2241 conjiciendo
1602 2185 1762 2242 posse
1785 2170 2049 2240 suspicor.
2090 2168 2225 2225 San-

632 2273 750 2319 ctus
778 2263 1065 2335 Apostolus
1095 2264 1251 2320 docet
1304 2262 1544 2319 Rubrum
1592 2278 1763 2328 mare,
1793 2263 1934 2333 quod
1960 2263 2061 2317 sub
2087 2262 2222 2318 duce

631 2358 793 2431 607
837 2357 1015 2430 Moyse
1058 2366 1243 2429 patres
1274 2357 1443 2413 nostri
1487 2356 1859 2423 transierunt,
1894 2356 2219 2427 baptismum

630 2451 832 2507 Christi
865 2452 1123 2522 sanguine
1153 2434 1504 2513 rubricatntn,
1532 2457 1587 2504 et
1631 2449 1745 2518 ipse
1791 2447 2003 2519 Moyses
2027 2447 2218 2502 ducem

629 2540 928 2606 Christum,
953 2542 1041 2611 qui
1068 2557 1164 2615 nos
1193 2556 1288 2612 per
1313 2541 1635 2610 baptismum
1663 2540 1847 2595 eduxit
1866 2543 1933 2595 de
1961 2539 2217 2611 Egyptia

630 2634 893 2688 servitute
921 2634 987 2688 ad
1018 2643 1217 2688 terram
1249 2632 1706 2703 repromissionis,
1730 2632 1979 2688 videlicet
2000 2634 2066 2688 de
2094 2650 2219 2704 pec-

629 2724 736 2779 cati
766 2726 1047 2789 servitute,
1076 2733 1129 2778 et
1173 2725 1360 2777 mortis
1392 2723 1785 2786 dominatione,
1819 2724 1871 2777 in
1908 2722 2213 2780 libertatem

628 2816 813 2888 glorias
844 2817 1074 2871 ﬁliorum
1104 2816 1219 2882 Dei,
1246 2824 1301 2869 et
1327 2816 1381 2870 in
1405 2830 1627 2885 regnum
1660 2824 1877 2869 aeterna:
1906 2816 2051 2881 vitae,
2079 2831 2215 2885 pm:-

631 2907 913 2979 ﬁguravit,
946 2907 1088 2963 sicut
1124 2915 1179 2960 et
1222 2915 1372 2975 petra
1416 2920 1513 2976 per
1556 2907 1825 2960 desertum
1877 2921 2216 2975 consequens

631 3001 908 3074 populum,
939 3001 1031 3073 qui
1079 3016 1177 3057 nos
1213 3002 1266 3056 in
1306 3017 1490 3057 eremo
1520 3000 1675 3057 istius
1712 2999 1893 3056 smculi
1941 3000 2213 3072 mysteriis

630 3093 745 3149 suis
768 3092 1137 3163 consequitur.
1166 3090 1317 3147 Unde
1344 3093 1474 3146 item
1491 3091 1701 3147 dicitde
1720 3091 2043 3159 baptismate
2072 3092 2211 3145 idem

630 3180 920 3252 Apostolus
951 3195 966 3235 :
996 3179 1307 3252 Quicunque
1361 3182 1609 3253 baptizati
1657 3197 1838 3235 sumus
1892 3180 1948 3235 in
2004 3180 2211 3235 Christo

629 3274 797 3342 lesu,
851 3276 907 3330 in
964 3284 1129 3330 morte
1162 3275 1325 3346 ipsius
1369 3275 1617 3346 baptizati
1663 3290 1878 3339 sumus;
1924 3272 2211 3337 consepulti

629 3366 768 3422 enim
794 3382 974 3421 sumus
1001 3383 1120 3421 cum
1155 3366 1247 3420 illo
1272 3382 1364 3436 per
1402 3366 1716 3434 baptismum
1752 3366 1804 3418 in
1834 3373 1996 3418 morte
2028 3363 2205 3435 (Rom.

628 3472 705 3526 vt,
734 3458 812 3530 5).
842 3476 860 3510 ι
899 3456 1038 3526 Quid
1063 3465 1166 3523 est,
1197 3456 1370 3526 inquit
1399 3456 1635 3513 Joannes
1668 3457 2119 3529 Cbrysostomus,
2156 3459 2208 3514 in

633 3558 810 3605 morte
832 3550 998 3617 ipsius
1029 3547 1287 3620 baptizati
1328 3548 1549 3604 sumus?
1590 3558 1649 3603 ιιι
1678 3558 1732 3603 et
1762 3550 1861 3620 ipsi
1892 3551 2208 3618 moriamur,

632 3638 772 3694 sicut
819 3646 874 3693 et
918 3638 1024 3692 ille.
1059 3638 1205 3691 Crux
1252 3634 1395 3694 enim
1445 3647 1527 3693 est
1555 3638 1842 3707 baptisma.
1892 3640 2046 3707 Quod
2083 3656 2211 3712 ergo

627 3746 761 3785 crux
810 3722 1009 3786 Christi
1063 3738 1117 3783 et
1170 3729 1514 3801 sepulcrum,
1575 3730 1678 3786 hoc
1731 3730 1887 3786 nobis
1943 3732 2206 3801 baptisma

628 3820 830 3878 factum
872 3830 976 3889 est,
1009 3822 1220 3877 tametsi
1262 3839 1367 3878 non
1416 3823 1618 3878 eisdem
1669 3824 1820 3894 ipsis.
1871 3826 2209 3897 Quapropter

625 3928 733 3969 non
763 3912 918 3981 dixit,
936 3912 1280 3987 complantati
1308 3915 1492 3982 morti,
1514 3917 1606 3973 sed
1630 3917 1967 3974 similitudini
1994 3919 2205 3987 mortis,

624 4020 738 4076 ipse
769 4020 1000 4078 namque
1026 4021 1189 4063 carne
1217 4019 1271 4063 et
1298 4017 1547 4072 mortuus
1574 4016 1657 4067 est
1694 4019 1748 4064 et
1788 4011 2061 4082 sepultus,
2107 4028 2207 4069 nos

623 4106 803 4152 autem
850 4106 1077 4170 peccato
1126 4098 1179 4154 in
1219 4106 1468 4172 utroque.
1515 4120 1532 4153 ι
1576 4099 1779 4171 Quibus
1823 4102 1979 4158 dictis
2028 4101 2204 4176 colligi

620 4204 779 4261 posse
806 4188 1017 4246 videtur
1047 4199 1105 4246 ut
1131 4192 1475 4264 consepultus
1504 4191 1721 4248 Christo
1751 4209 1847 4264 per
1872 4195 2201 4265 baptismum

620 4280 674 4339 in
705 4296 934 4341 mortem
955 4328 970 4353 ,
1013 4298 1067 4343 et
1109 4286 1368 4342 liberatus
1406 4304 1503 4359 per
1531 4289 1777 4343 eumdem
1809 4288 2133 4360 baptismum
2170 4308 2202 4346 a

620 4388 825 4445 morte,
868 4389 921 4433 et
963 4395 1061 4449 per
1102 4388 1383 4451 peccatum
1424 4379 1493 4435 ad
1527 4379 1771 4435 eamdem
1804 4383 2119 4439 servitutem
2148 4395 2203 4439 et

619 4462 846 4526 mortem
891 4488 1182 4528 reversus:
1215 4471 1438 4540 Anima,
1490 4472 1687 4544 inquit,
1731 4490 1848 4543 quae
1891 4475 2197 4545 peccaverit,

617 4564 731 4633 ipsa
772 4563 1023 4617 morietur
1049 4562 1265 4631 (Ezeclt.
1298 4581 1451 4632 xvttt,
1492 4564 1525 4619 4
1553 4574 1606 4621 et
1639 4566 1751 4637 20).
1791 4564 2201 4636 Cotuplautctur

2334 690 2666 809 pclietttrrin.
2698 707 2860 798 aqua,
2900 694 3053 763 quasi
3091 697 3479 799 quodammodo
3503 700 3812 770 complanatis
3914 724 3915 809 χ

2334 782 2669 841 similitudini
2701 785 2892 843 mortis
2924 786 3218 843 verissimze
3242 789 3496 853 veritatis,
3534 790 3742 850 liberatus
3766 798 3812 854 ab

2332 877 2520 933 eadem
2547 878 2795 934 veritate.
2828 878 3122 950 Colligatur
3160 888 3337 937 autem
3381 880 3501 938 fune
3545 884 3624 953 qui
3664 890 3812 943 exami-
3914 924 3915 945 ι

2333 970 2539 1025 nandus
2582 971 2637 1026 in
2666 987 2862 1042 aquam
2893 972 3202 1037 dimittitur,
3236 975 3388 1044 quia,
3417 983 3473 1031 ut
3497 977 3717 1048 scriptun
3733 991 3810 1048 est,

2330 1060 2546 1117 funibus
2586 1070 2931 1132 peccatorum
2970 1079 3188 1120 suorum
3222 1066 3577 1135 unusquisque
3609 1071 3811 1124 oenatria.

2329 1157 2491 1227 gitur.
2523 1156 2622 1224 Qui
2657 1159 2727 1213 ob
2756 1159 2889 1212 duas
2919 1174 3111 1213 causas
3149 1159 3391 1229 colligari
3419 1160 3631 1226 videtur,
3665 1163 3812 1219 scilicet

2330 1265 2398 1306 ne
2420 1259 2513 1306 aut
2540 1250 2773 1321 aliquam
2798 1252 2969 1321 possit
2993 1252 3236 1308 fraudem
3275 1253 3328 1308 in
3346 1252 3542 1322 judicio
3568 1253 3737 1320 facere.
3753 1266 3814 1311 aut

2328 1340 2372 1396 si
2404 1357 2542 1410 aqua
2575 1340 2720 1397 illum
2751 1342 2897 1399 velut
2927 1342 3202 1399 innoxium
3242 1344 3521 1414 receperit,
3557 1360 3618 1400 ne
3651 1346 3694 1400 in
3720 1361 3813 1416 aqua

2327 1430 2678 1502 periclitetur,
2708 1433 2775 1488 ad
2804 1441 3018 1505 tempus
3047 1433 3220 1489 valeat
3250 1434 3469 1490 retrahi.
3493 1433 3611 1489 Nam
3633 1444 3680 1490 et
3698 1435 3812 1491 lata-

2328 1540 2422 1579 rus
2471 1525 2864 1593 quatriduanus
2902 1534 3169 1592 mortuus,
3228 1541 3324 1596 per
3379 1540 3532 1595 quem
3577 1525 3812 1595 designatur
3916 1538 3917 1596 ι

2326 1614 2558 1686 quisque
2585 1616 2874 1673 criminum
2906 1616 3048 1672 mole
3086 1615 3349 1687 sepultus,
3372 1616 3559 1687 ligatus
3581 1616 3741 1672 institis
3759 1632 3813 1670 ss-

2325 1705 2522 1777 pultus,
2567 1716 2620 1761 et
2646 1708 2851 1763 eisdem
2880 1707 3163 1780 colligatus
3191 1709 3393 1765 institis
3431 1723 3460 1763 a
3488 1708 3722 1777 sepulcro,
3745 1710 3813 1763 Do-
3916 1712 3917 1719 ‘

2326 1798 2475 1852 mino
2506 1806 2749 1863 vocante,
2794 1798 2992 1870 legitur
3035 1814 3327 1871 egressus,
3375 1808 3429 1854 et
3472 1798 3621 1868 ipsius
3643 1798 3759 1868 jussu
3791 1817 3811 1852 α

2325 1890 2602 1961 discipulis
2651 1892 2952 1962 disligatus.
3004 1892 3072 1946 Et
3130 1893 3234 1948 hoc
3277 1892 3643 1949 examinandas
3672 1891 3813 1960 judicio

2330 1981 2611 2054 colligatus
2653 1983 2708 2041 in
2753 2000 2950 2054 aquam
2998 1983 3312 2050 dimittitur,
3339 1992 3396 2040 et
3429 1982 3678 2051 colligatus
3700 1992 3812 2037 retra-

2322 2078 2492 2145 hitur,
2522 2088 2578 2135 et
2605 2086 2699 2136 aut
2726 2090 2987 2152 purgatus
3016 2082 3204 2138 statim
3228 2080 3435 2150 judicio
3455 2081 3734 2137 arbitrorum
3750 2080 3811 2135 ab-

2321 2170 2566 2236 solvitur,
2592 2181 2686 2227 aut
2710 2188 2879 2243 usque
2907 2174 2974 2229 ad
3001 2176 3377 2245 purgationem
3401 2173 3809 2247 colligatusjudicio

2320 2264 2680 2320 examinatur.
2710 2266 2776 2321 Et
2807 2267 2935 2322 item
2976 2268 3028 2322 in
3060 2280 3217 2323 sacra
3261 2268 3481 2324 historia
3511 2268 3703 2337 legimus
3725 2267 3807 2337 quia

2319 2355 2467 2410 venit
2488 2355 2632 2411 Elias
2657 2358 2722 2410 ad
2744 2356 3035 2413 Jordanem
3058 2373 3181 2413 cum
3206 2358 3468 2430 discipulo
3492 2358 3806 2431 Bosﬁlism.

2318 2457 2373 2502 et
2404 2446 2639 2504 involuto
2676 2448 2840 2518 pallio
2884 2464 2982 2505 suo
3010 2452 3283 2520 percussit
3310 2466 3503 2521 aquas,
3545 2467 3649 2522 qua:
3683 2449 3808 2503 divisa

2317 2547 2474 2604 sunt,
2503 2547 2559 2594 et
2602 2540 2932 2595 transierunt
2979 2541 3159 2597 ambo.
3211 2541 3403 2597 Postea
3450 2542 3625 2596 levavit
3656 2539 3809 2594 Elissae

2318 2631 2537 2700 pallium
2565 2631 2693 2686 Elia:
2713 2633 2856 2702 quod
2886 2632 3157 2689 ceciderat
3182 2634 3259 2699 ei,
3289 2642 3346 2689 et
3367 2633 3577 2690 veniens
3603 2632 3660 2686 ad
3679 2628 3808 2684 larda.

2316 2738 2440 2778 nem
2464 2724 2727 2794 percussit
2748 2739 2936 2793 aquas,
2959 2734 3124 2794 atque
3141 2725 3398 2780 invocato
3419 2725 3542 2789 Deo,
3561 2723 3670 2779 Elite
3688 2721 3810 2776 divisit

2316 2829 2381 2869 ac
2410 2814 2645 2870 transiit.
2681 2814 2846 2870 [lecte
2874 2816 3019 2870 enim
3049 2830 3144 2885 per
3167 2813 3460 2871 Jordanem
3495 2814 3649 2868 fluxus
3672 2819 3809 2866 nostra

2317 2906 2662 2961 mortalitatis
2688 2906 3035 2976 exprimitur,
3062 2907 3188 2976 quia
3218 2915 3280 2962 et
3322 2907 3560 2962 Jordanis
3590 2904 3738 2959 Latine
3760 2899 3806 2953 tli-

2314 3000 2456 3055 citur
2482 3001 2772 3055 descensus
2791 3014 2998 3062 eorum,
3025 2999 3233 3055 scilicet
3261 2998 3678 3056 Christianorum.
3699 2991 3805 3059 Quia.

2317 3094 2488 3167 inquit
2514 3093 2806 3166 Gregorius
2842 3094 3058 3166 (Horat.
3098 3110 3299 3163 χχχιιι,
3332 3112 3448 3165 cap.
3481 3094 3551 3165 6),
3578 3094 3625 3149 in
3641 3088 3808 3147 Jordattc

2312 3183 2533 3241 ﬂumine
2561 3186 2677 3256 ipse
2723 3194 2911 3243 auctor
2956 3186 3352 3257 redemptionis
3391 3193 3578 3243 nostrae
3616 3176 3806 3251 baptizari

2318 3275 2567 3347 dignatus
2597 3284 2703 3343 est,
2726 3285 2874 3333 recte
2891 3276 3140 3335 Iordanis
3164 3279 3388 3334 nomine
3406 3291 3579 3334 eorum
3601 3268 3807 3329 multitudo

2319 3368 2665 3437 exprimitur,
2694 3370 2784 3439 qui
2823 3370 2967 3425 inter
3001 3379 3401 3426 sacramentum
3442 3364 3727 3439 baptismatis
3753 3370 3806 3415 te-

2315 3466 2531 3513 nentur.
2570 3456 2722 3515 Unde
2754 3460 3017 3531 scriptum
3062 3471 3147 3517 est
3186 3462 3239 3516 in
3274 3461 3377 3518 Job
3400 3462 3465 3517 de
3490 3454 3803 3527 antiquoboste

2314 3552 2533 3607 humani
2557 3554 2771 3623 generis
2799 3572 2812 3608 :
2846 3553 2915 3608 Et
2940 3554 3091 3610 habet
3114 3554 3375 3625 ﬁduciam
3392 3553 3523 3627 quod
3542 3552 3698 3622 inﬂuat
3721 3545 3805 3600 Jor—

2313 3644 2465 3699 dauis
2510 3645 2563 3699 in
2593 3662 2649 3701 os
2692 3647 2807 3715 ejus
2855 3644 2977 3718 (Job
3008 3664 3096 3712 χι..
3131 3647 3243 3719 l8).
3289 3647 3422 3718 Quia
3462 3654 3703 3718 postquam
3724 3636 3805 3694 inii.

2312 3735 2459 3791 deles
2498 3753 2743 3809 quosque
2784 3754 2817 3793 a
2857 3739 3042 3795 mundi
3090 3740 3304 3812 origine
3351 3740 3551 3811 rapuit,
3596 3736 3735 3792 adhuc
3767 3742 3804 3783 te

2310 3843 2468 3898 posse
2510 3829 2788 3899 suscipere
2830 3830 2996 3885 etiam
3044 3830 3232 3887 ﬁdeles
3279 3830 3563 3903 prmsumit.
3607 3824 3717 3882 Nam
3739 3834 3802 3875 ore

2308 3920 2579 3992 pestiferae
2610 3924 2977 3993 petsuasionis
3003 3938 3098 3979 eos
3122 3925 3367 3994 quotidie
3394 3923 3617 3984 devorat,
3652 3917 3695 3971 in
3720 3910 3803 3981 (Μ’

2306 4015 2409 4071 bus
2435 4032 2465 4070 a
2489 4015 2829 4072 confessione
2861 4017 2985 4071 ﬁdei
3022 4016 3253 4087 reproba
3277 4019 3388 4072 vita
3415 4015 3675 4070 discordat.
3694 4002 3801 4061 Unde

2306 4121 2369 4161 ac
2396 4108 2439 4162 si
2464 4108 2625 4177 pallio
2652 4108 2781 4164 Elia:
2807 4108 3049 4164 involuto
3076 4123 3218 4179 aqua
3248 4108 3567 4181 percutitur,
3595 4111 3642 4157 et
3664 4092 3801 4153 dividi-
3852 4146 3861 4159 ,

2308 4207 2411 4261 tur,
2443 4209 2498 4253 et
2520 4215 2615 4270 per
2640 4215 2760 4254 eam
2789 4201 3051 4256 transitus
3079 4209 3437 4272 pmparatur,
3463 4194 3654 4269 quando
3676 4187 3798 4245 tales.

2305 4298 2363 4345 ut
2385 4290 2747 4363 praemisimus
2767 4305 2834 4345 ex
2859 4291 3038 4347 verbis
3057 4293 3229 4349 sancti
3255 4292 3515 4364 Gregorii,
3532 4286 3797 4355 colligam“

2303 4381 2439 4438 etin
2482 4396 2678 4451 aquam
2725 4382 3110 4439 dimittuntur:
3140 4393 3195 4438 et
3233 4384 3391 4454 quasi
3420 4396 3550 4453 aqua
3587 4373 3797 4433 dividitur.

2303 4487 2424 4528 cum
2447 4482 2542 4529 aut
2571 4475 2831 4545 quosdam
2857 4491 2996 4547 aqua
3027 4476 3251 4549 recipit,
3274 4487 3331 4532 et
3359 4474 3590 4532 innoxios
3606 4462 3794 4525 ostendit.

2304 4573 2397 4620 aut
2424 4566 2683 4634 quosdam
2715 4563 2924 4635 reiicit,
2954 4576 3009 4623 et
3048 4568 3238 4624 noxios
3265 4583 3383 4625 esse
3411 4567 3703 4621 demonstrat
3725 4572 3737 4608 ε
3757 4558 3795 4606 οι

618 4653 959 4761 similitudini
1002 4657 1192 4761 mortis
1219 4655 1270 4710 in
1301 4672 1457 4726 aqua,
1504 4666 1562 4711 ut
1590 4665 1681 4711 aut
1719 4657 1913 4713 noxius
1954 4673 2200 4730 compro-
2225 4699 2279 4761 Β
2307 4658 2566 4714 transitus
2591 4668 2948 4730 praeparatur,
2981 4674 3103 4714 cum
3144 4669 3238 4715 aut
3279 4661 3490 4732 quidatu
3534 4670 3561 4709 a
3603 4641 3798 4761 reputatif

620 4745 799 4810 battis,
823 4745 952 4802 velit
980 4745 1131 4813 nolit,
1158 4748 1282 4819 quia
1313 4762 1454 4820 saepe
1485 4750 1621 4804 bona
1648 4749 1829 4805 invitis
1852 4758 2194 4821 prmstantur,

615 4838 953 4907 conﬁteatur,
981 4848 1033 4894 et
1064 4856 1159 4912 per
1178 4842 1570 4897 emendationis
1605 4857 1669 4898 ac
1696 4844 2050 4899 correctionis
2070 4860 2199 4900 con-

612 4931 901 4989 fessionem
944 4933 1202 4990 liberetur
1237 4935 1431 4990 iterum
1474 4950 1505 4990 a
1546 4944 1720 4990 morte
1763 4936 2036 4992 commiSsi
2078 4954 2196 5009 pec-

612 5024 719 5082 cati
752 5044 763 5078 :
798 5034 887 5080 aut
914 5025 1165 5082 innoxius
1206 5026 1299 5082 Dei
1342 5024 1547 5095 judicio
1582 5027 2020 5089 demonstratus,
2052 5029 2195 5085 inter

608 5118 813 5188 peccati
862 5133 984 5173 reos
1028 5133 1134 5174 non
1182 5127 1431 5174 teneatur
1476 5133 1505 5173 a
1555 5120 1742 5185 nobis,
1796 5118 2192 5191 complantatus

610 5210 946 5266 similitudini
976 5211 1167 5267 mortis
1188 5211 1243 5265 in
1272 5225 1431 5282 aqua.
1460 5209 1604 5265 Mare
1625 5200 1844 5283 quippe,
1868 5212 2007 5267 sicut
2030 5226 2192 5282 supra

606 5311 883 5357 ostensum
920 5312 1023 5367 est,
1062 5303 1327 5374 baptisma
1359 5302 1646 5373 designans
1686 5304 1819 5357 nihil
1862 5302 1914 5357 in
1956 5319 2013 5359 se
2052 5320 2193 5361 mor-

610 5398 761 5445 tuum
791 5392 1008 5458 retinet,
1038 5392 1201 5464 quod,
1233 5401 1287 5447 ut
1313 5394 1570 5465 scriptum
1596 5401 1709 5459 est,
1744 5400 1984 5449 mortuos
2027 5394 2191 5467 Egy-

611 5481 752 5550 ptios
795 5481 953 5551 ejecit
996 5498 1159 5555 super
1207 5486 1375 5540 littus.
1432 5487 1571 5557 lirgo
1614 5484 1903 5557 Egyptius
1946 5496 2192 5544 mortuus

611 5570 805 5644 (Exod.
842 5590 952 5642 xtv,
996 5574 1112 5648 3i),
1145 5574 1197 5631 id
1236 5586 1319 5633 est
1358 5587 1580 5650 peccato
1618 5578 1915 5642 obnoxius,
1952 5578 2189 5648 quandiu

610 5664 856 5732 negando
876 5667 931 5721 in
962 5668 1166 5738 peccati
1201 5669 1284 5724 sui
1316 5677 1487 5725 morte
1515 5679 1731 5737 manet,
1766 5669 1834 5726 ab
1872 5685 2009 5741 aqua
2041 5671 2192 5727 invo-

610 5754 825 5812 catione
854 5759 1113 5825 veritatis,
1150 5776 1268 5829 qua:
1293 5760 1542 5818 Christus
1568 5772 1681 5831 est,
1720 5762 2056 5818 sanctiﬁcata
2085 5780 2189 5819 non

611 5844 891 5915 recipitur,
925 5861 1029 5900 non
1057 5856 1289 5903 tenetur.
1324 5849 1520 5905 Veniat
1550 5860 1729 5905 autem
1757 5851 1952 5924 ligatus
1985 5853 2187 5910 institis

615 5934 958 6009 ltthuitatum
981 5950 1197 5992 suarum
1224 5940 1368 5995 foras
1394 5940 1461 5997 de
1484 5940 1704 6001 latebris
1731 5944 1887 5999 malae
1908 5948 2189 6001 conscien-

2306 4747 2622 4805 crimiuibus
2644 4751 2711 4805 ad
2742 4750 2995 4806 innoxios
3034 4750 3392 4807 transferendi
3420 4748 3708 4817 iudicantur,
3732 4737 3795 4787 aut

2306 4859 2336 4898 a
2368 4843 2651 4915 negatione
2677 4858 2774 4898 sua
2806 4843 2884 4899 rei
2911 4843 3054 4898 inter
3084 4844 3369 4899 criminum
3396 4841 3574 4897 noxios
3590 4831 3794 4890 declamo

2300 4933 2501 5006 judicio
2532 4936 2873 5006 deputantur.
2911 4935 3048 4991 Nam
3094 4944 3150 4993 et
3191 4938 3403 5008 quando
3429 4933 3516 5003 qui
3554 4933 3731 5001 putatur
3757 4923 3793 4970 cl

2304 5025 2396 5097 qui
2422 5035 2505 5082 est
2534 5026 2747 5093 noxius,
2785 5026 2839 5082 in
2867 5042 3063 5098 aquam
3091 5027 3474 5083 examinandos
3493 5017 3748 5078 dimittitur.
3769 5020 3789 5058 ³

2302 5118 2696 5175 dimittentihus
2740 5119 3035 5175 secundum
3086 5120 3371 5191 quemdam
3416 5113 3611 5171 modum
3653 5106 3789 5160 forma

2298 5211 2638 5283 baptismatis
2694 5213 2952 5270 Dominus
3005 5213 3305 5280 invocatur,
3355 5218 3599 5282 quatenus
3642 5196 3787 5252 verius

2298 5305 2440 5361 unde
2479 5304 2772 5377 requiritur
2814 5307 3234 5374 demonstretur,
3264 5316 3319 5363 et
3349 5304 3580 5361 tenebras
3596 5297 3784 5387 igtlorfﬂ'

2299 5395 2386 5450 tiae
2413 5406 2610 5451 nostrae
2640 5395 2943 5452 illuminare
2981 5397 3252 5468 dignetur,
3288 5412 3354 5453 ne
3379 5393 3698 5449 autinnocens
3721 5391 3781 5430 tn-

2290 5485 2436 5559 juste
2462 5503 2492 5541 a
2523 5487 2679 5542 nobis
2710 5487 3015 5556 damnetur,
3059 5499 3155 5546 aut
3199 5503 3394 5547 nocens
3430 5498 3517 5541 sua
3542 5472 3778 5559 negatione.

2302 5585 2393 5631 aut
2414 5574 2677 5633 diabolica
2697 5576 2904 5646 fraude,
2935 5578 3116 5637 aliquo
3143 5581 3300 5637 modo
3328 5574 3593 5649 impunitus
3617 5558 3773 5619 evadat.

2302 5666 2406 5722 Sed
2433 5677 2485 5723 et
2524 5669 2635 5739 ipse
2664 5670 2755 5739 qui
2781 5670 3173 5728 examinandus
3218 5672 3269 5727 in
3313 5682 3493 5739 aquam
3534 5652 3773 5716 dimittitur.
3867 5650 3874 5659 '

2303 5759 2693 5817 invocationem
2722 5762 3085 5818 invocantium
3122 5778 3217 5821 sua
3254 5758 3575 5833 responsione
3597 5760 3643 5804 et
3661 5745 3776 5797 devo-

2302 5855 2504 5910 talione
2530 5854 2828 5920 conﬁrmat,
2859 5856 3014 5927 juxta
3055 5856 3283 5913 formam
3315 5839 3663 5930 quodammotlt)
3688 5836 3777 5930 ‘1'“

2298 5947 2588 6018 baptisma,
2620 5947 2759 6003 sicut
2798 5924 3018 6005 sanctus
3063 5924 3383 6008 Ambrosius
3407 5944 3455 5999 in
3486 5939 3605 5996 libro
3628 5928 3678 5985 de
3709 5924 3776 5975 3“
