4026 6340
229 496 337 546 (ibi)

1168 499 1252 554 DE
1293 499 1623 559 DIVOR'I'IO
1660 500 1986 559 LOTHARII
2024 505 2113 561 ET
2152 506 2565 566 TETliiiltiE.

3389 530 3490 587 670

188 666 193 671 ,
226 606 681 715 cra't‘nentis't‘licit
701 606 816 680 (lib.
837 624 959 712 me.
988 611 1064 715 7),
1087 613 1497 715 «interrogatus
1518 632 1599 715 es,
1621 615 1812 715 Credis
1838 619 1889 677 Α
1914 621 2032 693 ejus
2061 626 2115 681 in
2144 628 2262 697 ipso
2291 638 2388 696 est,
2421 633 2512 701 qui
2568 635 2850 691 mendacio
2895 640 3132 711 contegit
3180 645 3484 715 veritatem,

225 712 286 753 ιιι
315 696 489 752 Deum
534 696 751 757 Patrem
796 701 1257 775 omnipotentem?
1293 704 1499 773 dixisti,
1530 706 1727 774 Credo,
1759 715 1813 761 et

225 788 493 854 mersisti,
540 789 643 849 hoc
680 798 766 855 est
804 793 1045 865 sepultus
1087 811 1163 852 es.
1211 797 1409 854 lterum
1452 800 1813 872 interrogatus

225 896 310 948 es,
336 881 529 941 Credis
550 884 605 939 in
632 883 918 944 Dominum
949 897 1194 947 nostrum
1215 890 1398 947 Jesum
1424 891 1722 960 Christum,
1760 901 1814 951 et

227 974 287 1031 in
320 992 539 1033 crucem
571 977 725 1049 ejus?
757 980 965 1049 dixisti,
992 982 1187 1049 Credo,
1215 993 1270 1039 et
1299 986 1532 1041 mersisti
1561 1005 1575 1041 :
1610 986 1734 1041 ideo
1759 995 1814 1043 et

228 1068 453 1125 Christo
490 1084 551 1127 es
580 1072 963 1142 consepultus;
992 1076 1085 1147 qui
1127 1077 1271 1133 enim
1299 1078 1517 1133 Christo
1557 1094 1813 1151 consepe-

226 1159 384 1224 litur,
411 1161 631 1219 Christo
662 1165 913 1236 resurgit.
950 1165 1134 1223 Tertio
1174 1169 1537 1240 interrogatus
1566 1186 1658 1235 es,
1691 1169 1813 1226 Cre-

225 1253 316 1309 dis
342 1263 398 1310 et
443 1255 497 1311 in
543 1255 802 1329 Spiritum
841 1262 1122 1317 sanctum?
1156 1263 1363 1331 dixisti,
1389 1264 1581 1323 Credo.
1629 1264 1812 1320 Tertio

229 1349 499 1414 mersisti,
548 1358 609 1405 ut
643 1352 991 1426 multiplicem
1038 1356 1249 1429 lapsum
1294 1360 1588 1429 superioris
1637 1360 1812 1416 aetatis

225 1440 536 1501 absolveret
564 1446 702 1503 trina
730 1446 1018 1506 confessio.
1050 1451 1311 1521 Denique,
1340 1463 1400 1508 ut
1428 1455 1581 1511 vobis
1619 1453 1813 1511 aﬂ'eraa

228 1549 354 1589 mus
377 1536 699 1607 exemplum,
746 1550 968 1598 sanctus
1010 1543 1285 1614 apostolus
1328 1544 1554 1614 Petrus,
1598 1558 1811 1618 postea-

225 1641 394 1694 quam
423 1628 477 1682 in
504 1630 755 1699 passione
800 1632 1012 1689 Domini
1043 1635 1223 1705 lapsus
1255 1636 1464 1693 videtur
1503 1638 1812 1695 conditione

225 1715 489 1787 humana,
505 1722 596 1792 qui
620 1730 780 1779 antea
805 1735 1117 1797 negaverat,
1133 1736 1319 1799 postea
1343 1737 1402 1784 ut
1428 1730 1576 1786 illum
1602 1730 1808 1803 lapsum

227 1807 474 1867 aboleret
502 1820 556 1867 et
584 1813 844 1882 solveret,
881 1816 1040 1873 tertio
1070 1818 1431 1891 interrogatus
1463 1838 1492 1876 a
1524 1822 1741 1879 Christo
1763 1822 1808 1879 si

226 1898 502 1957 Christum
531 1914 771 1975 amaret,
806 1916 915 1964 tum
942 1902 1029 1964 ille
1060 1910 1187 1966 dicit
1207 1951 1223 1973 ,
1255 1911 1332 1966 Tu
1366 1913 1533 1977 nosti,
1563 1912 1806 1980 Domine,

225 1993 356 2062 quia
385 2009 509 2050 amo
536 2003 586 2052 te
614 1996 795 2068 (Joan.
831 2016 947 2067 χχι,
998 2000 1109 2073 l7).
1159 2002 1345 2059 Tertio
1376 2004 1530 2070 dixit,
1560 2015 1621 2060 ut
1649 2007 1808 2062 tertio

226 2084 619 2142 absolveretur.
652 2108 670 2140 ι
700 2089 790 2146 Sic
815 2100 870 2147 et
905 2092 1155 2151 inventus
1185 2094 1236 2148 iu
1260 2096 1464 2166 judicio
1502 2099 1730 2163 noxius,
1762 2099 1807 2154 si

226 2172 393 2230 fuerit
423 2175 559 2234 forte
581 2195 745 2251 super
768 2182 922 2253 plura
947 2195 1251 2257 suspectus,
1283 2188 1481 2243 iterato
1507 2189 1810 2262 estjudicio

223 2267 658 2337 examinandas,
712 2288 990 2346 quousque
1048 2279 1357 2335 inveniatur
1416 2282 1808 2337 emendationis

225 2358 568 2420 confessione
614 2366 886 2436 probatus.
920 2369 1084 2443 609
1116 2372 1183 2426 Et
1227 2373 1293 2429 ad
1325 2374 1428 2429 hoc
1470 2388 1810 2429 assumamus

225 2452 403 2507 sancti
433 2453 704 2512 Ambrosii
727 2459 889 2514 verba
917 2462 1145 2519 dicentis
1171 2480 1184 2518 :
1224 2483 1242 2517 ι
1282 2464 1546 2536 Denique,
1571 2473 1630 2519 ut
1657 2465 1809 2519 vobis

226 2542 522 2602 ail'eramus
568 2552 914 2622 exemplum,
972 2566 1193 2611 sanctus
1245 2557 1520 2626 apostolus
1573 2556 1805 2622 Petrus,

222 2650 578 2710 posteaquam
611 2641 664 2697 in
693 2645 943 2713 passione
968 2645 1181 2702 Domini
1208 2649 1389 2719 lapsus
1418 2648 1630 2704 videtur
1658 2647 1809 2702 inlir-

226 2731 418 2788 mitate
467 2735 789 2793 conditionis
842 2739 1122 2806 humanm,
1171 2741 1263 2812 qui
1317 2750 1443 2795 ante
1495 2747 1803 2812 negaverat,

222 2835 447 2895 postea,
498 2834 551 2881 ut
586 2826 733 2883 illum
765 2828 972 2899 lapsum
1001 2831 1239 2887 aboleret
1262 2841 1318 2886 et
1356 2831 1608 2897 solveret,
1646 2833 1808 2886 tertio

218 2917 591 2989 interrogatur
635 2933 665 2973 a
712 2918 929 2977 Christo
982 2921 1028 2977 si
1075 2921 1349 2978 Christum
1399 2930 1625 2979 amaret.
1670 2921 1806 2977 Tum

220 3009 316 3065 ille
342 3010 498 3075 dicit.
539 3010 618 3066 Tu
671 3015 832 3078 nosti,
880 3014 1128 3078 Domine,
1171 3016 1299 3086 quia
1346 3031 1469 3073 amo
1517 3025 1567 3072 te
1600 3036 1613 3071 :
1646 3018 1808 3073 tertio

220 3103 390 3173 dixit,
418 3113 480 3160 ut
504 3106 665 3163 tertio
689 3106 1086 3164 absolveretur.
1124 3129 1142 3161 ι

296 3197 367 3252 Et
396 3198 673 3267 quoniam,
706 3198 844 3255 sicut
870 3216 1032 3272 supra
1058 3202 1392 3258 ostendimus
1417 3202 1598 3258 divina
1624 3211 1809 3258 aucto-

223 3291 392 3346 ritate
429 3292 752 3361 baptismum
797 3308 917 3350 esse
962 3293 1240 3363 iudicium,
1290 3296 1430 3351 unde
1477 3306 1530 3353 et
1556 3294 1807 3352 Jordanis

222 3383 494 3451 baptisma
533 3384 819 3455 designans
863 3386 1253 3457 interpretatur
1294 3389 1440 3444 rivus
1468 3388 1656 3458 judicii
1698 3404 1806 3460 quo
1834 3375 1880 3439 C

222 3478 483 3550 princeps
525 3482 708 3539 mundi
758 3484 987 3540 mendax
1029 3494 1087 3542 et
1124 3496 1281 3556 pater
1315 3485 1432 3556 ejus
1474 3486 1620 3543 foras
1658 3486 1808 3557 ejici-

230 3579 342 3635 tur,
372 3580 428 3626 et
454 3571 753 3641 baptismus
792 3575 887 3630 Dei
916 3586 1000 3631 est
1038 3577 1359 3645 consilium,
1400 3578 1564 3636 divini
1597 3579 1694 3634 viri
1741 3579 1810 3634 ad

228 3663 419 3732 ignota
446 3664 817 3738 investiganda
851 3666 1175 3725 invenerunt
1208 3671 1472 3741 judicium
1519 3687 1674 3742 aqua:
1714 3670 1811 3728 fri-

229 3760 409 3826 gidm;
452 3759 506 3815 in
533 3776 640 3830 quo
675 3776 829 3832 aqum
867 3761 1076 3834 frigidae
1112 3763 1346 3833 judicio,
1391 3764 1458 3820 ad
1508 3764 1809 3819 invocatio-

227 3864 359 3905 nem
396 3851 671 3919 veritatis,
711 3868 830 3924 qua:
854 3854 997 3910 Deus
1036 3864 1158 3923 est,
1199 3856 1288 3926 qui
1329 3856 1609 3911 veritatem
1659 3870 1812 3910 men-

233 3942 391 3999 dacio
445 3944 593 4014 cupit
646 3945 931 4017 obtegere,
982 3946 1036 4002 in
1084 3947 1262 4017 aquis,
1311 3961 1473 4017 super
1520 3960 1657 4017 quas
1705 3959 1810 3999 vox

230 4035 449 4093 Domini
491 4037 585 4093 Dei
626 4038 923 4108 majestatis
969 4040 1222 4105 intonuit,
1256 4055 1359 4095 non
1398 4047 1577 4110 potest
1618 4038 1807 4109 mergi,

229 4131 361 4199 quia
416 4144 548 4200 pura
604 4141 795 4188 natura
850 4149 1003 4203 aqua:
1044 4134 1660 4200 naturam‘humanam,
1715 4148 1812 4204 per

232 4236 432 4292 aquam
462 4221 798 4292 baptismatis
837 4226 904 4280 ab
928 4225 1074 4280 omni
1110 4225 1372 4281 mendacii
1402 4226 1657 4296 ﬁgmento
1686 4241 1813 4295 pur-

231 4323 436 4383 gatam,
470 4316 663 4372 iterum
696 4317 977 4372 mendacio
1012 4316 1288 4381 infectam,
1323 4335 1426 4374 non
1476 4318 1815 4390 recognoscit

229 4422 460 4477 puram,
497 4417 551 4464 et
609 4410 729 4464 ideo
781 4426 902 4465 eam
964 4426 1069 4466 non
1119 4411 1327 4482 recipit,
1380 4413 1474 4468 sed
1529 4409 1704 4479 rejicit
1754 4418 1813 4464 ut

229 4500 489 4554 alienam.
519 4500 587 4555 Et
615 4510 673 4554 ut
701 4500 756 4556 in
782 4501 1105 4572 baptismate
1131 4502 1199 4558 ab
1220 4503 1439 4558 homine
1465 4502 1686 4574 Spiritus
1716 4501 1814 4557 im-

232 4594 488 4656 mundus,
520 4593 571 4647 id
601 4602 685 4649 est
729 4595 982 4665 princeps
1026 4595 1185 4665 hujus
1234 4597 1415 4652 mttndi
1470 4594 1706 4664 ejieitur,
1740 4595 1815 4650 ita

228 4693 287 4740 et
313 4685 407 4754 qui
434 4701 464 4738 a
490 4685 719 4747 diabolo,
752 4686 992 4757 principe
1020 4687 1268 4742 videlicet
1297 4687 1479 4742 mundi
1508 4684 1687 4755 hujus,
1718 4701 1814 4755 per

228 4786 515 4850 peccaturo
547 4787 919 4847 reoccupatus,
935 4780 1074 4834 sicut
1089 4779 1346 4850 scriptum
1366 4788 1449 4834 est
1465 4778 1679 4845 (Matth.
1700 4796 1807 4843 xu;

232 4869 364 4926 Luc.
391 4870 509 4941 xt):
554 4869 688 4936 Quia
728 4885 850 4924 cum
894 4870 1088 4925 exierit
1126 4870 1193 4924 ab
1236 4870 1487 4934 homine,
1526 4870 1813 4924 revertitur

229 4964 297 5019 ad
329 4978 454 5018 enm
497 4978 526 5016 a
560 4962 715 5017 bonis
751 4962 1006 5032 cperibus
1059 4969 1358 5022 vacantem,
1409 4960 1516 5014 imo
1565 4976 1809 5025 vacuum,

228 5071 354 5111 cum
386 5054 509 5109 aliis
537 5062 744 5123 septem
774 5054 1051 5124 spiritibus
1086 5052 1433 5123 aequioribus
1463 5067 1540 5116 se,
1574 5052 1643 5106 ab
1671 5066 1810 5122 aqua

230 5146 581 5203 invocatione
615 5146 781 5201 divini
823 5145 1057 5201 nominis
1096 5154 1308 5200 sacrata
1345 5143 1605 5215 rejicitur.
1639 5144 1809 5211 Quem

229 5240 531 5303 hominem,
562 5253 669 5293 non
708 5237 1029 5302 naturalem,
1061 5236 1198 5291 sicut
1244 5253 1311 5291 ex
1356 5252 1492 5305 aqua
1529 5246 1581 5290 et
1619 5236 1809 5305 spiritu

230 5339 455 5385 renatus
496 5337 598 5395 est,
653 5337 711 5384 et
753 5338 1057 5398 purgatum,
1105 5342 1212 5382 non
1258 5326 1440 5381 carnis
1480 5327 1814 5396 depositione

230 5421 498 5485 sordium,
526 5420 618 5475 sed
646 5420 1070 5491 interrogatione
1096 5426 1151 5473 et
1173 5417 1510 5473 confessione
1534 5419 1804 5493 conscien-

230 5513 322 5568 tia‘.
350 5514 510 5569 bona;
550 5512 605 5566 in
634 5510 822 5577 Deum,
861 5527 1049 5565 verum
1090 5511 1268 5581 potius
1317 5510 1501 5577 talem,
1531 5512 1596 5566 de
1626 5529 1732 5583 quo
1760 5514 1811 5566 in

230 5602 477 5661 Levitico
514 5602 701 5676 (Leuit.
727 5619 861 5668 xxn,
884 5602 939 5671 5)
969 5604 1229 5673 scriptum
1251 5616 1333 5657 est
1352 5621 1367 5666 ;
1386 5605 1582 5659 sentit:
1608 5604 1810 5669 Omnis,

231 5698 431 5769 inquit,
459 5699 617 5752 homo
635 5697 725 5769 qui
749 5697 1023 5771 accesserit
1048 5697 1111 5749 de
1139 5697 1299 5766 stirpe
1333 5708 1499 5752 vestra
1522 5697 1591 5751 ad
1618 5716 1679 5752 ea
1698 5714 1816 5769 qua:

230 5800 540 5848 consecrata
559 5801 700 5853 sunt,
724 5800 771 5845 et
793 5806 911 5861 qum
936 5790 1233 5846 obtulerunt
1255 5791 1353 5859 ﬁlii
1377 5791 1545 5845 Israel
1568 5792 1815 5859 Domino,

230 5884 291 5940 iss
318 5901 426 5955 quo
454 5892 528 5938 est
562 5882 921 5949 inmunditia,
957 5883 1143 5951 peribit
1182 5899 1360 5937 coram
1396 5883 1637 5937 Domino.
1699 5882 1815 5939 Non

233 5977 392 6045 dicit,
432 5979 488 6032 in
524 5995 627 6051 quo
668 5978 767 6047 fuit
816 5978 1170 6032 immunditia.
1226 5975 1568 6031 lmmunditia
1618 5976 1817 6049 quippe

1837 1972 1885 2037 B

1913 724 1968 809 et
1999 716 2202 775 idcirco
2231 721 2300 776 de
2329 723 2499 793 stirpe
2547 728 2868 784 sacerdotali
2900 748 2911 787 :
2954 729 3075 800 Vos,
3104 736 3298 806 inquit,
3327 756 3487 809 genus

1912 808 2154 875 electum,
2202 813 2373 882 regale
2414 816 2762 872 sacerdotium
2813 819 2866 889 (1
2910 819 3052 879 Petr.
3102 842 3165 891 ιι,
3211 827 3290 899 9),
3332 808 3394 884 et
3431 831 3484 887 in

1911 900 2237 974 Apocalypsi
2267 921 2281 957 :
2306 902 2502 961 Fecisti
2531 923 2626 961 nos
2670 926 2884 979 regnum
2924 913 3055 978 Deo,
3109 926 3159 971 et
3194 921 3486 977 sacerdotes

1914 991 2101 1063 (Apoc.
2131 995 2323 1066 v.10),
2373 995 2440 1051 ad
2471 1011 2533 1052 ea
2583 1013 2703 1068 qua:
2752 1016 3067 1061 consecrata
3113 1018 3238 1065 sunt
3263 1011 3487 1067 Domino

1912 1082 2195 1149 accedens,
2227 1085 2463 1154 quandiu
2502 1086 2840 1148 immunditia
2868 1092 2984 1162 ejus
3013 1098 3065 1153 in
3104 1099 3218 1167 ipso
3248 1109 3350 1167 est,
3381 1118 3485 1158 non

1911 1176 2110 1247 poterit
2149 1178 2303 1248 aquis
2352 1179 2691 1239 invocatione
2719 1185 2812 1240 Dei
2840 1190 3192 1248 sanetilieatis
3219 1193 3482 1267 immergi,

1913 1276 1971 1337 ut
2014 1269 2266 1327 innoxius
2314 1282 2532 1341 pareat,
2585 1276 2680 1331 sed
2724 1281 3030 1347 pereundus
3078 1286 3484 1341 monstrabitur.

1910 1358 2239 1433 Expurgate,
2273 1363 2446 1433 inquit
2469 1366 2774 1436 Apostolus,
2804 1379 2948 1427 uetus
2976 1371 3304 1441 ferrumtum,
3337 1387 3393 1431 ut
3419 1379 3490 1432 si-

1910 1454 1978 1507 tis
2014 1468 2147 1507 nova
2188 1457 2505 1525 conspersio,
2552 1458 2686 1513 sicut
2723 1461 2846 1515 estis
2880 1465 3054 1533 azymi
3094 1464 3148 1535 (Ι
3171 1463 3296 1523 Cor.
3331 1464 3386 1533 γ,
3410 1467 3486 1537 7).
3520 1474 3530 1479 ’

1908 1544 1988 1599 Ac
2013 1544 2058 1599 si
2085 1554 2333 1615 patenter
2366 1548 2511 1604 dicat
2538 1567 2551 1604 :
2580 1549 2906 1621 Ileputatum
2938 1555 3005 1611 de
3038 1556 3290 1625 crimine,
3328 1568 3491 1630 atque

1909 1647 2216 1706 negantem,
2247 1654 2408 1708 quem
2453 1641 2658 1697 idoneis
2697 1644 2927 1701 testibus
2964 1646 3257 1716 judiciario
3302 1651 3491 1708 ordine

1909 1729 2264 1799 comprobare
2291 1732 2545 1801 nequitis,
2577 1742 2669 1789 aut
2698 1746 3059 1805 sacramento,
3098 1749 3193 1797 aut
3219 1740 3311 1797 Dei
3342 1743 3490 1814 judi-

1910 1821 1997 1878 cio
2021 1833 2336 1894 expurgate,
2363 1841 2430 1881 ne
2455 1826 2508 1881 in
2532 1828 2709 1884 medio
2734 1830 2900 1885 vestri
2929 1846 3154 1888 manens
3179 1834 3487 1899 anathema,

1913 1912 2124 1968 dicatur
2170 1913 2361 1970 vobis:
2391 1917 2679 1974 Auathema
2714 1919 2770 1975 in
2808 1921 2977 1976 medio
3019 1923 3118 1989 tui,
3152 1922 3345 1990 Israel,
3390 1941 3489 1979 non

1911 2006 2104 2072 poteris
2152 2014 2295 2061 stare
2346 2023 2525 2062 coram
2562 2009 2788 2068 inimicis
2828 2013 2933 2069 tuis
2974 2013 3107 2085 (los.
3138 2028 3236 2081 vn,
3266 2016 3376 2081 15).
3426 2017 3493 2072 Ει

1909 2094 2043 2151 item
2095 2097 2229 2152 dicit
2264 2096 2594 2169 Apostolus:
2622 2101 2801 2158 Nolite
2832 2106 3217 2163 communicare
3253 2109 3491 2178 operibus

1906 2188 2250 2260 infructuosis
2291 2194 2623 2252 tenebrarum
2655 2197 2873 2267 (Ephes.
2897 2215 2950 2267 v,
2984 2198 3094 2271 11).
3130 2200 3283 2257 Unde
3309 2200 3491 2273 Augu-

1908 2282 2122 2339 stinus:
2154 2301 2173 2336 ι
2204 2283 2380 2342 Nolite
2420 2289 2841 2357 communicare,
2885 2291 2989 2349 hoc
3027 2301 3113 2349 est
3159 2293 3323 2349 nolite
3365 2309 3492 2349 con-

1908 2375 2130 2442 sentire,
2167 2385 2223 2432 et
2251 2378 2377 2448 quia
2420 2395 2611 2450 parum
2648 2392 2769 2437 erat
2802 2399 2909 2441 non
2952 2386 3280 2452 consentire,
3321 2387 3367 2442 si
3409 2403 3493 2443 se-

1907 2475 2167 2535 queretur
2190 2470 2511 2541 negligentia
2542 2473 2854 2546 disciplinre,
2879 2477 3071 2547 magis,
3102 2476 3302 2547 inquit,
3328 2486 3384 2534 et
3408 2494 3492 2533 re-

1908 2557 2175 2629 darguite.
2193 2561 2358 2632 610
2376 2562 2594 2620 Duobus
2620 2567 2795 2621 modis
2826 2575 2877 2621 te
2904 2583 3011 2623 non
3035 2570 3272 2625 maculat
3294 2570 3489 2636 Inalus,

1908 2649 1957 2704 si
1986 2664 2094 2704 non
2126 2653 2460 2718 consentias,
2491 2662 2547 2710 et
2569 2655 2614 2710 si
2645 2658 2959 2728 redarguas.
2989 2642 3157 2730 igitur
3180 2661 3488 2731 arguendus

1909 2747 1994 2796 est
2024 2750 2298 2811 peccator,
2339 2753 2394 2800 et
2429 2745 2474 2800 si
2510 2749 2817 2819 negaverit,
2855 2757 2913 2806 et
2957 2752 3147 2807 ordine
3194 2752 3486 2822 judiciario

1909 2834 2251 2902 comprobari
2287 2850 2393 2890 non
2439 2838 2658 2906 poterit,
2709 2841 3070 2908 examinetur,
3122 2850 3181 2896 ut
3225 2842 3486 2912 probatus

1912 2922 2229 2980 manifestus
2275 2924 2407 2991 ﬁat,
2453 2936 2508 2983 et
2556 2929 2873 2998 reprobatus
2921 2931 3091 2987 latere
3139 2945 3246 2987 non
3290 2933 3480 3002 possit.

1910 3013 2289 3085 Deprehensus
2334 3027 2510 3074 autem
2548 3021 2869 3077 conliteatur
2894 3030 2951 3077 et
2977 3023 3258 3093 poeniteat,
3288 3034 3344 3079 et
3383 3039 3487 3079 non

1911 3114 2187 3170 tenebitur
2212 3113 2341 3170 fune
2365 3124 2708 3186 peccatorum
2730 3132 2974 3184 suorum,
2999 3134 3106 3188 quo
3126 3127 3210 3175 est
3232 3117 3488 3189 illigatus,

1911 3214 1973 3260 ut
2012 3221 2116 3261 non
2154 3217 2442 3278 mergatur,
2474 3216 2531 3263 et
2572 3208 2783 3264 lavetur
2807 3225 2944 3279 aqua
2975 3210 3197 3266 salutari
3239 3210 3491 3282 perfusus

1912 3297 2185 3371 lacrymis,
2223 3309 2281 3355 et
2304 3300 2675 3372 dimergantur
2704 3300 3043 3375 utEgyptii,
3081 3310 3139 3360 et
3169 3304 3262 3373 qui
3294 3318 3488 3358 eorru-

1909 3394 1985 3464 pti
2014 3403 2172 3449 erant
2208 3394 2411 3450 carnali
2459 3396 2807 3466 corruptione
2846 3412 3031 3451 coram
3062 3396 3307 3460 Domino,
3356 3397 3487 3449 sicut

1910 3480 2178 3555 plumbum
2216 3486 2274 3540 in
2298 3486 2446 3558 aquis
2486 3486 2865 3543 vehementibus
2907 3486 3103 3559 (Exod.
3148 3486 3260 3557 xv),
3310 3494 3365 3541 et
3410 3500 3492 3541 se-

1913 3580 2147 3634 cundum
2172 3580 2513 3649 prophetam,
2561 3575 2927 3649 Projiciantur
2962 3578 3263 3648 iniquitates
3293 3577 3406 3649 ejus
3436 3578 3490 3633 in

1910 3670 2231 3741 profundum
2280 3672 2445 3726 maris
2487 3668 2675 3740 (Miclt.
2704 3670 2938 3741 vtt,l9).
2991 3668 3127 3738 Quia
3176 3678 3334 3726 antea
3366 3685 3487 3725 cum

1912 3763 2193 3819 mendacio
2230 3778 2329 3818 suo
2356 3766 2523 3833 mergi
2556 3771 2615 3819 ut
2643 3762 2956 3818 ablueretur
2993 3776 3102 3818 non
3132 3771 3362 3832 poterat,
3393 3763 3490 3816 do.

1912 3868 2014 3910 nec
2051 3850 2391 3909 confessione
2419 3867 2450 3908 a
2480 3866 2538 3907 se
2572 3852 2698 3907 illud
2736 3852 2788 3907 in
2827 3851 3151 3922 profundum
3180 3851 3485 3924 projiceret,

1913 3953 1969 4002 et
1991 3945 2205 4004 ablutus
2248 3954 2574 4015 emergeret,
2610 3946 2703 4015 qui
2733 3953 2860 4000 ante
2907 3945 3303 4001 confessionem
3349 3946 3489 4002 sicut

1913 4038 2115 4095 ferrum
2143 4037 2320 4093 Elisaei
2348 4038 2692 4108 premebatur
2718 4052 2878 4107 aqua,
2909 4053 3080 4107 usque
3110 4039 3236 4093 dum
3268 4040 3486 4092 invoca-

1915 4133 2060 4187 tione
2083 4130 2248 4186 divini
2293 4130 2527 4185 nominis
2553 4130 2619 4183 ad
2650 4129 2852 4199 lignum
2897 4128 3079 4194 rediit,
3108 4129 3183 4183 ita
3220 4128 3490 4184 nihilomi-

1914 4238 2016 4280 nus
2062 4237 2265 4291 negans
2310 4222 2515 4292 peccati
2562 4221 2797 4291 pondere
2843 4221 3108 4291 premitur
3154 4220 3312 4275 anxia
3362 4235 3491 4275 con-

1915 4315 2163 4376 scientia,
2197 4329 2366 4383 usque
2390 4314 2516 4367 dum
2544 4311 2898 4381 pronuntians
2925 4294 3254 4381 impietatem
3282 4310 3489 4379 peccati

1914 4407 1997 4463 sui
2020 4406 2265 4471 Domino,
2293 4406 2346 4459 in
2370 4405 2522 4475 cujus
2548 4404 2689 4476 ligno
2716 4403 2891 4461 crucis
2918 4403 3158 4460 omttium
3187 4403 3487 4469 hominum,

1917 4507 1977 4556 ut
2017 4498 2150 4556 dicit
2178 4497 2516 4564 Ambrosius,
2570 4495 2776 4551 levatur
2820 4494 3130 4551 infirmitas.
3183 4494 3251 4550 Et
3283 4495 3383 4550 hoc
3410 4502 3493 4549 est

1917 4594 2175 4650 diluvium
2224 4591 2369 4663 quod
2413 4598 2470 4645 et
2515 4589 2779 4660 baptisma
2806 4629 2821 4654 ,
2886 4604 2996 4659 quo
3043 4597 3265 4658 peccata
3311 4588 3492 4643 omnia

1920 4688 2218 4749 diluuntur,
2269 4684 2381 4740 sola
2422 4682 2556 4752 justi
2602 4696 2756 4738 mens
2800 4690 2856 4737 et
2896 4682 3070 4755 gratia
3116 4682 3490 4746 resuscitator,

1916 4780 2122 4851 pridem
2166 4777 2363 4847 quippe
2408 4775 2606 4831 mortui
2656 4776 2942 4846 negatione
2990 4774 3215 4845 peccati.
3252 4794 3270 4825 ι
3330 4773 3493 4843 Legat

1917 4873 2143 4926 devotus
2188 4868 2386 4925 librum
2436 4864 2768 4935 dialogorum
2812 4864 2953 4920 beati
2995 4863 3240 4934 Gregorii
3287 4862 3397 4930 (lib.
3430 4878 3490 4928 ιι,

1912 4980 2032 5032 cap.
2058 4960 2176 5031 23),
2204 4968 2260 5014 et
2296 4957 2534 5012 inveniet
2582 4955 3019 5012 sanctimoniales
3060 4971 3165 5009 non
3196 4962 3489 5019 correctas,

1915 5062 1971 5108 et
1996 5067 2092 5121 pro
2119 5048 2513 5105 incorrectione
2537 5062 2635 5102 sua
2678 5063 2706 5100 a
2738 5054 2930 5101 sancto
2954 5045 3245 5100 Benedicto
3272 5057 3489 5097 excom-

1916 5126 2259 5208 municatas,
2328 5149 2451 5211 post
2514 5146 2744 5193 mortem
2802 5145 3041 5208 tempore
3098 5132 3490 5188 communionis

1918 5238 1985 5291 de
2014 5234 2275 5305 sepulcris
2303 5234 2371 5287 ab
2396 5231 2656 5296 Ecclesia,
2690 5228 2813 5299 quia
2858 5242 2963 5282 non
2994 5224 3487 5287 connnunicabant,

1916 5328 2134 5391 exiisse,
2166 5333 2286 5394 post
2315 5322 2805 5378 reconciliationem
2845 5326 3022 5374 autem
3072 5332 3131 5372 se
3176 5316 3228 5370 in
3264 5316 3377 5371 suis
3407 5330 3489 5369 se-

1915 5417 2116 5489 pulcris
2141 5414 2490 5472 continuisse.
2520 5411 2587 5467 Et
2608 5410 2759 5481 pueri
2791 5408 3036 5464 monachi
3067 5421 3265 5477 corpus
3293 5423 3321 5460 a
3347 5417 3488 5460 terra

1918 5508 2088 5565 teneri
2123 5524 2230 5564 non
2252 5504 2489 5576 potuisse
2512 5501 2685 5574 (ibid.,
2713 5517 2759 5554 c.
2784 5498 2898 5569 24),
2925 5499 3047 5569 quia
3072 5496 3343 5552 Benedicti
3367 5513 3490 5568 gra-

1920 5599 2047 5653 tiam
2076 5614 2182 5652 non
2208 5595 2458 5650 habebat.
2490 5592 2555 5647 Et
2572 5605 2684 5651 «vas
2706 5589 2935 5644 vitreum
2968 5588 3140 5660 (ibim,
3172 5605 3218 5642 c.
3251 5587 3305 5659 '5)
3336 5587 3491 5657 signo

1919 5694 2095 5749 crucis
2141 5706 2240 5761 per
2288 5688 2634 5743 Benedictum
2701 5684 2845 5739 edito
2914 5682 3215 5752 disruptum
3262 5681 3374 5749 (lib.
3428 5698 3489 5744 l',

1919 5803 1966 5840 c.
1997 5786 2108 5853 28).
2135 5785 2200 5838 Et
2225 5783 2416 5837 iterum
2444 5795 2539 5833 vas
2569 5779 2799 5833 vitreum
2832 5775 2886 5830 in
2921 5777 3104 5848 ingens
3135 5774 3488 5845 prrecipititnn

1918 5895 2173 5937 saxorum
2199 5876 2428 5932 molibus
2459 5890 2736 5947 aspersum
2758 5873 2874 5945 ejus
2898 5872 3141 5943 iussione
3167 5881 3395 5947 propter
3413 5870 3493 5923 iu-

1920 5971 2283 6029 obedientiam
2314 5968 2635 6041 projectum,
2662 5975 2824 6039 atque
2860 5965 3123 6022 incolume
3153 5970 3487 6023 reservatum
