4026 6340
630 412 729 468 671

1604 407 1934 467 HINCMARI
1961 353 2364 465 DHEMENSIS
2400 402 2922 467 ARCHIEPISCOPI
3587 361 3590 369 ν
3730 412 3804 468 67?.

628 525 804 598 (ibid.,
835 541 882 579 c.
908 523 985 595 7).
1027 521 1093 577 Et
1117 521 1438 594 discipulum
1476 523 1595 595 ejus
1620 521 1865 578 Maurum
1904 538 2068 594 super
2103 539 2206 578 un-
2235 527 2284 584 Α
2315 525 2427 580 sius
2459 525 2578 578 aliis
2603 523 2841 580 estodor
2873 518 3068 578 mortis
3095 519 3146 575 in
3176 529 3418 584 mortem,
3446 519 3555 576 aliis
3581 522 3692 578 odor
3719 528 3806 583 vna

628 622 724 678 das
769 619 874 675 laci
911 616 1285 672 deambulasse
1321 616 1502 690 (ibid.,
1553 634 1601 672 c.
1634 617 1690 689 6)
1722 632 1736 672 :
1780 618 1987 672 ferrum
2031 625 2212 672 autem

633 714 700 770 de
725 710 991 785 profundo
1028 709 1128 765 laci
1155 709 1332 765 Elisaei
1377 725 1530 766 more
1568 724 1666 780 per
1708 710 1886 780 ipsum
1921 709 1978 763 in
2022 725 2214 764 manu-

628 803 804 859 brium
849 809 1159 856 revocatum
1202 800 1387 856 fuisse.
1436 800 1503 855 Et
1531 800 1688 856 sicuti
1727 801 1988 871 scriptum
2017 798 2214 854 divinis

622 894 832 965 paginis
877 891 965 962 (ΙΙ
990 892 1131 946 Mac.
1157 907 1198 957 ι,
1222 891 1314 962 20)
1341 892 1667 958 continetur,
1713 907 1867 947 sacer
1913 891 2052 961 ignis
2090 891 2212 945 abs-

622 999 840 1052 consus,
886 992 1008 1055 post
1043 983 1335 1040 multorum
1368 998 1635 1040 annorum
1665 982 1937 1038 curricula
1971 983 2025 1037 in
2061 996 2212 1037 cras-

624 1093 742 1133 sam
782 1093 978 1143 aquam
1006 1094 1199 1134 versus
1234 1078 1522 1148 reperitur,
1556 1085 1610 1132 et
1643 1077 1830 1133 eadem
1870 1091 2009 1147 aqua
2049 1091 2212 1146 super

620 1168 860 1225 oblatum
886 1168 1218 1224 sacriﬁcium
1259 1184 1419 1224 versa
1443 1168 1624 1223 divina
1669 1169 1910 1238 potentia
1957 1177 2041 1223 est
2087 1169 2210 1238 igne

621 1269 960 1328 consumpta.
1000 1259 1106 1314 Sed
1149 1268 1204 1314 et
1243 1257 1513 1314 Gedeonis
1562 1259 1892 1316 sacriﬁcium
1946 1257 2098 1330 (Iud.
2135 1274 2208 1323 vi,

619 1351 712 1423 20)
743 1367 866 1407 cum
891 1350 1175 1421 superfuso
1197 1351 1332 1420 jure
1367 1353 1521 1422 cujus
1556 1352 1883 1407 abundantia
1909 1350 2044 1406 solet
2071 1350 2212 1422 ignis

623 1441 918 1513 exstingui,
962 1457 1061 1512 per
1103 1441 1406 1513 angelicum
1443 1441 1832 1506 ministerium,
1877 1441 2000 1509 igne
2043 1439 2208 1494 etiam

627 1535 899 1590 lambeute
943 1542 1194 1604 petram,
1251 1543 1632 1604 consumptum
1678 1542 1783 1588 est.
1845 1532 1913 1587 Et
1953 1533 2006 1586 in
2050 1532 2210 1586 unius

617 1627 967 1696 ejusdemque
1005 1627 1258 1682 elementi
1303 1628 1560 1699 mysterio
1585 1668 1600 1693 ,
1655 1635 1708 1682 et
1754 1627 1878 1680 ﬁnis
1917 1633 2000 1680 est
2037 1625 2207 1691 vitiis,

617 1731 672 1776 et
708 1721 861 1793 origo
888 1721 1203 1788 virtutibus,
1232 1732 1494 1791 operante
1523 1721 1727 1791 Spiritu
1764 1729 1956 1775 sancto
1988 1720 2041 1774 in
2068 1733 2208 1790 aqua

617 1814 757 1869 sacri
785 1814 1148 1884 baptismatis.
1193 1812 1320 1868 Haac
1354 1812 1583 1884 diligens
1622 1813 1791 1868 lector
1827 1813 1986 1883 legat,
2017 1820 2072 1866 et
2102 1826 2206 1865 non

2318 617 2370 670 iu
2420 617 2612 682 vitam,
2661 623 2717 671 et
2765 613 3108 684 baptismatis
3149 621 3528 668 sacramentum
3573 613 3808 676 inﬁdelibus

2315 707 2628 772 ludiﬁcatio,
2677 707 2925 762 ﬁdelibus
2972 715 3153 762 autem
3201 708 3486 778 redemptio
3528 715 3617 762 est.
3667 708 3808 766 Sarra-

2314 810 2496 856 menta
2519 815 2732 873 quoque
2755 800 2945 855 altaris
2968 800 3158 854 devote
3185 801 3250 855 ad
3272 814 3332 854 se
3359 799 3693 856 accedentibus
3715 803 3808 869 vita,

2308 894 2583 949 'indevotis
2605 893 2887 962 judicium,
2920 893 3061 948 sicut
3099 899 3153 947 et
3179 892 3334 962 panis
3363 891 3521 946 vitam
3545 891 3723 946 fortium
3749 909 3809 950 ro—

2312 990 2486 1044 borat.
2516 988 2866 1059 parvulorum
2898 995 3078 1051 necat,
3103 993 3159 1041 et
3183 985 3322 1041 leuis
3349 984 3528 1040 sibilus
3549 1000 3691 1054 equos
3713 987 3811 1041 miti-

2313 1091 2421 1154 gat,
2451 1089 2660 1136 catulos
2687 1081 2931 1151 instigat,
2957 1088 3011 1134 et
3039 1093 3137 1142 sor,
3168 1077 3263 1148 qui
3292 1090 3471 1132 ceram
3497 1075 3662 1144 liquat,
3688 1075 3810 1131 lutum

2313 1174 2550 1244 stringit,
2585 1174 2732 1228 sanis
2766 1172 2938 1227 oculis
2988 1172 3169 1226 lumen
3207 1179 3313 1235 est,
3347 1178 3400 1224 et
3443 1167 3811 1238 lippientibuste-

2312 1267 2512 1322 nebrze.
2569 1265 2747 1335 thue
2791 1279 3060 1320 venenum
3101 1278 3250 1318 mors
3288 1271 3371 1317 est
3409 1261 3608 1317 homini.
3656 1270 3700 1314 et
3734 1261 3811 1315 vita

2311 1357 2569 1428 serpenti,
2595 1357 2675 1412 sic
2701 1364 2756 1411 et
2782 1356 2926 1412 istud
2963 1354 3228 1423 judicium
3268 1352 3491 1408 ﬁrmiter
3527 1359 3577 1406 et
3608 1351 3693 1406 rite
3725 1365 3810 1404 cre-

2311 1452 2562 1508 dentibus
2611 1451 2853 1506 ostensio
2894 1449 3162 1504 veritatis.
3205 1446 3570 1503 baesitantibus
3609 1454 3750 1498 autem
3777 1453 3812 1498 et

2311 1543 2489 1598 dubiis
2529 1557 2686 1596 error
2732 1540 3011 1597 involvens
3061 1554 3182 1596 esse
3231 1539 3580 1609 dignoscitur
3625 1549 3811 1604 quoniam

2311 1637 2450 1691 sicut
2476 1635 2676 1689 Paulus
2714 1633 2883 1688 dicit:
2915 1633 3010 1687 Est
3047 1633 3183 1686 enim
3213 1630 3345 1700 ﬁdes
3368 1627 3706 1700 sperandarnm
3730 1625 3813 1678 sub~

2309 1730 2503 1784 stantia
2533 1745 2731 1795 rerum,
2783 1736 3148 1798 argumentum
3193 1739 3300 1778 non
3335 1722 3667 1793 apparentium
3701 1717 3811 1790 (Hel.

2309 1841 2373 1888 ιι,
2405 1823 2481 1894 l),
2511 1822 2775 1893 profecto,
2801 1821 2989 1892 liquet,
3014 1819 3164 1889 quia,
3192 1823 3496 1886 exponente
3518 1814 3658 1868 beato
3674 1809 3813 1879 Grego-

616 1903 901 1958 mirabitur
953 1903 1009 1958 in
1041 1902 1246 1973 judicio
1300 1919 1453 1974 aqua:
1508 1903 1716 1974 frigidae
1770 1905 2089 1959 innocentes
2133 1904 2202 1958 ab
2230 1919 2278 1979 Β
2307 1918 2408 1980 rio,
2443 1914 2576 1970 ﬁdes
2603 1915 2817 1969 illarum
2866 1927 3048 1968 rerum
3079 1918 3457 1980 argumentum
3488 1915 3591 1974 ρει,
3632 1915 3811 1972 qump.

616 2009 757 2065 aqua
787 1994 972 2065 recipi,
1005 2003 1263 2051 nocentes
1300 2003 1479 2050 autem
1516 2011 1620 2051 non
1664 1995 1857 2066 recipi,
1885 1997 2025 2051 sicut
2059 2005 2114 2050 et
2147 1996 2203 2049 in

617 2101 758 2156 aqua
801 2087 973 2142 calida
1029 2097 1337 2158 coquuntur
1381 2089 1552 2154 noxii,
1601 2088 1807 2143 innoxii
1847 2103 1978 2144 vero
2020 2102 2200 2143 reser-

616 2187 817 2232 vantur
847 2178 1046 2234 incocti
1079 2195 1092 2232 :
1129 2179 1256 2248 quia
1286 2187 1340 2234 et
1360 2177 1627 2245 Christus,
1662 2179 1897 2235 caelestis
1935 2179 2201 2234 medicina

616 2269 814 2335 Patris,
865 2285 1022 2326 verus
1066 2272 1315 2326 humanm
1369 2272 1610 2327 medicus
1658 2271 1872 2338 salutis,
1918 2271 2201 2328 invocatus

616 2379 646 2418 a
677 2364 788 2419 suis
840 2363 1130 2429 ﬁdelibus,
1184 2372 1244 2418 ut
1274 2373 1328 2420 et
1370 2365 1567 2420 medici
1626 2365 1806 2419 carnis
1865 2365 1980 2435 ipso
2034 2365 2201 2434 inspi-

613 2461 770 2510 rante
813 2449 1007 2520 solent,
1055 2454 1328 2510 centraria
1347 2455 1507 2526 611
1543 2454 1853 2518 contrariis,
1885 2453 2058 2510 calida
2098 2453 2199 2509 fri-

614 2546 775 2616 gidis,
807 2545 1000 2616 frigida
1031 2547 1220 2602 calidis
1261 2555 1437 2602 curat.
1482 2547 1549 2602 Et
1579 2548 1632 2602 in
1659 2548 1864 2602 veteris
1914 2563 2200 2620 synagogzn

617 2641 778 2694 unius
817 2641 1170 2711 ejusdemque
1212 2641 1477 2696 seditione
1517 2641 1782 2712 quosdam
1826 2650 1970 2696 terra
2015 2641 2193 2696 absor-

612 2733 750 2799 buit,
775 2735 1038 2803 quosdam
1059 2749 1190 2789 vero
1215 2733 1353 2788 edax
1378 2732 1596 2789 ﬂamma
1647 2735 2004 2805 consumpsit.
2034 2733 2201 2789 Dum-

613 2841 717 2895 que
751 2841 878 2881 caro
921 2826 1138 2881 innoxia
1181 2824 1478 2881 Salvatoris
1519 2825 1676 2897 aquis
1721 2825 2044 2897 frigentibus
2088 2827 2199 2881 tin-

615 2919 817 2986 guitur,
870 2919 1116 2988 opposita
1164 2918 1440 2988 quondam
1493 2917 1670 2972 noxiis
1727 2917 1996 2988 romphaea
2046 2917 2200 2987 ignea

611 3007 848 3078 paradisi
917 3009 1290 3078 restinguitur.
1359 3007 1466 3063 Sed
1511 3017 1566 3063 et
1621 3008 1974 3077 dispositione
2030 3007 2201 3077 ipsius

611 3099 1003 3153 elementorum
1031 3099 1326 3153 conditoris
1355 3108 1518 3168 atque
1562 3099 1811 3163 rectoris,
1841 3114 1949 3153 uno
1977 3099 2201 3154 eodeni-

577 3268 582 3273 ι
611 3206 716 3261 que
754 3191 868 3248 sole
897 3191 1066 3245 lutum
1103 3191 1406 3262 stringitur,
1437 3207 1575 3247 caara
1607 3193 1864 3262 liquatur.
1897 3191 2021 3250 Haec
2052 3191 2197 3246 dicta

612 3287 739 3350 sint,
783 3286 909 3356 quia
957 3285 1285 3342 elementum
1333 3287 1603 3350 instabile,
1657 3285 1710 3340 in
1763 3285 2054 3356 mergendo
2098 3300 2196 3354 pro
2224 3282 2268 3344 C

611 3383 717 3438 ﬁde
761 3382 1096 3438 credentium
1147 3383 1411 3451 quosdam
1462 3380 1674 3450 recipit,
1703 3381 1967 3449 quosdam
2018 3387 2198 3434 autem

612 3491 718 3533 non
744 3476 955 3546 recipit.
985 3473 1092 3530 Sed
1119 3483 1175 3528 et
1197 3474 1409 3528 fervore
1434 3471 1689 3528 elementi
1717 3470 1958 3539 ejusdem
1979 3471 2200 3541 quidam

611 3577 934 3639 coquuntur,
968 3576 1022 3621 et
1046 3566 1264 3636 quidam
1295 3566 1530 3620 evadunt
1555 3564 1773 3620 incocti.

681 3660 792 3715 Nec
827 3661 1260 3730 praetereundum
1293 3658 1421 3728 quia
1452 3656 1677 3727 legimus
1707 3657 1762 3710 in
1788 3656 2052 3726 Capitulis
2087 3654 2200 3711 Auv

611 3742 891 3826 gustarum
938 3749 1104 3805 fuisse
1147 3749 1373 3804 vetitum
1429 3747 1636 3820 frigidae
1683 3763 1837 3818 aqua:
1889 3746 2197 3816 judicium:

613 3847 708 3901 sed
755 3859 861 3899 non
905 3844 960 3898 in
1005 3843 1110 3898 illis
1157 3842 1524 3915 synodalibus,
1550 3857 1671 3913 quae
1701 3842 1766 3896 de
1802 3842 1968 3896 certis
1991 3841 2202 3911 accepi-

612 3952 734 3991 mus
772 3935 1010 4007 synodis.
1055 3933 1210 4002 Quod
1252 3942 1309 3989 et
1345 3933 1562 4004 quidam
1606 3931 1804 3987 insulse
1844 3932 2029 3988 dicunt
2078 3947 2202 4001 pro-

612 4042 796 4100 pterea
839 4029 1004 4084 fuisse
1049 4029 1295 4094 vetitum,
1339 4027 1594 4096 quoniam
1641 4026 1793 4096 quasi
1838 4026 2204 4097 rebaptizatur

611 4125 702 4194 qui
747 4123 801 4177 in
849 4123 1067 4177 nomine
1106 4121 1318 4176 Domini
1359 4136 1515 4192 aquis
1543 4119 1902 4190 immergitur.
1951 4119 2056 4173 Sed
2102 4119 2204 4173 hoc

610 4217 806 4272 ibidem
853 4216 1120 4300 scriptum
1181 4229 1519 4284 nequaquam
1575 4214 1892 4284 reperimus.
1947 4211 2056 4266 Nec
2105 4227 2204 4268 nos

610 4309 772 4364 etiam
804 4308 1116 4379 ignoramus
1160 4306 1284 4376 quia
1322 4305 1514 4360 beatus
1542 4303 1857 4358 Ambrosius
1885 4303 2038 4373 plura
2074 4303 2204 4358 dicit

609 4403 952 4472 baptismata,
987 4401 1040 4454 id
1081 4407 1164 4453 est
1204 4398 1359 4469 plura
1408 4397 1747 4469 baptismatis
1788 4404 2014 4452 annutat
2065 4412 2204 4467 prte-

609 4494 783 4548 conia.
823 4493 890 4546 Et
913 4493 1055 4548 sacri
1083 4507 1322 4547 canones
1349 4491 1799 4560 rebaptizationes
1841 4491 2111 4556 omnibus,
2145 4500 2204 4545 ut

609 4586 841 4641 vitandze
867 4591 1012 4648 sunt,
1053 4583 1360 4654 prohibent.
1394 4581 1559 4637 Nemo
1583 4592 1761 4638 tamen
1791 4591 1873 4638 est
1898 4595 2034 4653 pene
2072 4582 2201 4637 ﬁde-

2311 2021 2504 2077 parere
2556 2020 2663 2059 non
2707 2011 2958 2073 possunt,
3013 2013 3134 2071 qua?
3184 2007 3389 2054 etenim
3450 1989 3812 2066 apparent,jam

2307 2101 2466 2154 ﬁdem
2504 2114 2610 2154 non
2649 2097 2869 2161 habent,
2918 2095 3011 2150 sed
3040 2092 3394 2165 agnitionem.
3438 2087 3524 2143 Sic
3564 2087 3613 2139 in
3652 2085 3729 2138 hoc
3762 2081 3815 2134 di-

2304 2192 2432 2246 vino
2457 2189 2681 2262 judicio,
2729 2188 2812 2243 his
2843 2187 2908 2241 de
2953 2185 3152 2255 quibus
3187 2191 3352 2238 antea
3397 2177 3730 2234 dubitabamus
3761 2173 3814 2226 di-

2308 2285 2429 2340 vina
2454 2282 2762 2339 ostensione
2789 2277 3129 2343 monstratis,
3175 2290 3300 2344 qum
3335 2269 3674 2343 corporalibus
3694 2264 3812 2321 oculis

2303 2379 2487 2433 videre
2516 2393 2620 2431 non
2649 2389 2957 2446 possumus,
2985 2370 3154 2426 oculis
3182 2369 3351 2440 612
3381 2365 3498 2421 ﬁdei
3525 2359 3812 2429 contemplan-

2306 2479 2387 2525 tes
2428 2467 2800 2524 credulitatem
2837 2461 3253 2518 accommodare
3281 2457 3549 2518 debemus,
3577 2453 3694 2508 sicut
3715 2447 3812 2502 Tho-

2303 2579 2422 2619 mas
2465 2571 2626 2616 antea
2657 2559 2932 2622 dubitans,
2963 2557 3091 2610 dum
3123 2553 3420 2608 Dominum,
3457 2545 3684 2619 palpavit,
3715 2537 3812 2595 aliud

2301 2654 2434 2709 vidit
2464 2662 2516 2708 et
2542 2650 2970 2720 aliudl’credidit;
2997 2663 3026 2702 a
3049 2644 3270 2701 mortali
3295 2643 3490 2713 quippe
3512 2639 3700 2694 homine
3719 2630 3812 2688 divi-

2303 2746 2446 2800 nitas
2496 2742 2668 2798 videri
2712 2756 2821 2796 non
2876 2738 3092 2809 potuit;
3135 2735 3415 2790 hominem
3465 2731 3614 2800 igitur
3646 2723 3760 2784 vidit,
3779 2728 3814 2774 et

2302 2838 2470 2892 Deum
2507 2833 2786 2891 confessus
2809 2839 2914 2897 est,
2949 2831 3168 2885 dicens:
3195 2825 3458 2880 Dominus
3483 2837 3614 2876 meus
3649 2827 3689 2872 et
3718 2813 3813 2867 Dm

2301 2946 2445 2982 meus
2483 2927 2664 2999 (Joau.
2692 2941 2787 2991 xx,
2826 2921 2943 2992 26).
2974 2920 3220 2977 Videndo
3266 2933 3397 2988 ergo
3443 2911 3667 2974 credidit,
3703 2918 3812 2976 quem

2303 3017 2697 3074 considerando
2743 3029 2933 3070 verum
2990 3012 3294 3077 hominem,
3338 3011 3478 3064 hunc
3506 3006 3670 3064 Deum,
3703 3007 3813 3065 quem

2301 3111 2486 3166 videre
2511 3127 2617 3167 non
2643 3118 2879 3181 poterat,
2907 3106 3258 3164 exclamavit.
3299 3105 3377 3159 Ita
3400 3111 3454 3158 et
3480 3100 3721 3154 veritatem
3745 3087 3808 3148 rei.

2303 3206 2368 3259 de
2397 3221 2503 3275 qua
2544 3205 2877 3264 dubitamus,
2921 3204 3047 3271 quia
3087 3197 3464 3268 corporalibus
3507 3191 3658 3248 oculis
3683 3182 3813 3238 videre

2301 3299 2673 3367 nequibamus,
2705 3297 2901 3350 divinae
2931 3292 3226 3349 ostensioni
3255 3291 3557 3349 credentes,
3580 3281 3808 3372 veritatem.

2301 3364 2421 3461 quae
2448 3389 2590 3444 Deus
2625 3395 2728 3453 est,
2778 3388 2997 3442 laudare
3045 3385 3332 3440 debemus.
3377 3381 3498 3436 Ha‘c
3537 3383 3691 3431 autem
3721 3364 3812 3422 dici-

2301 3499 2444 3548 mus,
2473 3497 2579 3537 non
2607 3495 2714 3550 quo
2743 3492 3070 3551 quemquam
3112 3473 3588 3546 reprehendamus,
3622 3461 3722 3534 quia
3742 3468 3811 3511 nec

2303 3574 2374 3630 ibi
2402 3573 2661 3643 scriptum
2691 3582 2775 3628 est
2797 3571 2973 3644 (Rom.
3007 3585 3118 3635 xxv,
3145 3568 3201 3639 5)
3233 3583 3337 3622 cur
3364 3567 3464 3621 hoc
3481 3559 3707 3633 judicium
3735 3565 3809 3605 non

2303 3665 2494 3722 debeat
2539 3665 2670 3720 ﬁeri.
2702 3663 2797 3720 sed
2828 3672 3207 3718 tantummooo
3236 3661 3443 3716 uictum
3489 3668 3553 3710 ne
3585 3651 3725 3707 ﬁeret,
3749 3646 3810 3695 θυι

2304 3770 2507 3824 nostra,
2551 3759 2704 3830 quasi
2747 3759 3044 3828 sapientius
3079 3756 3316 3827 prolata,
3348 3765 3506 3822 quam
3536 3745 3615 3802 alii
3637 3739 3811 3798 invenire

2302 3874 2370 3914 ex
2397 3862 2707 3912 sanctorum
2729 3851 3069 3908 documentis
3109 3846 3516 3921 praevaluerint.
3545 3841 3644 3894 sive
3666 3842 3811 3931 prz'f'

2302 3951 2471 4018 leant,
2515 3947 2804 4003 defendere
2847 3953 3177 4014 satagamus.
3229 3939 3599 4009 Unusquisque
3635 3925 3748 3984 enim
3775 3925 3809 3973 in

2304 4059 2401 4098 suo
2429 4056 2586 4097 sensu
2619 4037 2877 4094 abundat.
2923 4035 3155 4090 Tantum
3196 4032 3424 4102 quilibet
3451 4029 3549 4083 hoc
3571 4028 3703 4078 caute
3723 4026 3808 4085 pro.

2302 4135 2500 4200 videat,
2525 4141 2634 4186 uta
2661 4131 2765 4185 ﬁde
2788 4127 3051 4184 catholica
3079 4134 3132 4180 et
3155 4123 3448 4178 traditione
3469 4111 3731 4189 apostolica?
3750 4116 3809 4156 se-

2303 4228 2386 4283 dis
2410 4241 2519 4281 non
2565 4224 2851 4290 discrepet,
2892 4219 2985 4274 sed
3021 4233 3142 4288 qua:
3173 4215 3439 4270 sentimus
3468 4205 3708 4265 humiliter
3726 4207 3810 4293 pra-

2303 4318 2556 4382 ferentes,
2601 4315 2774 4386 parati
2816 4313 3002 4375 simus,
3055 4310 3102 4365 si
3142 4323 3266 4379 qurs
3291 4302 3672 4361 convenieutlus
3699 4285 3808 4386 nobis

2301 4381 2618 4473 ostenderit,
2650 4408 2768 4462 sine
2797 4401 3146 4460 contentione
3181 4413 3316 4454 sano
3352 4389 3626 4451 intellectui
3653 4381 3794 4482 cedere

2302 4513 2357 4560 et
2400 4501 2754 4558 libentissime
2799 4513 2906 4554 non
2955 4494 3116 4551 modo
3160 4491 3501 4554 consentire,
3545 4481 3657 4554 quin
3693 4481 3809 4529 etiam

2304 4597 2532 4653 discere.

547 4722 550 4723 ν
607 4678 760 4747 lium,
790 4677 882 4748 qui
910 4689 968 4731 se
995 4677 1112 4731 sine
1141 4678 1320 4731 crucis
1348 4676 1522 4745 signo,
1550 4675 1633 4729 vel
1666 4675 2002 4731 invocatione
2030 4675 2195 4730 divini
2225 4658 2278 4719 D
2375 4688 2470 4743 Hi3
2518 4687 2592 4741 ita
2633 4700 2693 4741 se
2738 4682 3087 4748 habentibus,
3137 4681 3182 4736 si
3233 4673 3534 4752 hujusmodi
3579 4662 3808 4742 judicium.

607 4770 858 4832 nominis,
888 4769 1042 4839 aquis
1072 4769 1233 4824 etiam
1261 4769 1325 4822 ad
1350 4769 1636 4823 lavandum
1669 4769 1942 4830 immittat,
1973 4767 2195 4837 iubente

607 4863 860 4934 Apostolo
892 4861 1073 4916 omnia
1107 4862 1371 4929 agendum
1407 4862 1459 4916 in
1501 4860 1718 4916 nomine
1743 4859 1977 4923 Domini,
2002 4868 2052 4914 et
2084 4875 2191 4915 non

604 4973 662 5012 se
689 4956 778 5011 illo
806 4955 1066 5025 baptizari
1090 4963 1242 5024 putat
1269 4954 1615 5023 baptismate,
1644 4968 1752 5024 quo
1775 4961 1994 5008 renatus
2011 4960 2097 5008 est
2123 4969 2190 5008 ex

603 5065 741 5121 aqua
778 5057 833 5102 et
855 5048 1066 5119 spiritu.
1097 5046 1291 5104 Sermo
1311 5049 1478 5115 enim,
1503 5059 1559 5104 et
1596 5064 1731 5118 opus
1752 5048 1868 5114 Dei,
1892 5058 2192 5119 cunctaque

603 5151 944 5198 sacramenta
998 5142 1198 5208 divina,
1242 5156 1438 5195 manna
1481 5150 1624 5206 sunt,
1674 5142 1838 5211 quod,
1879 5140 2018 5197 sicut
2061 5143 2196 5197 scri-

602 5243 750 5304 ptum
795 5241 877 5288 est
914 5229 1065 5303 (Sap.
1099 5248 1210 5300 xvr,
1244 5232 1362 5302 20),
1403 5231 1591 5287 habuit
1634 5248 1793 5288 omne
1833 5234 2194 5288 delectamen-

603 5331 738 5389 tnm,
769 5334 822 5378 et
851 5323 1026 5378 omnis
1048 5323 1258 5394 saporis
1283 5322 1630 5389 suavitatem,
1655 5324 1905 5394 quodque
1927 5324 2067 5379 sicut
2094 5339 2191 5394 pro

603 5417 870 5472 desiderio
904 5417 1311 5486 suscipientium
1357 5417 1627 5486 quondam
1673 5415 1874 5472 factum
1903 5418 2065 5472 estin
2107 5434 2192 5474 sa-

601 5523 787 5579 porem
820 5508 1172 5578 gustantium,
1199 5508 1270 5561 ita
1299 5515 1356 5562 et
1383 5509 1499 5562 haec
1531 5524 1629 5579 pro
1659 5509 1944 5565 devotione
1969 5511 2192 5566 creden-

602 5599 734 5651 tium
769 5598 903 5652 ﬁuut
938 5612 1101 5652 causa
1131 5599 1523 5652 ostensionum.
1561 5598 1715 5653 Velut
1754 5599 2058 5656 incarnatio
2086 5601 2191 5658 Do-

599 5688 731 5743 mini
769 5688 820 5741 in
853 5689 1062 5744 ruinam
1091 5697 1145 5744 et
1177 5690 1629 5744 resurrectionem
1676 5691 1964 5746 multorum
2007 5702 2110 5758 est,
2139 5703 2194 5750 et

599 5792 736 5832 crux
766 5779 882 5847 ejus
919 5780 1270 5848 pereuntibus
1293 5779 1510 5848 quidem
1539 5780 1764 5835 stultitia
1785 5793 1888 5849 est,
1919 5787 2192 5842 credenti-

609 5867 710 5923 bus
734 5883 862 5922 vero
903 5869 954 5923 in
996 5870 1222 5930 salutem
1244 5871 1416 5926 virtus
1454 5870 1547 5925 Dei
1572 5881 1676 5936 est,
1700 5882 1753 5928 et
1778 5877 2090 5943 praedicatio
2121 5879 2194 5934 io-

2305 4784 2468 4856 quod,
2491 4790 2552 4837 ut
2580 4780 2903 4843 audivimus,
2931 4776 3156 4833 Carolus
3185 4773 3366 4846 magni
3392 4765 3612 4826 nominis
3638 4761 3810 4857 impera:

2306 4845 2391 4930 tor
2428 4845 2493 4930 de
2542 4888 2654 4930 suae
2693 4873 2818 4926 vitae
2863 4868 3178 4926 credulitate
3223 4864 3446 4935 recepit,
3478 4873 3566 4930 per
3592 4845 3807 4907 consilium

2306 4970 2569 5026 laicorum
2611 4967 2892 5032 uouilium,
2939 4977 3205 5020 consensu
3255 4964 3630 5030 episcoporum,
3661 4957 3711 4996 ac
3741 4936 3806 5032 df‘

2305 5067 2456 5114 creto
2482 5057 2630 5129 regio
2661 5056 2840 5129 (aliter
2874 5053 3017 5109 enim
3063 5067 3168 5107 non
3197 5041 3524 5119 oportuerat)
3549 5033 3732 5129 praefata
3755 5021 3808 5129 ἴς

2301 5149 2448 5203 mina
2477 5117 2764 5217 devquibus
2785 5143 3140 5214 reputabatur
3175 5117 3386 5195 constat
3407 5146 3522 5190 esse
3557 5117 3808 5218 purgaui.“

2303 5239 2534 5294 maritali
2567 5211 2725 5293 thoro
2753 5211 2861 5292 non
2913 5233 3084 5290 solum
3120 5243 3384 5287 consensu
3415 5220 3650 5280 nobilium
3683 5211 3804 5262 laico-

2300 5348 2454 5397 mm.
2489 5345 2708 5396 verum,
2758 5336 2815 5382 ut
2851 5325 3182 5388 audivimus,
3215 5336 3334 5377 cum
3367 5297 3806 5397 reconciliatione—et

2298 5395 2672 5477 benedictione
2722 5419 3120 5488 episcoporum,
3177 5413 3420 5468 restituta
3477 5406 3583 5461 sive
3624 5395 3801 5486 recepit»

2301 5531 2398 5570 cur
2428 5516 2621 5570 iterum
2665 5527 2886 5569 causam
2937 5511 2991 5565 in
3030 5508 3382 5579 quiestionem
3429 5493 3803 5579 reducamus,

2300 5607 2429 5662 dere
2469 5619 2576 5659 non
2615 5617 2923 5675 possumus,
2947 5601 3160 5656 dicente
3203 5595 3462 5652 Domino:
3499 5586 3608 5642 Non
3639 5569 3802 5676 τςξιισδξξ

2297 5694 2584 5750 Dominum
2612 5668 2779 5748 Deum
2811 5702 2957 5747 tuum
2997 5689 3212 5763 (Matth.
3262 5701 3333 5748 IV,
3367 5684 3438 5754 7).
3486 5679 3547 5734 Et
3587 5668 3804 5727 audiamus

2299 5785 2443 5855 quod
2471 5771 2674 5840 audivit
2703 5785 2771 5840 ab
2797 5784 2887 5839 illo
2929 5784 2996 5839 ad
3034 5799 3182 5850 eum,
3210 5782 3394 5837 dicens
3424 5794 3438 5831 :
3472 5769 3720 5855 Μααίίιθῗξ,
3743 5765 3783 5803 η

2301 5848 2439 5932 abice
2458 5877 2513 5931 in
2542 5875 2709 5948 ﬁlium
2737 5892 2930 5941 meum,
2955 5890 3073 5930 ecce
3095 5848 3310 5930 spiritus
3351 5859 3657 5941 apprehendit
3673 5848 3785 5904 illul
