4026 6340
599 398 702 458 675

1569 384 1906 464 HINCMARI
1943 380 2345 443 RHEMENSIS
2381 382 2901 445 ARCHIEPISCOPI

3714 392 3789 447 076

598 512 667 571 Et
713 513 841 567 item
885 507 1147 578 scriptum
1171 511 1253 560 est
1286 521 1299 558 :
1332 501 1540 558 Reddes
1565 510 1739 556 autem
1767 499 1994 555 Domino
2027 499 2186 570 jura-
2214 500 2263 560 Α
2288 498 2549 553 sedentem
2591 515 2748 569 super
2790 497 2979 552 solium
3020 513 3190 563 suum,
3228 505 3277 551 et
3327 514 3519 552 omnem
3566 504 3791 559 exercitum

598 614 770 663 menta
800 614 891 657 tua
917 599 1132 673 (Matth.
1160 614 1215 664 v,
1242 596 1355 669 55).
1415 593 1473 651 Si
1504 593 1817 650 fidelitatem
1848 591 2049 648 seniori
2088 605 2185 646 suo

599 700 867 774 promisit,
897 684 1164 766 quomodo
1215 688 1341 747 huic
1386 689 1621 746 iilusioni
1650 696 1838 745 contra
1877 686 2027 741 illum
2053 700 2186 741 con-

601 773 803 852 sentire
841 783 1221 859 praesumpsit?
1254 781 1322 836 Et
1367 780 1412 836 si
1468 790 1595 836 tunc
1644 779 1788 834 inter
1816 778 1921 835 duo
1948 773 2188 849 pericula

598 884 841 956 positus,
895 879 1077 934 minus
1118 875 1187 931 de
1219 874 1537 946 juramento
1577 870 1851 943 negligere
1888 868 2074 939 elegit,
2129 873 2190 920 ut

600 958 773 1045 majus
824 986 892 1026 ne
942 968 1187 1041 proditor
1239 964 1596 1021 confessionis
1645 962 1800 1017 fieret
1871 959 2137 1016 devitaret
2172 998 2188 1023 ,

600 1082 766 1138 quare
797 1065 968 1137 ipsam
990 1060 1385 1117 confessionem
1415 1071 1559 1111 nunc
1584 1048 1856 1127 prodidit?
1891 1067 2013 1107 cmn
2050 1044 2187 1105 scri-

597 1169 748 1231 ptum
778 1158 852 1213 sit
880 1175 893 1210 :
929 1154 1031 1222 Qui
1061 1150 1296 1207 ambulat
1325 1147 1707 1222 fraudulenter,
1737 1143 1924 1200 revelat
1956 1157 2189 1206 arcana;

597 1252 687 1324 qui
710 1259 884 1305 autem
928 1244 1100 1315 ﬁdelis
1135 1253 1230 1309 est,
1259 1241 1423 1295 animi
1468 1238 1600 1294 celat
1639 1237 1974 1292 commissum
2005 1231 2186 1303 (Prov.

601 1322 681 1407 iu,
716 1339 828 1409 i5),
858 1352 924 1392 ac
952 1336 998 1392 si
1050 1343 1298 1406 patenter
1328 1330 1510 1387 dicat:
1545 1328 1648 1398 Qui
1694 1326 1860 1383 animi
1904 1342 2009 1381 non
2052 1322 2192 1379 celat

600 1433 947 1490 commissum
983 1426 1215 1483 infidelis
1241 1433 1343 1481 est.
1381 1424 1446 1478 Et
1471 1422 1672 1476 Paulus
1718 1418 1848 1474 dicit
1881 1416 2128 1472 fidelibus
2174 1431 2187 1468 :

602 1523 734 1590 Qua?
754 1539 876 1593 pars
905 1519 1051 1591 ﬁdeli
1076 1535 1194 1573 cum
1232 1515 1480 1585 inﬁdele?
1509 1511 1593 1586 (11
1626 1513 1748 1567 Cor.
1776 1527 1850 1577 vr,
1887 1508 2002 1581 15.)
2027 1507 2192 1564 Plura

599 1617 727 1673 hinc
770 1615 872 1671 dici
926 1620 1195 1684 poterant,
1223 1614 1320 1667 sed
1372 1608 1529 1665 nobis
1582 1624 1690 1664 non
1740 1604 2011 1662 convenit.
2042 1600 2191 1659 Onus

600 1709 745 1765 enim
800 1723 959 1763 suum
1002 1704 1372 1775 unusquisque
1410 1700 1666 1775 portabit.
1705 1698 1833 1755 Haec
1861 1706 2041 1752 autem
2067 1696 2194 1752 bre-

2289 587 2403 643 cazli
2456 589 2778 644 assistentem
2827 586 2876 642 ei
2923 604 2956 642 a
3000 586 3195 641 dextris
3238 596 3286 641 et
3317 603 3349 640 a
3388 586 3617 644 sinistris.
3648 588 3705 644 Et
3743 595 3795 647 ait

2288 677 2545 733 Dominus
2560 695 2579 733 :
2602 678 2732 745 Quis
2757 678 2973 749 decipiet
2994 677 3173 732 Achab
3198 694 3365 749 regem
3388 677 3567 745 Israel,
3590 690 3638 734 ut
3657 699 3794 738 ascer-

2290 773 2451 827 dat'et
2482 773 2638 827 cadat
2665 773 2719 827 in
2745 771 2970 827 Ramoth
3005 770 3252 827 Galaad.’
3293 771 3357 825 Et
3384 773 3512 826 dixit
3541 789 3660 831 unus
3683 778 3797 833 verba

2290 862 2677 936 hujuscemodi,
2708 874 2759 919 et
2784 864 2921 920 alius
2960 864 3129 919 aliter.
3164 864 3415 935 Egressus
3443 875 3513 919 est
3549 877 3697 920 autem
3723 870 3799 937 spi-

2293 959 2424 1013 ritus
2449 974 2628 1012 corum
2656 952 2903 1024 Domino,
2932 965 2979 1010 et
3002 956 3117 1011 ait:
3144 954 3257 1026 Ego
3286 955 3533 1026 decipiam
3561 955 3703 1010 illum.
3726 958 3798 1011 Cui

2292 1049 2495 1104 locutus
2526 1057 2601 1103 est
2628 1046 2907 1115 Dominus,
2950 1047 3019 1102 In
3043 1062 3145 1118 quo
3165 1047 3189 1101 .9
3210 1045 3281 1101 Et
3308 1045 3397 1101 ille
3437 1046 3507 1100 ait
3532 1061 3550 1101 :
3571 1044 3794 1119 Egredior,

2291 1154 2340 1197 et
2374 1160 2462 1198 ero
2510 1143 2727 1213 spiritus
2771 1136 2996 1195 mendax
3029 1142 3085 1197 in
3111 1156 3201 1195 ore
3231 1140 3467 1195 omnium
3498 1141 3801 1211 prophetarum

2292 1235 2427 1307 ejus.
2476 1234 2545 1289 Et
2583 1234 2716 1289 dixit
2763 1232 3022 1287 Dominus
3068 1246 3087 1285 :
3139 1230 3412 1302 Decipies,
3456 1238 3500 1284 et
3540 1228 3800 1299 pravalebis,

2292 1327 2554 1401 egredere,
2600 1337 2650 1381 et
2700 1326 2785 1396 fac
2832 1327 2905 1381 ita
2959 1324 3081 1397 (111
3137 1322 3267 1395 Reg.
3321 1340 3437 1392 ιιι,
3474 1323 3579 1393 l9).
3605 1324 3719 1391 Quid
3755 1324 3805 1379 sit

2293 1430 2476 1476 astare
2506 1420 2806 1492 malignum
2832 1420 3080 1492 spiritum
3106 1419 3357 1485 Domino,
3385 1426 3438 1474 et
3463 1416 3581 1488 quid
3607 1417 3668 1473 sit
3699 1418 3802 1491 quod

2293 1513 2657 1591 interrogasse
2708 1511 3001 1584 malignum
3048 1512 3302 1582 spiritum
3350 1510 3599 1567 Dominus
3638 1510 3803 1577 dicitur,

2292 1615 2348 1660 et
2369 1604 2603 1676 qualiter
2630 1604 2884 1674 loquatur
2906 1604 3050 1660 Deus
3088 1604 3157 1659 ad
3187 1601 3483 1674 malignum
3509 1602 3740 1673 spiritum,
3766 1610 3805 1659 et

2293 1697 2562 1769 malignus
2584 1696 2807 1768 spiritus
2836 1696 2903 1751 ad
2935 1695 3123 1760 Deum,
3163 1695 3361 1751 beatus
3402 1693 3613 1765 esponit
3649 1692 3803 1764 Grego-

599 1805 739 1860 viter
766 1801 1023 1867 diximus,
1052 1815 1158 1855 non
1209 1808 1270 1854 ut
1316 1797 1541 1854 credere
1582 1794 1666 1851 vel
1717 1792 1863 1849 credi
1913 1792 1981 1846 ab
2010 1790 2191 1861 aliquo
2219 1863 2255 1867 _
2295 1791 2408 1847 rius
2441 1788 2659 1862 (Horat.
2684 1805 2760 1855 χι,
2782 1806 2897 1861 cap.
2925 1784 2983 1861 4)
3015 1788 3068 1843 in
3094 1785 3381 1843 Moralium
3412 1786 3558 1844 libris
3593 1780 3802 1842 devotioni

600 1894 907 1963 huiusmodi
932 1890 1266 1961 derogationi
1296 1890 1363 1945 de
1395 1903 1720 1960 quocunque
1743 1885 2024 1942 sacerdote
2052 1882 2187 1939 veli-

600 2001 741 2051 mus,
789 1985 884 2041 sed
913 1993 971 2038 ut
1001 1998 1098 2038 nos
1138 1991 1408 2052 quatenus
1451 1979 1577 2034 hinc
1621 1974 2069 2047 responderemus
2097 1987 2194 2044 per

600 2091 797 2133 nomen
829 2074 1040 2131 Domini
1073 2070 1464 2128 obtestantibus
1495 2068 1863 2138 designemus,
1904 2060 2007 2120 hoc
2040 2060 2192 2119 nefas

600 2168 923 2242 proditionis
974 2176 1136 2236 atque
1189 2161 1535 2235 daplicitatis,
1572 2168 1627 2215 et
1673 2173 1998 2230 magnOpere
2036 2156 2192 2212 nobis

605 2276 726 2318 esse
754 2259 1057 2324 vitandum,
1104 2266 1156 2313 et
1178 2254 1341 2331 615
1395 2254 1449 2310 in
1478 2252 1730 2310 omnibus
1757 2248 2002 2323 profecto
2024 2246 2194 2304 homi-

603 2355 763 2411 nibus
795 2352 1189 2410 detestandum.

984 2463 1595 2531 INTERROGATIO
1638 2461 1808 2527 VIII.

673 2596 810 2658 Huic
848 2608 1028 2656 autem
1067 2599 1210 2655 dicto
1255 2597 1397 2666 quod
1446 2594 1600 2649 aiunt
1642 2591 1885 2663 quidam,
1935 2586 2190 2657 quoniam

603 2694 831 2750 intentio
863 2690 1005 2748 illius
1046 2689 1260 2745 femina:
1292 2685 1395 2741 fuit
1421 2684 1487 2740 de
1519 2685 1625 2739 alio
1669 2680 1908 2750 ejusdem
1954 2678 2192 2734 nominis

603 2784 773 2843 fratre
800 2798 917 2850 suo,
942 2781 1158 2854 quando
1180 2778 1441 2836 vicarium
1469 2790 1623 2832 suum
1649 2776 1700 2829 in
1724 2771 1988 2842 judicium
2010 2782 2108 2840 pro
2130 2782 2192 2825 se

606 2879 776 2942 misit,
806 2886 862 2933 et
891 2876 1092 2931 idcirco
1129 2884 1189 2929 se
1224 2872 1276 2927 in
1319 2869 1525 2943 judicio
1563 2866 1736 2923 isdem
1793 2862 2025 2919 vicarius
2070 2859 2193 2931 ejus

605 2984 712 3025 non
736 2964 903 3024 coxit.

1190 3074 1595 3134 RESPONSIO.

676 3192 840 3261 Quasi
864 3191 1030 3263 judex
1050 3189 1291 3245 onmium
1319 3203 1441 3259 quae
1467 3192 1748 3256 geruntur,
1775 3182 1866 3253 qui
1890 3179 2044 3236 novit
2068 3195 2189 3239 om-

607 3290 694 3346 nia
719 3287 883 3342 etiam
916 3293 1203 3353 antequam
1237 3281 1389 3345 fiant,
1407 3278 1497 3333 tali
1520 3290 1705 3331 errore
1728 3273 1909 3329 seduci
1932 3270 2192 3343 potuerit,

606 3395 930 3455 componere
970 3392 1257 3449 possumus
1301 3374 1445 3444 quod
1485 3371 1677 3426 Petrus
1718 3369 1774 3424 in
1821 3376 2014 3438 quarto
2056 3364 2194 3419 libro

605 3477 951 3545 Dialogorum
974 3485 1007 3525 a
1032 3470 1190 3524 beato
1213 3464 1496 3534 requisivit
1523 3459 1785 3531 Gregorio
1816 3475 1830 3511 :
1870 3475 1888 3509 ι
1925 3456 2195 3524 Quidnam

606 3574 712 3631 est,
752 3563 1022 3633 inquiens,
1056 3571 1239 3628 qumso
1278 3564 1363 3618 te,
1402 3553 1543 3622 quod
1582 3550 1821 3605 nonnulli
1883 3548 2036 3618 quasi
2091 3560 2196 3616 per

606 3674 849 3717 errorem
880 3651 1244 3709 extrahuntur
1271 3663 1301 3704 e
1324 3643 1590 3716 corpore?
1629 3642 1724 3699 Cui
1774 3642 1964 3697 beatus
1991 3638 2198 3708 Grego-

608 3750 723 3806 rius
749 3744 993 3802 referens
1021 3741 1089 3796 de
1112 3741 1323 3795 duobus
1360 3736 1667 3806 Stephanis,
1715 3734 1841 3802 quia
1883 3746 1989 3785 non
2026 3728 2193 3783 isdem

609 3838 940 3910 Stephanus,
965 3832 1057 3905 qui
1081 3827 1521 3901 adductusjudici
1547 3828 1612 3879 ad
1637 3824 1753 3878 loca
1780 3822 1972 3876 inferni
1995 3818 2194 3883 fuerat,

600 3934 785 4008 jussus
830 3932 1023 3990 adduci
1053 3930 1358 3993 exstiterat,
1390 3926 1484 3981 sed
1515 3922 1823 3992 Stephanus
1854 3917 1989 3971 alter
2021 3914 2197 3969 ferra—

609 4003 722 4082 rius
759 4044 773 4080 :
805 4035 860 4081 et
890 4024 980 4079 illo
1025 4021 1268 4085 reducto,
1300 4016 1610 4088 Stephanus
1654 4011 1939 4075 ferrarius,
1984 4006 2074 4077 qui
2106 4003 2200 4059 ad-

607 4119 729 4176 duci
780 4119 957 4174 fuerat
1009 4116 1227 4188 jussus,
1279 4110 1545 4166 adductus
1599 4114 1701 4163 est.
1758 4123 1775 4155 ι
1829 4098 1973 4163 Hoc,
2023 4095 2200 4167 inquit

606 4211 796 4267 beatus
845 4186 1141 4278 Gregorius
1171 4203 1308 4276 (cap.
1370 4200 1482 4270 36),
1536 4195 1967 4268 quotiescunque
2017 4188 2107 4253 fit,
2148 4186 2193 4242 si

606 4301 744 4359 bene
764 4300 1134 4377 perpenditur,
1174 4312 1281 4350 non
1309 4309 1465 4350 error
1491 4292 1585 4347 sed
1634 4288 1930 4343 admonitio
1956 4291 2058 4340 est.
2093 4278 2200 4336 Su-

606 4372 778 4466 perna
805 4372 950 4445 enim
982 4389 1161 4459 pictas
1201 4402 1268 4441 ex
1295 4399 1488 4454 magna
1519 4377 1909 4436 misericordim
1933 4390 2043 4431 sua:
2085 4372 2195 4427 lar-

608 4484 795 4555 gitate,
824 4480 1088 4552 disponit,
1123 4484 1181 4533 ut
1226 4475 1468 4532 nonnulli
1498 4475 1663 4529 etiam
1704 4480 1828 4544 post
1854 4470 2063 4525 exitum
2106 4482 2197 4521 res

607 4584 769 4644 pente
817 4571 884 4625 ad
942 4586 1139 4641 corpus
1181 4570 1405 4625 redeant
1448 4576 1503 4622 et
1551 4575 1818 4621 tormenta
1870 4560 2049 4627 inferi,
2078 4575 2297 4661 quae”.

609 4667 789 4719 audita
818 4680 925 4718 non
950 4663 1313 4728 crediderant,
1349 4660 1537 4716 saltem
1573 4659 1689 4713 visa
1735 4656 2140 4728 pertimescant.
2172 4672 2192 4705 ι

612 4757 680 4814 Ει
706 4767 826 4828 post
874 4756 1242 4811 narrationem
1289 4755 1355 4808 de
1398 4752 1697 4824 Stephano,
1729 4749 1822 4819 qui
1854 4748 2118 4803 adductus
2145 4754 2201 4799 et

612 4851 870 4907 reductus
912 4858 967 4904 et
999 4857 1185 4920 postea
1233 4846 1430 4902 iterum
1475 4843 1539 4899 ad
1590 4851 1860 4899 tormenta
1908 4842 2198 4912 perductus

608 4943 806 5010 fuerat,
839 4942 1079 4999 subdidit
1108 4940 1228 5012 (ib.,
1259 4940 1313 4994 in
1336 4938 1461 5010 ﬁne)
1490 4958 1503 4992 :
1544 4955 1563 4988 ‹
1598 4936 1714 5005 Qua
1741 4934 1809 4990 de
1832 4950 1887 4989 re
1910 4934 2193 5004 colligitur,

609 5036 736 5109 quia
766 5035 879 5106 ipsa
903 5048 1119 5104 quoque
1144 5030 1339 5086 inferni
1372 5028 1631 5100 supplicia
1665 5043 1788 5082 cum
1817 5027 2196 5081 demonstran-

612 5135 722 5191 tur,
746 5124 865 5181 aliis
893 5125 1009 5181 haec
1048 5124 1116 5179 ad
1152 5120 1505 5192 adjutorium,
1535 5119 1654 5175 aliis
1682 5134 1809 5173 vero
1850 5119 1917 5173 ad
1947 5118 2194 5173 testimo-

610 5219 759 5274 nium
804 5217 955 5285 fiant,
989 5224 1049 5271 ut
1090 5212 1178 5271 isti
1224 5215 1444 5270 videant
1490 5213 1629 5268 mala
1677 5227 1797 5283 quae
1839 5220 2086 5278 caveant,
2118 5204 2196 5264 illi

609 5327 737 5366 vero
762 5326 826 5366 eo
857 5310 1086 5381 amplius
1107 5307 1419 5380 puniantur,
1448 5321 1555 5377 quo
1581 5300 1776 5360 inferni
1808 5304 2069 5375 supplicia
2094 5317 2195 5359 nec

611 5406 723 5459 visa
770 5412 825 5459 et
862 5403 1077 5476 cognita
1120 5403 1293 5457 vitare
1327 5398 1627 5456 voluerunt.
1665 5419 1683 5451 ι
1717 5396 1809 5453 Sic
1852 5407 1905 5452 et
1946 5396 2088 5453 Deus
2125 5408 2194 5452 ex

612 5500 879 5570 scriptura
921 5496 1169 5552 veritatis
1212 5495 1370 5551 nobis
1412 5494 1776 5558 demonstrat,
1804 5490 1949 5561 quod
1980 5490 2049 5545 ad
2079 5504 2196 5544 cor-

612 5589 867 5647 rectiouis
906 5588 1170 5645 cautelam
1217 5587 1373 5642 nobis
1418 5583 1685 5663 proficiat,
1732 5590 1827 5638 aut
1865 5597 1932 5636 ex
1963 5576 2197 5635 retribu-

613 5681 759 5736 tione
779 5678 1003 5750 iustitiae
1024 5681 1089 5736 ad
1121 5677 1337 5752 gravius
1368 5675 1787 5748 delinquendum
1831 5674 1889 5731 in
1917 5673 2195 5730 cumulum

615 5771 975 5827 damnationis
1001 5778 1298 5826 excrescat.
1347 5768 1624 5838 Scriptum
1651 5776 1737 5823 est
1760 5767 1906 5824 enim
1953 5766 2008 5822 in
2054 5765 2195 5821 libro

617 5860 846 5933 Regum,
886 5862 1095 5919 dicente
1128 5861 1345 5917 Minima
1381 5860 1689 5933 propheta:
1741 5855 1862 5916 Vidi
1906 5858 2193 5917 Dominum

2226 3237 2266 3275 τ’

2233 3276 2267 3303 .s

2218 1863 2266 1924 Β
2293 1884 2555 1939 lectorum
2590 1880 2910 1937 notissimis.
2954 1878 3300 1949 Sequiturin
3334 1876 3553 1933 historia
3593 1873 3697 1932 libri
3730 1873 3804 1931 ite-

2295 1990 2420 2048 gum
2457 1993 2469 2028 :
2500 1972 2658 2028 Nunc
2680 1973 2840 2045 igitur
2869 1988 2984 2027 ecce
3018 1970 3163 2026 dedit
3192 1968 3452 2024 Dominus
3472 1967 3687 2040 spiritu
3703 1981 3805 2022 taen-

2294 2068 2434 2124 dacii
2463 2069 2517 2123 in
2541 2084 2631 2123 ore
2662 2068 2895 2123 omnium
2926 2065 3300 2139 prophetarum
3342 2062 3505 2138 616
3538 2073 3715 2118 tuorum
3741 2060 3803 2133 qui

2293 2160 2378 2218 hic
2407 2171 2550 2216 sunt.
2584 2156 2653 2214 Et
2687 2159 2943 2215 Dominus
2988 2157 3197 2212 locutus
3249 2166 3323 2213 est
3366 2166 3543 2211 contra
3570 2164 3615 2210 te
3638 2153 3799 2208 malum.

2291 2255 2361 2312 Et
2380 2262 2504 2326 post
2530 2253 2807 2323 aliquanta
2849 2266 2864 2305 :
2896 2248 3049 2305 Unus
3080 2258 3259 2304 autem
3294 2244 3506 2320 quidam
3531 2240 3714 2301 tetendit
3739 2259 3801 2298 ar-

2293 2365 2432 2416 cum,
2464 2347 2518 2401 in
2542 2346 2797 2399 incertum
2817 2343 3065 2415 sagittam
3105 2342 3361 2413 dirigens,
3384 2350 3431 2396 et
3462 2354 3580 2394 casu
3615 2334 3803 2409 percussit

2292 2452 2464 2508 regem
2487 2432 2682 2499 Israel,
2709 2434 2762 2489 id
2792 2441 2876 2489 est
2896 2431 3107 2499 Achab,
3130 2432 3274 2486 inter
3297 2430 3585 2504 pulmonem
3602 2434 3645 2482 et
3662 2432 3803 2480 stm-

2292 2530 2467 2585 cltum.
2494 2526 2563 2582 Et
2599 2525 2758 2599 paulo
2785 2535 2927 2595 post,
2958 2534 3004 2579 et
3032 2534 3274 2579 mortuus
3299 2533 3374 2578 est
3400 2536 3609 2591 vespere,
3633 2525 3679 2574 et
3700 2530 3804 2572 com-

2291 2623 2468 2696 pletus
2497 2630 2581 2677 est
2609 2621 2665 2676 in
2692 2636 2759 2675 eo
2781 2634 2962 2675 sermo
2989 2612 3208 2674 Domini
3254 2634 3353 2690 per
3393 2630 3598 2672 manum
3630 2610 3803 2669 licitae

2292 2714 2592 2787 praphetaa,
2620 2713 2687 2768 de
2712 2728 2818 2784 quo
2850 2721 3009 2767 antea
3038 2711 3256 2767 locutus
3303 2720 3387 2766 est
3433 2710 3568 2765 idem
3591 2702 3740 2761 Achab
3760 2698 3807 2755 ad

2292 2804 2554 2878 Josaphat
2576 2822 2754 2878 regem
2777 2804 2805 2861 Ι
2812 2805 2916 2860 uda
2936 2815 3278 2877 quaerentem
3304 2804 3611 2877 prophetam
3631 2794 3803 2856 Domini.

2292 2897 2584 2962 Remansit,
2615 2898 2790 2971 inquit
2817 2896 3028 2962 Achab,
3049 2897 3129 2951 uir
3151 2912 3296 2951 unus
3321 2912 3414 2967 per
3439 2909 3578 2967 quem
3599 2901 3804 2963 possm

2293 2992 2618 3060 interrogare
2640 2988 2945 3055 Dominum,
2978 2986 3066 3042 sed
3090 3003 3184 3058 ego
3214 2987 3310 3043 odi
3331 3002 3466 3053 eum,
3486 2986 3599 3057 quia
3624 2999 3707 3039 non
3721 2992 3803 3048 ριὀ·

2294 3080 2470 3151 phetat
2521 3080 2650 3133 mihi
2711 3079 2921 3146 bonum,
2964 3070 3055 3132 sed
3084 3076 3311 3132 malum.
3344 3074 3592 3135 Videlicet
3614 3069 3801 3142 quoniam

2298 3188 2426 3229 Vera
2457 3171 2530 3226 illi
2558 3173 2791 3237 dicebat,
2823 3180 2879 3227 et
2908 3172 3029 3227 ideo
3056 3171 3282 3227 odiebat
3309 3162 3450 3234 eum,
3475 3168 3675 3239 diligens
3695 3175 3803 3217 meu-

2298 3264 2461 3319 daces
2489 3263 2787 3330 ministros,
2823 3272 2881 3317 et
2930 3262 3032 3317 sibi
3063 3261 3262 3333 impios
3290 3278 3306 3330 ;
3346 3260 3486 3316 unde
3513 3257 3728 3326 scriptum
3748 3255 3804 3303 est

2299 3354 2483 3430 (Prov.
2527 3372 2680 3423 xxix,
2709 3354 2797 3427 1‘2)
2827 3372 2840 3410 :
2871 3352 3126 3426 Princeps
3151 3356 3243 3425 qui
3297 3354 3508 3409 libenter
3534 3350 3661 3406 audit
3696 3343 3802 3401 verba

2297 3450 2576 3515 mendacii,
2613 3465 2789 3503 omnes
2816 3447 3081 3503 ministros
3105 3444 3316 3502 habebit
3340 3445 3541 3517 impios.
3568 3440 3666 3509 Qua
3689 3437 3740 3493 de
3763 3446 3803 3487 re

2299 3543 2599 3598 timendum
2649 3549 2735 3596 est
2782 3540 2916 3612 regi,
2969 3548 3025 3595 et
3066 3539 3284 3595 cunctis
3334 3534 3602 3594 mendacio
3634 3525 3804 3586 credere

2297 3633 2629 3699 volentibus,
2658 3632 2817 3702 quasi
2839 3630 2985 3685 Deus
3021 3640 3115 3686 aut
3143 3627 3257 3683 falli
3300 3626 3546 3701 potuerit,
3573 3629 3652 3678 aut
3670 3616 3803 3674 fallere

2298 3741 2624 3797 quemquam
2654 3725 2712 3779 in
2758 3739 2817 3780 se
2863 3728 3011 3777 recte
3054 3718 3372 3776 credentem
3414 3718 3465 3772 in
3501 3710 3680 3785 judicio
3698 3702 3801 3767 velit,

2300 3829 2391 3876 aut
2442 3820 2680 3876 indebita
2727 3817 3103 3873 misericordia
3155 3816 3210 3872 in
3268 3813 3494 3871 crimine
3543 3797 3800 3865 eonsistenli,

2300 3927 2464 3986 atque
2492 3915 2703 3969 crimen
2740 3914 2916 3983 ipsum
2959 3910 3201 3983 neganti,
3230 3917 3290 3966 et
3318 3924 3377 3966 se
3420 3902 3632 3962 tentanti
3667 3896 3804 3986 delicti

2299 3984 2571 4072 misereri,
2599 4006 2691 4076 qui
2729 4004 2894 4060 etiam
2942 4001 3166 4073 pauperi
3222 4001 3281 4056 in
3323 3998 3515 4071 iudicio
3536 3992 3613 4051 vel
3640 3984 3805 4047 subd?

2303 4108 2454 4155 tentu
2487 4098 2707 4169 pietatis
2748 4095 2999 4152 misereri
3049 4094 3362 4165 prohibuit,
3411 4105 3477 4148 ne
3515 4094 3705 4161 propter
3733 4076 3802 4133 alii

2302 4201 2614 4264 perpetrata
2660 4200 2906 4261 peccata,
2959 4189 3026 4243 de
3077 4188 3279 4260 quibus
3335 4201 3441 4242 non
3501 4175 3803 4264 satisfeceram

2301 4262 2554 4348 Domino,
2579 4294 2647 4336 ex
2682 4279 3038 4336 retributione
3069 4278 3320 4348 iustitia),
3349 4292 3379 4332 a
3410 4274 3646 4332 mendaci:
3661 4262 3801 4338 ιμὶΐίιυ

2303 4377 2653 4442 seducuntur,
2686 4383 2744 4429 ut
2784 4374 3075 4439 intereant,
3109 4382 3164 4428 et
3194 4372 3250 4427 in
3298 4372 3458 4427 alium
3500 4369 3711 4438 laqueum
3742 4355 3803 4411 de‘

2262 4454 2265 4457 η
2303 4469 2445 4539 cepti
2474 4468 2694 4533 cadant,
2724 4466 2867 4522 sicut
2896 4467 2960 4522 de
2981 4464 3305 4537 quihusdam
3330 4462 3520 4519 Paulus
3535 4458 3678 4515 dicit:
3704 4448 3803 4539 ΟΨ

2305 4563 2449 4616 niam
2484 4576 2603 4614 cum
2631 4536 3203 4630 cognovissentDeum,
3238 4572 3344 4612 non
3363 4555 3495 4611 sicut
3519 4551 3667 4606 Deum
3690 4536 3802 4630 glori"

2304 4656 2612 4724 ﬁcaverunt,
2659 4627 2751 4704 aut
2800 4649 3001 4721 gratias
3050 4658 3286 4718 egerunt,
3339 4643 3429 4701 sed
3463 4638 3731 4698 suanm!”
3765 4627 3801 4677 ίκ

2306 4743 2706 4819 cogitationibus
2736 4744 2870 4809 suis,
2914 4748 2961 4795 et
3015 4741 3348 4795 obscuratum
3390 4744 3463 4792 est
3499 4728 3710 4799 insipiens
3738 4730 3802 4818 at"

2304 4808 2519 4907 eorum;
2569 4835 3103 4911 proptereatradidit
3150 4833 3272 4889 illos
3323 4832 3460 4886 Deus
3511 4828 3564 4880 in
3607 4808 3800 4911 desideria

2305 4933 2477 4990 cordis
2505 4930 2738 4997 illorum,
2774 4931 2831 4984 in
2869 4927 3282 4991 immunditiam,
3317 4932 3373 4978 ut
3411 4910 3694 4975 contumeliis
3716 4899 3799 4997 Δαξ·

2307 5024 2443 5079 ciant
2473 5037 2691 5093 corpora
2716 5030 2833 5083 sua,
2862 5017 3145 5072 mercedem
3178 5016 3371 5070 erroris
3406 5011 3484 5066 sui
3509 5009 3557 5060 in
3579 4995 3797 5093 scindit?!“

2308 5116 2609 5184 recipientes
2632 5126 2650 5164 :
2672 5122 2717 5166 et
2742 5111 2989 5182 quoniam
3016 5124 3119 5162 non
3144 5106 3481 5178 probaverunt
3501 5098 3644 5153 Deum
3660 5085 3796 5143 habere

2306 5211 2363 5265 in
2399 5208 2658 5271 notitiam,
2692 5202 2911 5259 tradidit
2951 5201 3073 5257 illos
3106 5199 3245 5255 Deus
3273 5201 3327 5252 in
3354 5195 3604 5267 reprobum
3623 5186 3793 5239 sensum

2307 5312 2362 5357 ut
2385 5301 2587 5373 faciant
2611 5314 2729 5371 qua:
2759 5313 2861 5352 non
2891 5294 3236 5359 conveniunt;
3262 5296 3317 5347 et
3341 5289 3407 5344 ad
3433 5272 3793 5365 Thessalonicae

2308 5371 2396 5453 ses
2421 5394 2509 5467 (11
2531 5390 2712 5449 Thess.
2739 5407 2799 5458 ιι,
2832 5388 2920 5461 10)
2957 5408 2971 5442 τ
3015 5387 3122 5442 Pro
3152 5396 3213 5442 eo
3242 5383 3378 5456 quod
3398 5371 3794 5467 dilectionan

2305 5455 2440 5545 tatis‘
2461 5502 2566 5543 non
2591 5455 2990 5556 receperunt'ad
3038 5482 3135 5535 hoc
3176 5488 3231 5533 ut
3255 5455 3403 5533 salvi
3448 5471 3625 5556 ﬁerent,
3649 5455 3791 5556 idcirco

2300 5574 2547 5635 immittet
2573 5573 2681 5630 illis
2705 5550 2851 5628 Deus
2889 5572 3132 5641 spiritum
3174 5566 3385 5631 erroris,
3415 5570 3466 5615 ut
3489 5550 3791 5641 credant-Ni:

2302 5629 2765 5742 quatenus
2781 5629 3088 5736 judicentur
3113 5675 3289 5716 omnes
3307 5629 3394 5727 qui
3416 5666 3514 5742 non

2303 5728 2542 5830 veritati,
2585 5761 2676 5817 sed
2726 5764 3098 5821 consenserunt
3133 5749 3413 5825 iniquitati.
3453 5739 3589 5800 Unde

2303 5808 2936 5927 Augusti'ndsuin'teiaa
2950 5808 3095 5904 iis...
3126 5847 3192 5903 de
3221 5808 3486 5900 artuum
3520 5834 3637 5902 (cap.
3662 5816 3717 5885 7).
3738 5808 3789 5861 ιον
