4026 6340
147 413 262 469 677

1081 413 1168 468 DE
1206 409 1539 469 DlVORTlO
1573 408 1903 467 LOTHARII
1942 408 2032 467 ET
2069 408 2483 485 TETBERGE.

3320 408 3428 473 678

148 542 335 598 quens
384 527 452 582 dc
491 524 780 595 praestigiis
813 538 844 579 a
874 524 1046 596 magis
1086 525 1387 580 Pharaonis
1416 524 1586 596 Moysi
1615 524 1750 579 resi-
1776 523 1823 585 Α
1855 530 1961 586 tur,
1980 521 2251 579 aSimone
2281 522 2451 595 Mago,
2469 538 2629 593 quem
2652 521 2989 589 deseruerat,
3014 530 3291 595 unguento
3313 539 3437 596 per-

147 617 433 672 steutibus
476 612 637 671 factis
686 614 835 680 dicit,
874 634 892 667 ι
931 614 1180 687 intelligi,
1226 615 1638 687 inquit,‘datur,
1681 629 1749 670 ne

149 712 308 781 ipsos
352 708 573 782 quidem
625 717 1058 779 transgressores
1090 709 1329 780 angelos,
1370 716 1423 766 et
1453 709 1629 764 aerias
1653 723 1749 780 po-

151 809 416 868 testates,
447 801 500 856 in
539 800 701 855 imam
731 801 892 855 istam
937 799 1243 874 caliginem,
1289 809 1543 872 tanquam
1578 799 1631 854 in
1664 798 1747 854 sui

151 891 387 964 generis
410 905 709 957 carcerem,
739 889 807 946 ab
835 890 978 946 illius
1005 888 1249 947 sublimis
1271 890 1508 946 aetheriae
1538 886 1744 959 purita-

152 984 228 1039 tis
282 980 623 1039 habitatione
679 985 945 1046 detrusas,
999 998 1095 1053 per
1145 998 1281 1053 quas
1332 978 1553 1054 magica!
1601 987 1748 1035 artes

148 1085 391 1148 possunt
431 1073 693 1148 quidquid
743 1082 989 1147 possunt,
1044 1074 1225 1129 valere
1253 1073 1454 1146 aliquid
1492 1072 1596 1129 nisi
1623 1071 1747 1128 data

152 1172 394 1240 desuper
441 1175 729 1239 potestate.
784 1168 953 1221 Datur
1000 1175 1206 1233 autem,
1254 1162 1336 1221 vel
1387 1166 1455 1220 ad
1486 1164 1749 1221 fallendos

152 1259 404 1325 fallaces,
437 1256 577 1315 sicut
604 1246 659 1315 in
689 1256 996 1330 Egyptios,
1028 1266 1082 1314 et
1110 1254 1163 1313 in
1186 1254 1335 1329 ipsos
1367 1258 1528 1313 etiam
1560 1274 1748 1330 magos

153 1337 283 1411 data
314 1364 421 1421 est,
451 1362 508 1407 ut
541 1353 596 1408 in
626 1368 814 1409 eorum
849 1352 1135 1424 spirituum
1169 1348 1482 1407 seductionc
1504 1349 1750 1405 videren-

155 1457 248 1511 tur
293 1445 623 1512 admirandi,
676 1462 704 1498 a
750 1444 945 1515 quibus
985 1440 1186 1498 ﬁebant
1214 1438 1308 1500 Del
1341 1442 1569 1497 veritate
1598 1442 1748 1497 dam-

154 1538 327 1595 nandi
372 1557 385 1593 :
431 1536 517 1592 vel
542 1536 610 1592 ad
639 1535 1008 1591 admonendos
1054 1534 1237 1591 ﬁdeles
1286 1550 1354 1590 ne
1399 1530 1506 1589 tale
1545 1533 1749 1605 aliquid

156 1632 347 1688 facere
374 1647 474 1704 pro
518 1645 716 1700 magno
748 1626 1076 1696 desiderent,
1119 1637 1338 1701 propter
1384 1628 1527 1699 quod
1583 1628 1747 1684 etiam

156 1722 319 1779 nobis
366 1722 664 1793 Scriptura:
703 1722 1028 1776 auctoritate
1079 1729 1204 1775 sunt
1248 1719 1462 1792 prodita
1498 1738 1511 1775 :
1542 1718 1626 1777 vel
1681 1720 1747 1774 ad

1852 623 2069 693 unctus,
2103 610 2345 684 ejusdem
2380 614 2621 672 Simonis
2672 616 2963 688 imaginem
2993 616 3237 672 omnium
3262 618 3435 674 oculis

1852 706 2152 774 referebat,
2183 707 2329 763 solus
2358 706 2551 763 Petrus
2584 721 2705 763 eum
2742 706 2831 777 qui
2859 714 2976 762 erat
3007 708 3339 775 intuebatur,
3381 716 3439 765 et

1850 813 2013 855 orans
2058 797 2350 868 discipulos
2382 797 2451 853 ad
2486 812 2671 854 eorum
2710 799 2897 854 oculos
2930 799 3227 864 revocavit,
3263 810 3319 854 et
3345 801 3437 855 de-

1851 892 1968 948 luso
1990 890 2370 963 phantasmate
2404 889 2727 947 intuentium
2751 890 3028 946 obtutibus
3050 891 3284 962 speciem
3312 906 3439 961 pro-

1849 982 2023 1054 priam
2042 984 2290 1041 reddidit.
2319 982 2426 1039 Sed
2447 994 2502 1039 et
2525 982 2581 1038 in
2603 982 2725 1039 Vita
2745 980 2968 1039 Joannis
2992 982 3244 1039 monachi
3266 996 3439 1054 quon-

1850 1076 1974 1131 dam
2011 1085 2265 1148 parentes
2296 1074 2462 1131 ﬁliam
2495 1078 2649 1131 suam
2676 1082 2936 1145 operante
2968 1071 3214 1131 daemone
3240 1088 3437 1144 equam

1849 1181 1970 1223 esse
2019 1168 2330 1224 cernebant.
2382 1164 2439 1221 in
2489 1165 2786 1239 Evangelia
2829 1179 3045 1237 quoque
3094 1166 3327 1236 legimus
3371 1166 3437 1221 de

1849 1260 2059 1318 duobus
2086 1260 2366 1332 discipulis
2393 1274 2516 1316 cum
2552 1257 2771 1316 Christo
2801 1257 3154 1330 pergentibus
3185 1270 3252 1315 ac
3284 1259 3438 1315 dubl-

1851 1350 2109 1421 tantibus,
2152 1352 2277 1426 quia
2320 1352 2462 1410 oculi
2497 1368 2686 1410 eorum
2719 1352 3045 1411 tenebantur
3085 1368 3156 1410 ne
3184 1366 3309 1409 eum
3346 1368 3439 1424 ag-

1849 1454 2138 1501 noscerent
2181 1442 2332 1517 (Luc.
2366 1460 2525 1511 xxw,
2563 1445 2672 1518 16).
2722 1445 2875 1515 Quod
2914 1444 3356 1517 impedimentum
3384 1445 3438 1500 in

1849 1538 2022 1596 oculis
2050 1555 2239 1597 eorum
2261 1554 2369 1596 non
2403 1539 2828 1614 incongruenter
2860 1539 3157 1611 accipimus
3183 1555 3212 1594 a
3236 1536 3440 1594 Satana

1849 1632 2038 1702 fuisse,
2080 1651 2147 1690 ne
2182 1643 2570 1708 agnosceretur
2599 1633 2757 1691 Jesus
2786 1652 2799 1688 :
2829 1633 2923 1690 scd
2953 1642 3135 1690 tamen
3165 1646 3196 1687 a
3221 1630 3439 1688 Christo

1852 1723 1992 1779 facta
2021 1731 2107 1780 est
2132 1724 2420 1796 permissio
2448 1740 2621 1797 usque
2648 1725 2717 1781 ad
2741 1731 3144 1780 sacramentum
3171 1723 3349 1793 panis,
3380 1728 3441 1777 ut

157 1812 546 1879 exercendam.
588 1811 945 1883 Ρτοὺειιιάίιηὶ,
974 1809 1539 1882 manifestandamque
1579 1807 1751 1879 justo-
1852 1817 2063 1874 unitate
2086 1819 2330 1890 corporis
2351 1817 2469 1889 ejus
2499 1817 2845 1889 participata,
2878 1816 3147 1873 removeri
3170 1812 3441 1885 intelliga-

157 1921 275 1960 τυηι
299 1903 644 1976 Ρθιίεηίίθηιο
680 1901 865 1973 Neque
886 1901 1032 1956 enim
1058 1916 1225 1973 Parva
1258 1900 1550 1956 ViSibilillm
1582 1902 1745 1957 mira-
1776 1892 1821 1952 Β
1851 1917 1939 1965 tur
1958 1909 2989 1982 impedimentuminimici,utChristus
3003 1908 3173 1980 possit
3194 1907 3433 1981 agnosci.

154 1998 405 2053 culorum
441 1994 682 2068 potentia
734 1992 834 2051 Joh
871 2002 1065 2049 cuncta
1107 2009 1227 2063 quae
1268 1993 1501 2049 habebat
1540 1993 1742 2060 amisit,

153 2099 208 2144 et
257 2086 423 2154 ﬁlios,
472 2096 528 2143 et
576 2088 749 2159 ipsam
793 2087 1037 2157 corporis
1078 2085 1388 2139 sanitatem.
1426 2105 1446 2137 ι
1476 2084 1744 2156 Quidquid

155 2182 330 2255 angeli
369 2191 802 2252 transgressores
842 2178 971 2234 mali
1001 2178 1226 2244 faciunt,
1260 2194 1367 2233 non
1410 2178 1541 2248 ipsis
1578 2179 1746 2234 servit

154 2274 221 2330 ad
247 2284 438 2331 nutum
465 2284 719 2330 creatura
746 2273 1070 2345 corporalis,
1101 2272 1194 2328 scd
1226 2272 1358 2339 Deo,
1395 2272 1559 2347 617
1583 2289 1613 2327 a
1636 2289 1744 2344 quo

156 2368 314 2423 datur
335 2376 593 2438 potestas.
609 2366 722 2422 Nec
742 2368 862 2423 ideo
873 2366 1169 2437 putandum
1192 2376 1274 2420 est
1300 2364 1418 2420 istis
1443 2376 1745 2439 transgres-

157 2461 372 2517 soribus
399 2460 605 2531 angelis
630 2461 701 2519 ad
724 2468 910 2514 nutmn
933 2457 1140 2514 servire
1168 2457 1310 2513 hanc
1338 2456 1630 2512 visibilium
1654 2474 1742 2515 re-

158 2570 273 2609 rum
306 2554 626 2623 materiem,
674 2552 768 2607 sed
800 2550 910 2606 Deo
933 2550 1113 2621 potius
1153 2567 1182 2604 a
1217 2565 1323 2620 quo
1352 2549 1467 2603 haec.
1504 2558 1743 2621 potestas

159 2649 346 2713 datur,
380 2658 643 2720 quantum
687 2646 743 2701 in
788 2642 1007 2700 sublimi
1038 2653 1091 2700 et
1117 2644 1347 2716 spiritali
1377 2644 1502 2700 sede
1532 2645 1740 2699 incom-

159 2739 433 2799 mutabilis
453 2741 680 2811 judicat.
712 2739 845 2795 Nam
874 2748 929 2795 et
953 2738 1224 2794 damnatis
1250 2737 1449 2808 iniquis
1488 2738 1649 2792 etiam
1686 2736 1741 2792 in

159 2834 376 2891 metallo
402 2834 573 2891 servit
624 2849 791 2905 aqua.
833 2840 888 2886 et
938 2831 1097 2902 ignis,
1142 2840 1195 2887 et
1234 2841 1400 2895 terra,
1438 2837 1497 2884 ut
1540 2829 1744 2885 faciant

160 2925 279 2983 inde
311 2942 421 2983 non
445 2924 590 2997 quod
616 2922 822 2990 volunt,
851 2923 945 2978 sed
970 2930 1233 2994 quantum
1265 2921 1465 2976 linitur.
1504 2941 1522 2974 ›

257 3036 867 3101 lNTERROGATIO
910 3035 1002 3099 IX
1045 3054 1124 3096 ET
1167 3033 1621 3095 RESPONSIO.

225 3138 335 3196 Sed
378 3138 740 3194 concedamus
772 3144 831 3190 ut
867 3136 1019 3192 fraus
1048 3134 1325 3204 injudicio
1357 3132 1522 3190 fuerit
1549 3147 1741 3205 opera-

158 3234 301 3289 tione
348 3232 564 3295 diaboli,
619 3232 712 3301 qui
749 3230 880 3286 licet
919 3229 1218 3300 perdiderit
1257 3226 1485 3326 angelici
1514 3227 1740 3297 spiritus
1765 3263 1812 3326 ρ

155 3325 403 3396 gloriam,
444 3324 537 3379 sed
567 3337 676 3378 non
710 3321 895 3376 amisit
918 3330 1126 3377 natura:
1152 3317 1525 3381 subtilitatem,
1549 3325 1605 3372 ct
1622 3330 1739 3389 per-

155 3416 404 3471 mittente
460 3413 711 3479 Domino,
765 3421 859 3467 aut
902 3426 1003 3483 pro
1053 3410 1367 3466 inﬁdelitate
1428 3425 1535 3466 non
1591 3416 1741 3465 recte

154 3509 506 3573 credentium,
548 3516 643 3563 aut
671 3522 772 3578 pro
812 3506 1131 3577 purgatione
1168 3504 1433 3571 ﬁdelium,
1462 3511 1520 3560 ut
1544 3501 1740 3559 ludam

154 3602 370 3673 plenum
422 3600 606 3671 iniqua
653 3599 932 3655 voluntate
978 3598 1197 3653 Christo
1251 3598 1738 3653 communicanient

155 3695 537 3767 strangulavit,
576 3703 630 3749 et
655 3693 884 3749 Paulum
918 3700 1041 3763 post
1080 3691 1224 3746 tertii
1253 3689 1376 3746 caeli
1406 3698 1618 3761 raptum
1649 3704 1741 3745 co-

154 3788 484 3859 laphizavit,
544 3787 613 3844 ad
678 3786 913 3846 maxima
974 3784 1278 3841 exercenda
1333 3782 1585 3847 occulto,
1644 3781 1738 3837 sed

152 3898 419 3952 nusquam
460 3880 693 3950 injusto,
738 3879 1068 3951 permittitur
1107 3877 1289 3933 divino
1314 3876 1553 3948 judicio,
1597 3876 1738 3931 sicut

152 3991 248 4047 per
277 3989 463 4045 magos
492 3973 788 4031 Pharaonis
819 3972 985 4027 multa
1025 3981 1142 4029 acta
1189 3978 1343 4038 sunt,
1375 3986 1495 4043 quae
1530 3969 1739 4042 Moyses

153 4069 418 4142 propheta
439 4067 652 4125 Domini
676 4067 897 4125 fecerat.
917 4067 981 4121 Et
1007 4066 1073 4121 ad
1102 4064 1471 4137 probationem
1491 4063 1592 4121 Job
1612 4080 1738 4120 aera

152 4172 279 4220 sunt
317 4171 620 4239 commota,
656 4161 796 4231 ignis
824 4163 890 4217 de
923 4160 1062 4217 cmlo
1091 4159 1241 4215 aerio
1280 4175 1407 4216 oves
1434 4173 1737 4231 puerosque

154 4258 506 4329 consumde
530 4256 597 4312 Et
616 4255 984 4313 Antichristus
1003 4270 1099 4326 per
1120 4270 1178 4310 sc
1204 4269 1438 4324 suosque
1461 4251 1737 4309 ministros

156 4352 321 4411 multa
350 4360 673 4422 operaturus
701 4356 816 4414 est,
859 4349 933 4403 ita
962 4356 1019 4403 ut
1053 4347 1106 4402 iu
1141 4362 1381 4403 errorem
1413 4345 1739 4401 inducantur

154 4443 321 4498 etiam
350 4443 399 4499 si
426 4442 541 4497 ﬁeri
564 4447 745 4512 potest
772 4439 953 4497 electi.
980 4438 1048 4494 Et
1072 4453 1169 4508 per
1206 4435 1591 4509 Pythonissam
1615 4451 1738 4507 spe-

153 4536 265 4591 cies
293 4532 564 4590 Samuelis
596 4541 814 4588 ostensa
852 4537 953 4586 est.
994 4529 1061 4584 Et
1093 4530 1144 4584 in
1188 4529 1331 4583 libro
1367 4526 1734 4599 Dialogorum,

153 4627 428 4683 scribente
462 4632 651 4680 sancto
671 4620 934 4693 Gregorio
951 4661 964 4685 ,
990 4618 1217 4689 legimus
1240 4619 1257 4689 (

161 4738 178 4771 ι
220 4719 358 4787 Quia
385 4718 450 4771 de
476 4717 694 4771 invento
727 4714 890 4779 idolo,
922 4721 977 4766 et
1002 4711 1068 4765 ad
1098 4712 1285 4766 horam
1318 4726 1444 4766 casu
1468 4708 1523 4764 in
1548 4708 1734 4779 coqui-

155 4828 279 4867 nam
304 4808 569 4882 projecto,
589 4807 739 4861 exire
765 4804 905 4876 ignis
926 4809 1147 4872 repente
1176 4802 1321 4855 visus
1350 4809 1455 4866 est,
1481 4809 1642 4869 atque
1680 4799 1736 4853 in

154 4912 477 4957 cunctorum
515 4898 899 4953 monachorum
927 4888 1123 4955 oculis,
1153 4891 1278 4963 quia
1308 4905 1469 4945 omne
1497 4888 1737 4957 ejusdem

153 4993 405 5063 coquina'
424 4989 714 5046 mdiliclnm
748 4992 1166 5043 consumeretur
1193 4982 1432 5038 ostendit
1461 4998 1475 5035 :
1508 4994 1739 5050 cmnque

146 5083 408 5153 iactando
448 5095 642 5150 aquam
683 5088 738 5133 et
772 5078 951 5148 ignem
993 5074 1149 5145 quasi
1193 5072 1589 5141 exstinguendo
1620 5086 1741 5139 pcr-

153 5178 480 5246 strepcrcnt,
522 5172 768 5243 pulsatus
812 5171 881 5225 ab
916 5169 1106 5224 eodem
1141 5165 1372 5221 tumultu
1408 5166 1493 5219 vir
1526 5163 1740 5221 Domini

148 5268 477 5326 Benedictus
495 5265 744 5329 adtenit,
768 5254 1127 5332 qui‘eumdem
1155 5259 1330 5330 ignem
1364 5258 1416 5312 in
1440 5256 1610 5311 oculis
1633 5256 1740 5311 fra-

149 5368 296 5415 trum
329 5372 479 5422 esse,
516 5357 569 5411 in
599 5356 713 5413 suis
734 5366 867 5409 vero
895 5366 1001 5407 non
1031 5362 1151 5411 esse
1175 5350 1543 5411 considerans,
1577 5356 1738 5417 caput

145 5451 405 5524 protinus
436 5448 489 5504 in
523 5447 825 5505 cntionem
857 5443 1084 5509 inﬂexit,
1127 5450 1181 5497 et
1226 5457 1343 5507 eos,
1391 5455 1528 5510 quos
1556 5440 1730 5510 phan-

142 5542 351 5600 tastico
370 5540 574 5612 reperit
600 5534 724 5611 igne
746 5535 926 5594 deludi
945 5577 962 5603 ,
986 5534 1256 5591 revocavit
1284 5532 1482 5588 fratres
1511 5531 1578 5588 ad
1605 5547 1734 5588 ocu-

144 5635 229 5691 los
252 5646 410 5701 suos,
449 5640 511 5688 ut
543 5640 600 5689 et
613 5642 813 5688 unum
845 5627 975 5685 illud
1001 5625 1246 5696 coquinae
1273 5623 1561 5680 aediﬁcium
1595 5623 1735 5679 assi-

144 5733 297 5780 stere
338 5731 649 5788 cernerent,
685 5726 742 5777 et
782 5718 1049 5783 ﬂammas,
1091 5732 1226 5787 quas
1268 5714 1525 5785 antiquus
1563 5712 1737 5770 hostis

144 5816 405 5880 ﬁnxerat,
429 5828 535 5869 non
557 5813 821 5868 viderent.
845 5830 863 5861 ι
889 5809 959 5867 Et
975 5809 1030 5864 in
1053 5805 1195 5863 Petri
1223 5804 1505 5862 ltinerario
1529 5803 1597 5858 de
1616 5803 1738 5860 Cle-

141 5907 352 5963 mentis
371 5914 523 5977 patre
549 5904 764 5977 legitur,
794 5902 938 5972 quod
964 5908 1081 5956 uta
1106 5898 1358 5957 ﬁdelibus
1398 5897 1735 5953 interﬁcere-

1852 1998 1942 2056 Sic
1970 2009 2025 2056 et
2049 2018 2156 2056 non
2189 2001 2406 2065 mirum,
2436 2002 2481 2058 si
2523 2002 2576 2057 in
2599 2000 2823 2073 judicio,
2852 2000 3021 2073 618
3059 1998 3313 2073 exigente
3352 1999 3439 2056 iri-

1848 2090 2167 2148 credulitate
2200 2094 2567 2149 haesitantium
2599 2102 2762 2164 atquo
2808 2093 2863 2148 in
2907 2093 3012 2149 ﬁde
3042 2088 3434 2161 dubitandum,

1849 2183 1975 2238 talia
2000 2186 2279 2256 permittat
2307 2186 2565 2242 Dominus
2606 2186 2755 2253 ﬁeri,
2794 2186 2883 2258 qui
2909 2186 3070 2242 talem
3111 2203 3167 2243 se
3190 2184 3438 2243 exhibuit

1848 2277 1901 2333 in
1948 2277 2120 2334 oculis
2151 2279 2511 2335 dubitantium
2542 2278 2698 2347 foris,
2739 2280 2917 2352 qualis
2949 2279 3252 2336 habebatur
3278 2280 3423 2351 apud

1847 2386 1940 2427 eos
1965 2370 2111 2427 intus
2138 2391 2149 2426 :
2177 2373 2320 2444 quod
2346 2372 2549 2429 factum
2576 2380 2658 2429 est
2685 2374 2738 2428 ln
2766 2388 2955 2429 eorum
2987 2371 3178 2441 oculis,
3210 2389 3317 2428 non
3341 2388 3437 2429 ve-

1846 2460 2006 2517 ritate
2037 2462 2277 2531 fallente,
2308 2466 2401 2520 sed
2428 2464 2560 2535 ipsis
2585 2466 2871 2521 veritatem
2899 2463 3182 2536 percipere
3204 2481 3308 2520 non
3340 2481 3435 2520 va-

1844 2554 2181 2623 lentibus,et
2215 2556 2357 2612 aliud
2393 2573 2554 2628 quam
2587 2573 2674 2613 res
2694 2566 2779 2613 est
2805 2556 3177 2627 opinantibus.
3204 2554 3360 2613 Sicut
3379 2562 3435 2613 et

1842 2649 2340 2721 beatusGregorius
2355 2651 2419 2705 de
2436 2649 2602 2705 Maria
2626 2650 2759 2706 dicit
2796 2652 2958 2722 (hom.
3000 2650 3070 2706 25
3101 2646 3430 2723 inEvang.):

1850 2761 1869 2796 ι
1897 2743 2027 2812 Quae
2044 2743 2329 2798 Dominum
2345 2744 2640 2814 quaerebat,
2658 2759 2819 2816 quem
2832 2760 2955 2799 resu
2965 2743 3197 2799 rrexisse
3213 2743 3434 2798 minime

1843 2841 2128 2906 credebat;
2160 2839 2253 2896 sed
2286 2842 2412 2911 quia
2444 2841 2660 2896 amabat
2701 2849 2758 2896 et
2792 2840 3103 2906 dubitabat,
3136 2838 3353 2894 videbat
3380 2844 3435 2895 et

1842 2949 1949 2989 non
1979 2932 2337 3003 agnoscebat,
2370 2947 2600 3003 cumque
2640 2931 2713 2986 illi
2746 2939 2802 2987 ct
2827 2946 2981 2987 amor
3004 2930 3347 2998 ostenderat,
3381 2940 3436 2986 et

1842 3021 2091 3078 dubietas
2110 3021 2493 3078 abscondebat.
2530 3042 2550 3074 ι
2584 3020 2652 3077 Et
2680 3021 2921 3092 praefatis
2952 3022 3163 3077 duobus
3193 3020 3433 3093 discipu-

1842 3111 1909 3169 lis
1945 3113 2346 3169 ambulantibus
2383 3113 2436 3168 in
2483 3113 2604 3181 via,
2656 3129 2763 3169 non
2803 3110 3019 3184 quidem
3062 3114 3431 3181 credentibus,

1842 3204 2105 3261 Dominus
2132 3206 2406 3278 apparuit,
2435 3206 2529 3262 sed
2569 3206 2649 3261 eis
2692 3205 2925 3278 speciem
2967 3222 3128 3278 quam
3167 3222 3431 3279 recogno-

1843 3308 2061 3353 scerent
2094 3313 2199 3352 non
2226 3297 2482 3352 ostendit.
2518 3296 2631 3353 lioc
2666 3312 2797 3367 ergo
2836 3294 2945 3369 egit
2987 3296 3132 3352 foras
3171 3292 3435 3355 Dominus

1840 3390 1896 3446 in
1928 3390 2101 3446 oculis
2128 3391 2405 3463 corporis,
2436 3391 2581 3462 quod
2607 3392 2747 3463 apud
2778 3406 2871 3446 eos
2913 3393 3175 3462 agebatur
3203 3392 3349 3447 intus
3375 3392 3433 3448 iu

1839 3481 2012 3538 oculis
2050 3482 2254 3538 cordis.
2288 3480 2431 3536 Nihil
2462 3498 2593 3555 ergo
2624 3480 2855 3554 simplex
2885 3483 3086 3538 veritas
3117 3498 3215 3553 per
3258 3481 3434 3553 dupli-

1840 3575 2057 3630 citatcm
2086 3573 2248 3641 fecit,
2281 3576 2374 3630 sed
2408 3575 2567 3631 talem
2600 3592 2658 3629 se
2688 3575 2767 3630 eis
2797 3574 3044 3630 exhibuit
3078 3574 3131 3629 in
3178 3590 3429 3646 corpore,

1838 3664 2017 3737 qualis
2057 3666 2199 3737 apud
2228 3681 2323 3722 eos
2350 3675 2470 3722 erat
2500 3666 2552 3721 in
2584 3675 2789 3721 mente.
2822 3666 2891 3721 Et
2931 3676 3152 3722 sanctus
3178 3666 3434 3739 Augusti-

1838 3776 1941 3816 nus
1971 3760 2025 3814 in
2055 3758 2197 3816 libro
2234 3759 2301 3815 de
2330 3758 2583 3815 Doctrina
2614 3758 2923 3815 Christiana
2955 3759 3067 3833 (lib.
3106 3774 3193 3826 ιι,
3224 3776 3273 3815 c.
3299 3757 3388 3832 10)
3415 3777 3430 3815 :

1846 3868 1864 3903 ι
1911 3848 2362 3921 Superstitiosum
2392 3856 2476 3904 est
2510 3849 2771 3921 quidquid
2799 3849 3105 3906 institutum
3136 3860 3219 3906 est
3242 3851 3311 3906 ab
3333 3849 3431 3906 ho-

1840 3940 2075 3997 minibus
2102 3941 2169 3995 ad
2193 3939 2617 3997 consultationes
2656 3948 2709 3993 et
2752 3946 2911 4008 pacta
2940 3938 3185 4008 quaedam
3218 3938 3428 4009 signiti—

1839 4030 2112 4086 cntionum
2156 4045 2279 4085 cum
2321 4029 2657 4084 daemonibus
2698 4026 2896 4097 placita
2941 4034 3103 4098 atque
3142 4024 3431 4098 hederam,

1839 4121 2022 4193 qualia
2045 4130 2173 4178 sunt
2198 4120 2476 4177 molimina
2504 4120 2839 4192 magicarum
2862 4120 3086 4185 artium,
3114 4120 3428 4189 aruspicum

1839 4223 1894 4272 et
1937 4231 2205 4287 augurum
2248 4214 2395 4271 libri.
2442 4208 2523 4270 Ad
2573 4213 2678 4269 hoc
2715 4230 2885 4285 genus
2929 4212 3203 4285 pertinent
3243 4230 3432 4272 omnes

1839 4311 2002 4367 etiam
2028 4310 2269 4381 ligatur-ae
2292 4320 2455 4382 atque
2482 4308 2750 4376 remedia,
2783 4325 2905 4381 qua:
2936 4308 3268 4365 medicorum
3295 4326 3429 4382 quo-

1840 4419 1947 4476 que
1973 4403 2260 4476 disciplina
2283 4404 2638 4469 condemnat,
2664 4404 2778 4460 sive
2806 4404 2859 4459 in
2898 4403 3431 4476 przecantationibus,

1840 4495 1955 4550 sive
1994 4495 2047 4549 in
2075 4494 2397 4566 quihusdam
2442 4493 2613 4557 notis,
2664 4507 2799 4563 quas
2840 4492 3183 4550 characteres
3214 4502 3427 4559 vocant,

1261 4618 1353 4672 lib.
1383 4634 1461 4682 χι,
1504 4584 1552 4671 οἳ
1578 4615 1667 4688 10)
1765 4630 1815 4689 D
1840 4585 1952 4642 sive
1967 4586 2031 4689 in
2070 4585 2671 4689 qttihuscunqkue‘reb‘us
2702 4586 3091 4689 suspendendis
3124 4584 3425 4689 atquc-illi-

1839 4679 2030 4749 gandis
2079 4679 2263 4751 (ibid.,
2308 4697 2353 4733 c.
2399 4678 2523 4754 24).
2575 4679 2705 4748 Quae
2749 4680 2930 4735 omnia
2982 4688 3188 4734 tantum
3232 4679 3427 4745 valent,

1840 4779 2100 4839 quantum
2129 4770 2554 4842 praesumptione
2583 4772 2888 4827 animorum
2925 4788 2937 4824 :
2967 4771 3121 4842 quasi
3151 4771 3429 4827 communi

1839 4863 2071 4933 quadam
2099 4862 2280 4933 lingua
2307 4878 2431 4920 cum
2459 4864 2793 4927 daemonibus
2829 4863 3092 4919 foederata
3126 4873 3283 4930 sunt;
3309 4880 3428 4933 qum

1843 4960 2022 5008 tamen
2058 4952 2216 5024 plena
2255 4962 2382 5010 sunt
2415 4956 2597 5011 omnia
2628 4954 2900 5025 pestifera:
2928 4954 3263 5009 curiositatis
3306 4968 3432 5007 cru-

1843 5045 2039 5101 ciantis
2064 5045 2485 5102 sollicitudinem
2507 5046 2801 5103 mortiferae
2825 5046 3123 5103 servitutis.
3148 5044 3262 5099 Non
3283 5044 3427 5100 enim

1843 5138 1968 5206 quia
1992 5137 2244 5193 valebant
2270 5139 2643 5196 animadversa
2664 5149 2814 5205 sunt,
2835 5139 2927 5195 sed
2948 5137 3431 5194 animadvertendo

1841 5235 2001 5299 atque
2025 5228 2288 5299 signando
2317 5228 2516 5285 factum
2544 5238 2628 5285 est
2649 5238 2703 5284 ut
2730 5228 2992 5283 valerent.
3023 5228 3091 5282 Et
3110 5226 3229 5282 ideo
3253 5226 3431 5281 diver-

1840 5319 1915 5375 sis
1958 5321 2169 5376 diversa
2215 5321 2568 5391 proveniunt,
2620 5320 2915 5376 secundum
2969 5319 3326 5390 cogitationes
3376 5325 3432 5371 et

1837 5414 2286 5487 praesumptiones
2315 5429 2460 5469 suas.
2502 5411 2582 5467 liii
2611 5412 2754 5466 cnim
2805 5410 3029 5483 spiritus
3056 5409 3148 5480 qui
3177 5408 3431 5477 decipere

1840 5505 2058 5573 volunt,
2090 5506 2216 5561 talia
2240 5513 2536 5578 procurant
2563 5504 2790 5575 cuique,
2820 5500 3069 5573 qualibus
3096 5515 3219 5556 eum
3250 5498 3429 5555 irreti-

1840 5605 1951 5651 tum
1982 5613 2079 5668 per
2105 5596 2441 5667 suspiciones
2479 5604 2534 5650 et
2559 5594 2944 5650 consensiones
2972 5592 3096 5663 ejus
3120 5592 3374 5647 viderint.
3399 5600 3420 5647 ί

1839 5684 1908 5744 Et
1948 5688 2273 5745 venerabilis
2322 5684 2609 5760 presbyter
2646 5678 2793 5743 Beda
2843 5687 2898 5742 in
2944 5676 3265 5742 Commento
3303 5682 3428 5741 libri

1843 5776 2109 5835 Samuelis
2138 5779 2268 5834 dicit
2296 5776 2419 5851 (lib.
2460 5794 2544 5844 tv,
2584 5794 2630 5833 c.
2661 5779 2728 5850 8)
2762 5796 2776 5836 :
2814 5788 2834 5830 t
2869 5776 2926 5836 Si
2954 5793 3114 5850 quem
3148 5792 3277 5832 vero
3303 5790 3421 5831 mo-
3456 5834 3475 5839 ,

1842 5880 1972 5941 vet,
2018 5872 2289 5942 quomodo
2322 5871 2516 5929 mulier
2565 5878 2682 5930 arte
2725 5868 3056 5930 daemoniaca
3106 5866 3424 5942 prophetam
