4026 6340
571 437 676 494 679

1521 434 1858 492 HINCMARI
1894 427 2291 492 RHEMENSIS
2326 429 2850 494 ARCHIEPISCOPI

3727 439 3829 497 680

569 558 692 620 post
717 556 946 605 mortem
973 547 1275 618 inquietare
1301 553 1359 600 et
1384 548 1649 604 suscitare
1693 547 1957 618 potuerit,
2003 545 2140 602 sciat
2166 549 2366 608 Acum
2419 544 2621 602 familia
2671 565 2767 604 sua
2827 547 3008 605 fuerat
3067 553 3616 609 excommmunicata.
3674 547 3832 606 Unde

571 659 669 713 pro
710 649 879 708 certo,
929 648 1021 695 aut
1062 639 1252 696 falsam
1311 649 1442 698 tunc
1480 642 1728 698 umbram
1778 642 2144 711 quaerentibus

568 735 869 791 ostendisse
915 733 1218 798 diabolum,
1265 742 1358 788 aut
1385 735 1433 789 si
1483 750 1610 790 vere
1659 733 1879 790 Samuel
1915 734 2145 800 exstitit,

571 834 776 881 tantum
807 824 864 880 in
904 823 990 879 his
1024 825 1247 896 agendis
1283 824 1449 881 licere
1477 824 1724 891 diabolo,
1753 833 2013 895 quantum
2039 825 2146 879 Do-

569 919 747 976 minus
767 918 1093 989 permiserit.
1117 917 1229 975 Nec
1254 919 1452 974 mirum
1481 936 1578 990 pro
1607 919 1930 988 quibusdam
1961 932 2141 974 secre-

568 1010 795 1066 tioribus
823 1010 1002 1065 causis
1033 1008 1157 1064 talia
1188 1010 1422 1081 maligno
1455 1010 1669 1080 spiritui
1709 1009 1986 1079 permitti,
2020 1023 2142 1064 cum

565 1110 622 1158 et
649 1100 985 1157 Salvatorem
1020 1101 1364 1156 constituerit
1387 1101 1443 1155 in
1474 1101 1696 1171 pinnam
1729 1100 1935 1169 templi,
1963 1107 2018 1155 et
2044 1097 2145 1154 Job

564 1192 785 1264 petierit
805 1191 1182 1262 acceperitque
1204 1194 1540 1248 tentandum.
1567 1191 1719 1259 Quod
1741 1193 1786 1247 si
1801 1191 2144 1260 phantasiam

565 1288 746 1357 potius
783 1286 1046 1341 immundi
1069 1285 1290 1355 spiritus
1322 1285 1489 1341 fuisse
1517 1284 1661 1356 quod
1690 1284 1944 1355 apparuit
1965 1282 2142 1340 credi-

566 1391 708 1439 mus,
733 1390 908 1445 neque
933 1376 1039 1431 hoc
1064 1376 1282 1430 turbare
1302 1375 1462 1430 debet
1496 1375 1766 1444 quomodo
1793 1373 1914 1429 talis
1935 1389 2060 1430 vera
2091 1382 2146 1428 et

564 1467 880 1537 prophetica
929 1480 1155 1520 narrare
1209 1465 1467 1536 potuerit.
1529 1463 1788 1520 Novimus
1831 1464 1977 1518 enim
2024 1463 2142 1518 dia-

564 1559 748 1615 bolum
800 1558 972 1614 multa
1023 1573 1162 1628 saepe
1216 1556 1428 1623 futura,
1485 1572 1605 1628 qua:
1659 1558 1727 1612 ab
1773 1556 1980 1628 angelis
2021 1571 2147 1610 san-

564 1651 668 1706 ctis
726 1649 1009 1715 didicerit,
1077 1649 1328 1718 praescire
1397 1648 1484 1704 vel
1551 1647 1847 1719 praedicare
1917 1661 2077 1719 posse
2127 1663 2140 1700 :

561 1743 660 1799 sed
710 1757 776 1799 eo
845 1743 1026 1799 minus
1081 1741 1226 1798 illius
1292 1743 1449 1798 dictis
1516 1742 1971 1808 auscultandum,
2037 1756 2145 1810 quo

562 1844 795 1892 cuncta.
851 1850 973 1904 qua:
1025 1833 1263 1904 loquitur
1317 1833 1492 1904 agitve
1540 1833 1680 1904 apud
1730 1831 2002 1896 homines,
2058 1845 2144 1886 se-

2249 637 2389 694 idem
2419 647 2639 694 sanctus
2669 654 2807 711 papa
2835 640 3100 707 decrevit,
3127 651 3189 698 ut
3219 659 3344 699 mox
3370 643 3486 715 ejus
3520 641 3836 697 absolvere-

2248 741 2335 786 tur
2358 731 2587 787 familia.
2614 733 2756 788 Etsi
2816 733 3103 790 manifeste
3125 745 3402 791 constaret
3437 735 3565 806 quia
3615 731 3836 802 conjugi

2247 837 2344 878 suo
2370 822 2566 878 eadem
2590 823 2792 879 femina
2817 824 2997 881 dicere
3021 825 3155 881 nihil
3175 827 3432 896 potuerit,
3473 826 3570 881 sed
3612 826 3840 895 insuper

2247 918 2483 986 suspicio
2509 918 2679 988 ipsius
2711 933 2810 989 per
2855 930 3257 976 sacramentum
3310 921 3474 976 fuerit
3505 913 3837 990 amputata,

2249 1018 2410 1080 atque
2435 1018 2558 1081 post
2583 1011 2687 1068 hoc
2710 1028 2805 1067 sua
2833 1017 2899 1068 ad
2925 1029 3047 1071 eum
3069 1023 3264 1085 sponte
3290 1029 3531 1080 reversa,
3564 1021 3630 1069 ut
3679 1023 3736 1068 et
3786 1014 3840 1068 in

2248 1115 2312 1155 ea
2342 1117 2575 1158 censura
2606 1112 3000 1174 temperaretur
3013 1106 3228 1177 judicii,
3262 1122 3363 1162 nec
3383 1107 3544 1178 longo
3563 1106 3684 1178 jam
3709 1115 3841 1160 tem-

2250 1208 2379 1264 pore
2409 1195 2719 1264 privaretur
2745 1199 3147 1253 communione.
3192 1218 3211 1251 ι
3250 1199 3315 1254 Et
3345 1198 3473 1253 item
3519 1200 3587 1254 ad
3643 1196 3840 1253 Candi-

2250 1286 2379 1341 dum
2425 1287 2674 1342 abbatem
2709 1287 2824 1357 (lib.
2855 1304 2956 1355 vu,
2981 1289 3132 1360 epist.
3169 1288 3258 1359 17)
3289 1306 3306 1345 :
3341 1307 3360 1340 ι
3389 1288 3643 1358 Denique
3675 1293 3738 1341 ut
3776 1288 3836 1342 ad

2249 1379 2675 1436 satisfactionem
2722 1389 2905 1450 posset
2929 1381 3151 1438 omnino
3212 1379 3479 1448 sufﬁcere,
3505 1380 3746 1436 fecimus
3784 1389 3837 1434 ut

2247 1472 2411 1527 etiam
2439 1472 2568 1527 dato
2596 1473 2951 1542 corporaliter
2984 1481 3330 1528 sacramento
3349 1473 3600 1528 firmaret
3622 1470 3764 1525 nihil
3783 1487 3834 1525 se

2248 1562 2303 1617 in
2343 1561 2533 1616 fraude
2552 1572 2850 1627 versatum,
2882 1571 2976 1617 aut
3011 1562 3213 1633 aliquid
3234 1561 3562 1626 occultasse,
3603 1561 3705 1616 sed
3733 1576 3839 1614 om-

2249 1652 2355 1723 nia]
2382 1653 2590 1724 integre
2621 1653 2944 1722 prodidisse.
2993 1651 3091 1708 Cui
3128 1653 3207 1708 rei
3252 1653 3296 1708 si
3335 1653 3495 1722 quis,
3535 1651 3689 1720 quod
3737 1666 3833 1706 non

2248 1743 2543 1808 credimus,
2559 1743 2887 1798 contrariam
2916 1741 3112 1797 afferre
3133 1740 3518 1812 quoquomodo
3543 1739 3837 1795 tentaverit

2250 1833 2792 1906 voluntatem,620
2813 1833 2904 1889 ille
2928 1832 3147 1902 quidem
3178 1848 3330 1887 reum
3384 1847 3443 1886 se
3493 1840 3628 1885 ante
3673 1829 3834 1884 Deum

561 1912 791 1984 ducendi
805 1927 981 1982 studio
994 1925 1142 1981 facit.
1169 1945 1188 1977 ι
1212 1925 1363 1992 Quod
1381 1942 1447 1980 ne
1462 1924 2024 1995 eveniatperinsidias
2039 1923 2147 1978 dw-
2174 1913 2224 1972 Β
2251 1941 2371 1983 esse
2397 1925 2626 1992 noverit,
2661 1926 2752 1995 qui
2775 1925 2968 1979 nititur
2993 1940 3078 1991 ea,
3108 1938 3230 1994 quae
3257 1923 3466 1978 utiliter
3503 1930 3637 1977 sunt
3671 1920 3834 1983 finita,

561 2036 804 2088 monum,
830 2020 997 2092 619
1019 2028 1269 2076 monente
1288 2018 1546 2088 Apostolo
1566 2019 1882 2074 resistamus
1905 2016 2142 2083 diabolo,

563 2110 732 2168 fortes
778 2111 833 2166 in
886 2110 1023 2176 ﬁde,
1067 2126 1185 2180 qua:
1243 2109 1398 2163 vincit
1445 2108 1720 2174 mundum,
1761 2117 1810 2165 et
1857 2125 1949 2180 per
1985 2124 2145 2178 quam

561 2202 730 2256 sancti
754 2202 986 2256 vicerunt
1015 2217 1172 2270 regna
1200 2197 1386 2270 (Hebr.
1415 2215 1489 2264 χι,
1519 2199 1630 2270 '55),
1663 2210 1718 2254 et
1773 2201 1840 2255 de
1883 2216 1990 2268 qua
2047 2198 2143 2253 fir-

564 2296 722 2352 miter
760 2295 1106 2351 credentibus
1130 2295 1325 2349 dicitur
1357 2310 1370 2348 :
1412 2293 1534 2348 Fiat
1563 2295 1654 2348 tibi
1682 2294 1967 2349 secundum
1987 2293 2146 2362 ﬁdem

562 2400 710 2443 tuam
732 2387 945 2460 (Matth.
972 2405 1052 2455 Ix,
1083 2387 1196 2458 ‘29).
1230 2387 1296 2441 Et
1323 2386 1612 2457 Apostolus
1644 2405 1656 2441 :
1690 2385 1925 2441 Postulet
1971 2394 2147 2438 autem

561 2483 616 2534 in
641 2480 746 2548 ﬁde
770 2478 900 2533 nihil
925 2480 1173 2534 haesitans
1201 2477 1342 2549 (Jac.
1366 2478 1498 2549 1,6).
1526 2480 1593 2533 Et
1619 2478 1666 2533 si
1682 2480 1748 2533 ad
1771 2477 2148 2547 probationem

561 2570 686 2624 iidei
721 2578 923 2625 nostra:
949 2569 1206 2624 acciderit
1228 2568 1382 2637 (utile
1416 2577 1500 2622 est
1527 2568 1690 2632 enim,
1717 2567 1881 2623 etiam
1918 2567 2145 2632 sanctis,

560 2661 918 2717 tentationum
943 2659 1172 2715 flammis
1197 2660 1520 2725 examinari,
1550 2671 1608 2713 ut
1647 2658 1731 2714 vel
1782 2659 1970 2714 lentati
2021 2658 2147 2727 quia

559 2754 726 2810 fortes
746 2752 950 2809 fuerint
972 2761 1290 2824 appareant,
1313 2752 1399 2808 vel
1426 2753 1640 2823 cognita
1673 2769 1769 2823 per
1791 2753 2149 2808 tentationem

558 2859 660 2902 sua
682 2845 996 2901 inﬁrmitate
1019 2843 1272 2899 fortiores
1293 2843 1410 2899 ﬁeri
1436 2843 1671 2909 discant,
1699 2851 1754 2898 et
1777 2844 1855 2899 sic
1882 2857 2149 2914 cumpro-

561 2935 676 2990 bati
695 2932 916 3000 fuerint,
940 2933 1209 3002 accipiant
1238 2943 1294 2989 et
1332 2933 1434 3002 ipsi
1456 2949 1716 2989 coronam
1742 2933 1915 3006 vitae),
1948 2935 2014 2989 de
2065 2933 2148 2988 di-

560 3026 702 3082 vinis
729 3041 835 3082 non
855 3041 1142 3081 causemur
1171 3023 1410 3093 iudiciis,
1442 3041 1561 3095 quae
1612 3025 1884 3080 interdum
1937 3023 2150 3080 occulta

563 3127 709 3187 sunt,
743 3119 839 3174 sed
863 3133 1138 3188 nunquam
1169 3115 1384 3185 injusta.
1417 3115 1526 3173 Nec
1554 3117 1750 3172 mirum
1773 3117 1941 3172 videri
1972 3117 2146 3184 debet,

560 3209 692 3266 siin
741 3208 1048 3278 hujusmodi
1078 3206 1283 3277 judicio
1335 3207 1627 3264 calliditate
1683 3209 1946 3264 diabolica
1999 3208 2150 3265 fraus

562 3315 899 3370 quaecunque
923 3299 1035 3354 Deo
1063 3301 1411 3369 permittente
1446 3300 1756 3367 intervenit,
1783 3317 1907 3357 cum
1931 3309 1986 3357 et
2005 3316 2148 3371 aqua

555 3393 898 3464 baptismatis
927 3393 984 3448 in
1014 3409 1074 3449 se
1094 3393 1286 3460 fidelis,
1313 3403 1375 3449 ut
1424 3396 1746 3452 Ambrosius
1775 3397 1926 3461 dicit,
1954 3405 2039 3452 est
2090 3397 2147 3452 in

560 3488 832 3558 aliquibus
887 3496 943 3541 ct
993 3503 1134 3557 aqua
1196 3488 1444 3544 mendax.
1475 3489 1590 3544 Non
1645 3500 1802 3544 sanat
1847 3490 2149 3561 baptismus

562 3583 915 3654 perfidorum,
946 3597 1053 3636 non
1089 3582 1316 3637 mundat
1341 3583 1434 3638 sed
1465 3582 1687 3651 polluit:
1712 3586 1853 3639 unde
1876 3593 1932 3639 et
1957 3600 2150 3640 secun-

562 3675 689 3730 dum
719 3673 936 3729 decreta
984 3688 1272 3738 canonum,
1317 3683 1372 3729 et
1413 3675 1582 3730 sancti
1626 3674 1946 3744 Innocentii,
1987 3687 2150 3748 atque

561 3767 788 3822 aliorum
817 3766 1130 3837 pontificum
1156 3767 1544 3834 Romanorum,
1573 3767 1627 3822 in
1682 3769 1902 3824 nomine
1947 3781 2152 3826 sancta:

559 3854 841 3914 Trinitatis
860 3858 928 3914 ab
947 3858 1218 3914 hmreticis
1247 3857 1506 3927 baptizati
1540 3873 1636 3928 per
1685 3874 1878 3916 manus
1935 3860 2150 3931 imposi-

562 3950 763 4006 tionem
794 3949 1019 4020 gratiam
1036 3949 1289 4019 Spiritus-
1301 3949 1474 4004 sancti
1498 3949 1770 4020 accipiunt
1797 3970 1807 4004 :
1834 3967 1941 4007 non
1969 3959 2149 4007 autem

558 4042 614 4098 in
643 4052 847 4098 sanctae
861 4042 1140 4098 Trinitatis
1155 4042 1372 4096 nomine
1395 4041 1652 4113 baptizati
1676 4043 1936 4114 baptizari
1957 4043 2152 4112 juben-

559 4145 666 4192 tur.
684 4136 790 4192 Sed
806 4134 1069 4207 nunquid,
1083 4135 1337 4205 quoniam
1354 4133 1506 4191 fraus
1518 4137 1787 4207 reperitur
1802 4138 1855 4192 in
1882 4138 2153 4208 baptismo

557 4228 957 4295 haereticorum,
980 4228 1245 4296 baptisma
1272 4243 1380 4283 non
1399 4227 1714 4298 probabitur
1727 4229 2154 4286 catholicorum?

555 4322 675 4377 etsi
717 4321 866 4376 fraus
889 4319 1163 4374 invenitur
1205 4320 1260 4374 in
1298 4319 1502 4388 judicio
1546 4329 1766 4390 propter
1789 4321 1949 4376 fidem
1976 4322 2154 4378 incre-

558 4411 830 4474 dulorum,
859 4409 945 4464 lex
988 4408 1328 4479 purgationis
1370 4407 1652 4475 abjicietur
1691 4425 1722 4463 a
1763 4413 2152 4468 consuetudine

560 4499 940 4555 credulorum?
961 4498 1112 4553 Sicut
1126 4497 1268 4553 cnim
1286 4497 1493 4568 privata
1508 4499 1594 4553 vel
1614 4498 1766 4555 fraus
1777 4500 1991 4569 publica
2005 4517 2151 4557 sem-

561 4605 658 4659 per
687 4599 771 4644 est
803 4588 1091 4660 punienda,
1122 4588 1194 4643 ita
1234 4597 1294 4642 ut
1340 4588 1601 4658 scriptum
1650 4589 1896 4661 legimus,
1919 4608 2147 4649 consue‘

564 4681 692 4735 tudo
723 4693 843 4750 quae
864 4677 1094 4750 publicis
1122 4679 1446 4736 utilitatibus
1475 4697 1581 4736 non
1609 4681 1851 4754 impedit,
1892 4701 1990 4756 pro
2029 4687 2147 4758 lege

562 4780 648 4830 est
674 4771 975 4828 retinenda.
999 4771 1360 4843 Quapropter,
1393 4773 1434 4828 si
1460 4783 1515 4827 et
1543 4774 1595 4828 in
1655 4775 1758 4830 hoc
1801 4777 2005 4847 judicio
2048 4793 2147 4848 per

558 4865 918 4937 quodcunque
957 4864 1226 4934 ingenium
1265 4864 1621 4921 fraudulentia
1661 4869 1949 4938 reperitur,
1973 4869 2144 4940 dupli‘

557 4965 675 5013 cata
693 4956 882 5027 judicii
907 4955 1132 5022 ultione,
1159 4957 1272 5011 sive
1293 4972 1390 5026 pro
1416 4960 1627 5027 peccati
1655 4960 2001 5026 admissione,
2030 4962 2146 5017 sive

558 5066 658 5122 pro
687 5049 888 5106 infideli
937 5051 1204 5118 illusione,
1233 5065 1397 5106 causa
1437 5051 1492 5107 in
1539 5053 1892 5122 quaestionem
1933 5055 2145 5111 ratione

557 5142 788 5199 docente
815 5142 1081 5199 reveniat.

636 5253 655 5286 ‹
687 5233 792 5290 Sed
822 5242 878 5290 et
904 5235 970 5290 de
991 5234 1310 5291 sacramenti
1334 5236 1650 5306 purgatione
1705 5236 1759 5291 in
1800 5238 1974 5293 sancti
2005 5236 2142 5294 Gre-

558 5325 947 5397 goriiepistola
982 5327 1051 5380 ad
1083 5324 1446 5381 Secundinum
1491 5326 1802 5398 episcOpum
1858 5327 2142 5384 Tauromi-

559 5418 804 5475 nitanum
849 5416 1079 5487 legimus
1114 5414 1228 5486 (lib.
1260 5432 1394 5481 vm,
1429 5418 1577 5488 epist.
1602 5417 1720 5488 5%),
1755 5419 1897 5487 quod
1945 5416 2143 5474 Leonis

557 5510 885 5568 Chartularii
916 5510 1135 5578 femina,
1168 5527 1288 5582 quae
1323 5511 1514 5568 relicto
1543 5528 1608 5570 eo
1637 5529 1735 5584 pro
1767 5513 2142 5571 fornicationis

559 5605 791 5661 crimine
817 5604 1124 5676 religiosam
1147 5613 1355 5662 vestem
1379 5606 1651 5675 induerat,
1670 5609 1734 5663 ab
1751 5609 1866 5679 ipso
1889 5607 1987 5665 sibi
2005 5623 2142 5679 prae-

560 5697 697 5753 stito
735 5698 1383 5769 sacramento.quoniam
1428 5710 1553 5770 post
1595 5701 1791 5757 initum
1833 5700 2141 5772 conjugium

558 5786 619 5842 in
693 5787 947 5844 adulterii
1019 5790 1232 5854 culpam
1300 5791 1483 5863 lapsus
1569 5808 1676 5850 non
1731 5794 1915 5861 fuerit,
1948 5793 2138 5848 incon-

561 5877 704 5940 sulto
731 5879 985 5952 episc0po
1026 5883 1093 5938 ad
1140 5883 1315 5941 virum
1356 5901 1516 5942 suum
1547 5887 1803 5954 redierat,
1835 5895 1890 5943 et
1938 5885 2142 5942 idcirco

2247 2016 2564 2072 rescindere
2607 2031 2622 2068 :
2662 2030 2788 2069 nam
2826 2014 3003 2070 eidem
3049 2014 3336 2082 decisioni,
3366 2011 3835 2081 trausactionique

2247 2108 2383 2164 nihil
2431 2123 2490 2164 se
2545 2109 2806 2180 derogare
2858 2116 3168 2178 cognoscat.
3205 2125 3223 2159 ι
3266 2107 3335 2161 Et
3386 2106 3455 2161 ad
3522 2103 3837 2176 praajectam

2248 2199 2364 2271 (lib.
2416 2215 2514 2265 νη,
2544 2199 2654 2253 ind.
2687 2199 2774 2266 11,
2820 2200 2970 2268 epist.
3024 2198 3158 2270 60):
3203 2215 3222 2250 t
3269 2196 3460 2263 Valde,
3486 2198 3691 2267 inquit,
3747 2211 3834 2251 ec-

2247 2291 2565 2346 clesiasticae
2612 2300 2698 2346 est
2727 2290 3086 2346 moderationi
3108 2291 3457 2356 conveniens,
3493 2300 3554 2345 ut
3603 2305 3728 2360 qua:
3754 2304 3837 2345 or-

2247 2383 2427 2439 dinata
2448 2382 2651 2438 fuerint
2677 2383 2761 2437 vel
2788 2384 2988 2449 decisa,
3031 2383 3177 2437 nulla
3206 2382 3262 2438 in
3291 2393 3576 2453 posterum
3606 2383 3836 2438 debeant

2247 2473 2613 2546 refragatione
2654 2475 2877 2530 turbari.
2917 2495 2936 2526 ›
2986 2475 3063 2530 De
3111 2490 3221 2546 qua
3264 2475 3596 2530 sacramenti
3640 2491 3835 2547 purga-

2251 2569 2394 2623 tione
2422 2583 2564 2638 saepe
2593 2567 2917 2634 audivimus,
2942 2568 3070 2639 quia
3105 2569 3286 2638 plures
3314 2569 3371 2623 in
3391 2582 3459 2625 eo
3481 2566 3741 2622 fraudem
3770 2567 3842 2621 fa.

2248 2677 2374 2717 cere
2416 2661 2612 2727 solent,
2634 2677 2758 2716 cum
2778 2661 2997 2732 ingenio
3038 2659 3304 2728 iurantes,
3337 2662 3428 2716 sed
3483 2659 3673 2731 potius
3707 2660 3843 2729 peje-

2251 2761 2433 2810 rantes
2463 2771 2475 2808 :
2508 2755 2655 2825 quia,
2681 2753 2820 2809 sicut
2841 2754 3095 2826 legimus,
3119 2755 3196 2809 ita
3219 2762 3634 2809 sacramentum
3656 2767 3690 2806 a
3723 2752 3834 2807 Deo

2249 2847 2598 2918 dijudicatur,
2631 2848 2772 2903 sicut
2799 2847 2866 2903 ab
2905 2860 2990 2913 eo,
3021 2847 3106 2902 'cui
3153 2863 3250 2918 per
3280 2847 3341 2911 id,
3373 2845 3637 2901 satisﬁeri
3689 2846 3842 2910 solet,

2249 2941 2307 2997 in
2333 2941 2440 2996 fide
2468 2941 2744 3011 recipitur.
2766 2939 2875 2996 Sed
2914 2948 2969 2996 et
3012 2940 3068 2994 in
3107 2940 3296 2996 eadem
3339 2938 3681 2994 sacramenti
3716 2953 3843 3007 pur-

2251 3035 2468 3106 gatione
2498 3033 2646 3090 fraus
2669 3032 2833 3098 facta,
2864 3033 2994 3104 quin
3041 3032 3223 3103 potius
3279 3030 3583 3102 perjurium
3636 3029 3844 3086 factum

2251 3126 2523 3198 detegitur
2548 3167 2562 3192 ,
2587 3126 2732 3182 sicut
2780 3135 2834 3182 et
2882 3127 2937 3180 in
2972 3124 3178 3194 judicio
3225 3123 3492 3180 diabolica
3525 3123 3740 3178 astutia
3798 3132 3844 3176 ct

2252 3218 2612 3290 permissione
2633 3218 2834 3284 divina,
2870 3218 3089 3273 evenire
3115 3231 3276 3286 posse
3303 3232 3333 3270 a
3355 3215 3514 3270 nobis
3538 3230 3652 3270 non
3688 3215 3844 3268 dene-

2254 3319 2429 3379 gatur.
2456 3310 2524 3365 Et
2553 3311 2618 3365 de
2637 3307 2951 3378 juramento
2979 3307 3170 3364 doloso
3211 3307 3265 3362 in
3320 3306 3530 3378 Regum
3591 3303 3774 3368 libris,
3795 3313 3845 3359 et

2250 3401 2684 3458 Machabznorum
2712 3443 2728 3468 ,
2768 3410 2930 3472 atque
2966 3401 3019 3455 in
3065 3399 3333 3470 Propheta
3380 3400 3448 3455 de
3495 3405 3845 3454 sacramento

2251 3494 2365 3564 regi
2392 3491 2533 3550 facto
2571 3493 2796 3559 infideli,
2819 3507 2939 3564 quae
2965 3508 3072 3547 non
3105 3492 3326 3562 impune
3353 3500 3674 3556 cesserunt,
3702 3491 3842 3546 inve«

2250 3585 2454 3654 nimus,
2504 3586 2648 3644 unde
2691 3600 2857 3658 supra
2931 3601 3032 3642 nos
3073 3583 3402 3642 sufﬁcienter
3470 3583 3682 3642 dixisse
3753 3600 3843 3656 pu-

2251 3689 2450 3735 tamus.
2483 3698 2503 3732 ι

2672 3772 3288 3836 INTERROGATIO
3331 3771 3412 3834 Χ.

2321 3899 2530 3969 Quarto
2552 3897 2792 3968 capitulo
2818 3897 2974 3953 nobis
3000 3896 3235 3969 petimus
3266 3893 3603 3960 remandart,
3636 3895 3685 3951 si
3732 3895 3836 3951 haec

2251 4009 2438 4060 causa,
2461 3993 2603 4048 unde
2624 3990 2890 4060 judicium
2916 3991 3122 4046 factum
3163 3989 3486 4053 audivimus,
3522 3998 3581 4044 et
3619 3989 3835 4059 quidam

2251 4086 2417 4142 etiam
2432 4084 2688 4149 vidimus,
2719 4082 2772 4138 in
2787 4081 3060 4152 judicium
3092 4081 3255 4137 fuerit
3296 4087 3576 4145 revocata,
3608 4078 3837 4151 qualiter

2254 4179 2400 4234 idem
2429 4178 2623 4233 debeat
2647 4175 2909 4232 canonice
2955 4173 3198 4230 ordinari
3238 4171 3525 4242 judicium,
3557 4178 3614 4227 et
3663 4179 3835 4226 utrum

2252 4269 2321 4326 de
2349 4277 2560 4326 secreta
2586 4265 2952 4333 confessione,
2984 4274 3044 4321 ut
3067 4265 3285 4329 dicitur,
3307 4263 3601 4320 commissa
3633 4263 3835 4332 episco-

2252 4360 2358 4431 pis,
2397 4359 2484 4416 vel
2512 4359 2564 4413 in
2584 4357 2790 4427 judicio
2841 4366 3093 4429 porrecto
3148 4354 3352 4422 libello,
3383 4355 3578 4411 eadem
3629 4353 3828 4409 femina

2254 4457 2448 4511 debeat
2487 4454 2724 4525 judicari
2759 4471 2773 4508 :
2805 4454 2890 4509 vel
2923 4453 2968 4508 si
2998 4453 3257 4508 acciderit
3285 4460 3346 4506 ut
3377 4450 3637 4507 eumdem
3682 4446 3827 4502 libel-

2255 4547 2364 4601 lum
2385 4553 2577 4601 coacta
2625 4545 2892 4615 porrigat,
2921 4553 3015 4599 aut
3065 4545 3241 4600 cidem
3282 4543 3450 4599 invita
3505 4541 3832 4605 subscribat,

2171 4635 2224 4697 D
2251 4638 2295 4693 si
2317 4651 2415 4707 per
2440 4634 2750 4704 hujusmodi
2780 4643 3147 4691 commentata
3170 4633 3408 4691 maritali
3439 4641 3561 4690 toro
3591 4630 3832 4704 legaliter

2249 4726 2430 4783 valeat
2467 4725 2758 4781 removeri.

2838 4838 3241 4898 RESPONSIO.

2320 4956 2473 5025 Quod
2497 4964 2552 5012 et
2580 4957 2625 5011 si
2659 4955 2714 5010 in
2742 4956 2867 5023 hoc,
2891 4965 2950 5011 ut
2970 4973 3134 5028 supra
3161 4956 3401 5011 diximus
3429 4955 3500 5011 de
3530 4970 3644 5026 quo
3667 4952 3833 5025 loqui-

2248 5063 2371 5101 mur
2395 5048 2600 5118 judicio
2635 5047 2978 5103 evidentibus
3027 5049 3242 5104 indiciis
3279 5046 3446 5104 fuerit
3497 5048 3836 5104 demonstra-

2253 5148 2388 5209 tum,
2423 5142 2566 5197 sicut
2589 5151 2813 5197 sanctus
2840 5141 3113 5199 Fabianus
3141 5158 3279 5214 papa
3299 5151 3356 5198 et
3383 5152 3598 5215 martyr
3639 5143 3834 5200 consti-

2250 5233 2392 5299 tuit,
2455 5234 2740 5290 ordinetur
2793 5233 3080 5304 judicium.
3145 5253 3164 5286 ι
3217 5233 3531 5302 Quoniam,
3589 5236 3836 5306 inquiens

2250 5322 2424 5397 (epist.
2454 5325 2567 5397 11),
2589 5327 2644 5381 in
2670 5326 2819 5382 omni
2835 5325 3042 5397 judicio
3068 5334 3306 5398 quatuor
3326 5341 3593 5397 personas
3613 5341 3835 5394 necesse

2247 5427 2333 5474 est
2356 5434 2571 5490 semper
2600 5421 2813 5487 adesse,
2845 5420 2900 5476 id
2937 5429 3041 5486 est,
3061 5419 3273 5491 iudices
3316 5420 3544 5486 electos,
3576 5431 3636 5478 et
3684 5438 3836 5479 accu-

2249 5520 2476 5577 satores,
2507 5528 2572 5568 ac
2615 5511 2926 5568 defensores
2951 5553 2966 5579 ,
2990 5520 3047 5568 et
3085 5519 3272 5568 testes.
3308 5531 3328 5565 ι
3355 5511 3495 5581 Quia
3539 5513 3686 5569 sicut
3731 5514 3835 5568 Leo

2246 5603 2436 5658 scribit
2455 5602 2522 5657 ad
2545 5603 2829 5660 universos
2838 5603 3123 5675 episcopos
3138 5618 3235 5675 per
3245 5603 3554 5661 Caesaream
3569 5615 3630 5661 et
3643 5605 3835 5662 Hauri-

2246 5695 2449 5749 taniam
2480 5697 2804 5751 constitutos
2831 5695 3006 5767 (epist.
3027 5696 3149 5768 9i):
3179 5715 3200 5750 ι
3231 5695 3515 5753 Neminem
3545 5713 3832 5768 possumus

2237 5789 2506 5860 judicare,
2531 5791 2634 5847 nisi
2657 5792 2711 5848 in
2732 5793 3021 5864 praesentia
3036 5793 3726 5864 positus,autconfutatus.
3741 5800 3829 5847 aut

2247 5892 2396 5939 certe
2436 5883 2741 5952 confessus,
2764 5883 2926 5954 just-.e
2956 5889 3127 5956 possit
3158 5886 3440 5958 subjacere
3470 5889 3770 5945 sentcntiae.
3800 5901 3818 5938 ι
