4026 6340
154 336 254 393 681

1075 336 1165 392 DE
1198 331 1521 390 DlVORTlO
1564 326 1884 386 LOTl—IARII
1922 328 2008 384 ET
2046 328 2458 386 TETBEHGE.

3302 339 3404 397 682

155 447 1013 518 EtsanctusAugustinusinlibro
1027 449 1092 504 de
1115 449 1434 504 Poenitentia
1461 448 1620 518 (hom.
1641 443 1728 512 L):
1761 445 1808 504 Α
1837 442 2094 500 Dominus
2113 445 2302 500 Judam
2321 486 2336 510 ,
2365 462 2487 500 cum
2513 447 2598 500 fur
2631 457 2810 515 esset,
2841 452 2964 519 quia
2990 465 3096 506 non
3135 463 3218 509 est
3245 470 3408 512 accu-

159 568 193 598 c
236 543 565 611 Plerumque
626 549 803 596 autem
887 543 1012 596 boni
1077 541 1370 598 Christiani
1443 550 1726 609 propterea

157 644 360 696 tacent,
390 642 445 687 et
471 631 732 687 sufferunt
760 631 989 686 aliorum
1035 639 1254 702 peccata
1287 646 1406 700 quae
1437 635 1724 689 noverunt,

156 725 283 794 quia
351 723 688 778 documentis
761 737 900 793 saepe
962 723 1328 786 deseruntur,
1371 729 1426 775 et
1487 735 1550 775 ea
1611 733 1730 787 quae

155 815 260 889 ipsi
309 814 506 878 sciunt,
542 811 814 882 judicibus
860 813 1251 869 ecclesiasticis
1323 812 1555 882 probare
1623 823 1728 863 non

150 913 401 978 possunt.
443 904 699 972 Quamvis
749 905 892 959 enim
947 920 1072 959 vera
1133 905 1242 960 sint
1287 903 1572 973 quaedam,
1621 915 1729 954 non

156 1004 341 1051 tamen
365 992 532 1063 judici
559 993 716 1048 facile
735 991 1004 1049 credenda
1035 1005 1179 1059 sunt,
1206 995 1306 1048 nisi
1329 994 1494 1048 certis
1516 991 1730 1046 indiciis

152 1089 613 1143 demonstrentur.
646 1083 756 1141 Nos
783 1101 913 1140 vero
935 1101 964 1139 a
1004 1087 1378 1140 communione
1403 1098 1729 1154 quemquam

150 1177 449 1251 prohibere
498 1192 607 1232 non
642 1191 960 1248 possumus,
1006 1177 1252 1246 quamvis
1285 1179 1395 1230 haec
1436 1175 1730 1246 prohibitio

151 1269 397 1324 nondum
427 1267 499 1323 sit
522 1266 786 1332 mortalis,
809 1266 902 1323 sed
929 1267 1280 1331 medicinalis,
1298 1267 1400 1321 nisi
1421 1275 1514 1320 aut
1538 1275 1728 1336 sponte

149 1359 484 1430 confessum,
506 1360 669 1414 autin
694 1359 894 1430 aliquo,
911 1360 1023 1414 sive
1048 1359 1314 1424 saeculari,
1341 1360 1456 1414 sive
1469 1359 1726 1415 ecclesia-

149 1453 291 1508 stico
311 1453 509 1523 iudicio
529 1453 862 1509 nominatum
889 1462 1050 1524 atque
1075 1453 1553 1521 convictum.Quis
1583 1452 1726 1510 enim

149 1541 253 1596 sibi
277 1542 438 1613 621
463 1550 751 1613 utrumque
764 1544 924 1598 audet
938 1559 1234 1608 assumere,
1252 1553 1311 1599 ut
1326 1546 1577 1616 cuiquam
1614 1545 1728 1615 ipse

149 1632 222 1686 sit
243 1640 302 1686 et
314 1640 596 1688 accusator
607 1633 832 1701 etjudex
843 1633 867 1686 ’ἶ
879 1632 1190 1702 Cuiusmodi
1207 1635 1445 1705 regulam
1460 1636 1622 1690 etiam
1640 1636 1728 1693 hic

146 1723 353 1780 Paulus
376 1725 616 1781 breviter
639 1725 942 1782 insinuasse
970 1728 1315 1800 intelligetur,
1350 1743 1472 1783 cum
1501 1730 1725 1799 quibus-

1833 542 2000 598 satus,
2021 535 2239 591 minime
2268 537 2485 606 abjecit.
2517 535 2582 592 Ut
2612 539 2882 592 tolleretur
2905 542 2968 595 de
2989 544 3156 597 medio
3181 557 3408 605 vestrum

1832 624 1919 693 qui
1947 625 2042 678 hoc
2069 642 2196 694 opus
2233 626 2350 694 fecit
2378 626 2430 698 (I
2457 627 2579 681 Cor.
2613 644 2644 679 v
2665 669 2678 694 ,
2708 629 2742 682 2
2763 629 2802 700 ).
2833 630 3062 702 Cognito
3085 650 3246 704 opere
3276 638 3402 703 isto,

1833 713 2132 784 pellendum
2162 714 2308 768 illum
2332 716 2498 771 fuisse
2525 717 2595 771 de
2617 727 2760 773 coetu
2792 719 3150 778 fraternitatis
3176 744 3187 779 :
3213 741 3403 784 omnes
3435 781 3438 783 _

1832 803 1975 856 enim
2007 804 2211 858 crimen
2240 801 2356 871 ejus
2401 807 2657 871 Sciebant,
2688 818 2742 862 et
2772 825 2878 864 non
2923 816 3260 884 arguebant;
3303 833 3404 887 pu-

1833 892 1969 948 blice
1992 895 2136 948 enim
2169 910 2456 950 novercam
2485 913 2634 952 suam
2681 899 2798 954 loco
2840 905 3021 958 uxoris
3065 906 3318 961 habebat.
3350 909 3406 963 ln

1833 997 1935 1053 qua
1967 999 2026 1038 re
2064 1001 2238 1056 neque
2276 989 2504 1043 testibus
2541 1005 2677 1058 opus
2704 1001 2842 1057 erat,
2871 1009 3043 1064 neque
3089 1001 3409 1068 tergiversa-

1833 1077 1980 1131 tione
2004 1077 2183 1147 aliqua
2217 1087 2434 1150 poterat
2477 1083 2584 1152 tegi
2616 1084 2841 1140 crimen.
2872 1086 2983 1158 Ego
3023 1093 3229 1159 quidem
3268 1099 3410 1150 sicut

1832 1169 2016 1224 absens
2045 1188 2276 1241 corpore,
2305 1189 2532 1243 presens
2563 1185 2738 1229 autem
2771 1179 2979 1247 spiritu,
3012 1181 3063 1233 id
3086 1191 3186 1247 est,
3213 1185 3407 1241 absens

1831 1259 2004 1328 facie,
2034 1279 2274 1334 praesens
2304 1276 2482 1321 autem
2516 1269 2835 1326 auctoritate
2865 1273 3108 1342 spiritus,
3158 1278 3248 1346 qui
3282 1295 3407 1334 nus-

1831 1368 1992 1423 quam
2031 1357 2204 1422 abest,
2240 1359 2360 1429 jam
2401 1361 2642 1430 judicavi
2680 1373 2737 1418 ut
2763 1383 2991 1436 praesens
3021 1386 3138 1423 eum
3179 1374 3268 1442 qui
3311 1375 3407 1428 hoc

1835 1445 2046 1501 admisit
2077 1447 2251 1519 (ibid.,
2304 1450 2380 1522 3).
2411 1473 2431 1506 ι

1901 1540 2064 1612 622
2091 1543 2157 1597 Et
2185 1547 2440 1614 quoniam
2472 1549 2694 1607 alterius
2715 1562 2796 1608 est
2826 1554 2928 1610 loci
2949 1564 3001 1610 et
3035 1559 3290 1628 temporis
3313 1563 3408 1616 dc-

1832 1642 2138 1690 moustrare
2159 1675 2174 1701 ,
2202 1637 2397 1706 quibus
2426 1650 2479 1695 et
2503 1643 2723 1712 quantis
2746 1645 2866 1699 aliis
2904 1648 3078 1702 modis
3114 1652 3407 1705 secundum

1833 1727 1981 1801 leges
2007 1730 2404 1790 ecclesiasticas
2432 1737 2684 1794 absentes
2708 1741 2916 1809 possint
2938 1751 2993 1796 et
3021 1743 3251 1798 debeant
3270 1745 3412 1814 judi-

149 1818 275 1872 dam
309 1816 508 1872 talibus
531 1818 973 1874 commemoratis
1001 1821 1342 1886 criminibus,
1371 1820 1725 1878 ecclesiastici
1755 1815 1804 1877 Β
1831 1822 1968 1903 cari,
2001 1824 2146 1892 quod
2165 1839 2309 1880 nunc
2334 1828 2399 1881 ad
2430 1842 2545 1882 rem
2568 1831 2822 1898 pertinet,
2846 1834 3098 1903 quodque
3127 1833 3410 1891 Valentina

140 1907 335 1980 judicii
361 1907 594 1964 formam
621 1908 690 1964 ad
725 1910 840 1966 haec
874 1911 1070 1967 similia
1097 1927 1165 1968 ex
1203 1914 1525 1984 quibusdam
1553 1915 1726 1970 daret.

142 2001 238 2055 Ait
268 1999 459 2056 enim:
492 1999 692 2072 Scripsi
727 2003 869 2059 vobis
899 2005 954 2058 in
982 2004 1222 2075 epistola,
1261 2023 1365 2060 non
1406 2008 1730 2062 commisceri

144 2089 456 2158 fomicariis
480 2088 543 2161 (Ι
575 2088 696 2146 Cor.
719 2105 774 2157 v,
809 2091 909 2164 9),
933 2101 989 2148 et
1013 2093 1238 2164 reliqua.
1270 2114 1289 2146 ι
1316 2094 1384 2149 Et
1409 2094 1534 2149 item
1564 2113 1577 2148 :
1613 2115 1630 2146 t
1668 2095 1727 2150 Si

141 2180 271 2250 quis
303 2178 474 2235 frater
498 2181 811 2238 nominatur
834 2191 930 2238 aut
950 2182 1266 2249 fornicator,
1303 2194 1396 2239 aut
1424 2185 1582 2240 idolis
1610 2201 1730 2241 ser-

140 2273 330 2336 viens,
362 2280 454 2328 aut
479 2287 706 2340 avarus,
739 2282 832 2330 aut
852 2275 1181 2343 maledicus,
1207 2287 1297 2332 aut
1332 2277 1609 2344 ebriosus,
1637 2287 1729 2333 aut

141 2379 318 2436 rapax
342 2405 358 2431 ,
387 2379 511 2420 cum
539 2364 803 2434 ejusmodi
841 2382 942 2424 nec
967 2369 1186 2438 quidem
1226 2370 1406 2426 cibum
1436 2386 1670 2426 sumere.
1702 2390 1722 2422 ι

142 2461 254 2516 Sed
284 2461 566 2516 sciendum
591 2469 696 2529 est,
719 2461 844 2533 quia
869 2476 988 2519 eam
1017 2465 1441 2520 nominationem
1467 2464 1558 2520 hic
1584 2465 1730 2536 Apo-

143 2551 321 2607 stolus
365 2550 594 2623 intelligi
638 2551 840 2619 voluit,
866 2567 986 2623 quae
1027 2555 1086 2608 tit
1125 2555 1180 2609 in
1211 2569 1557 2624 quemquam,
1605 2570 1728 2610 cum

143 2640 420 2696 sententia
453 2642 645 2696 ordine
673 2641 964 2713 judiciario
991 2651 1154 2713 atque
1183 2645 1496 2715 integritate
1519 2645 1730 2716 profer-

144 2741 255 2786 tur.
294 2731 432 2786 Nam
457 2732 504 2787 si
529 2733 832 2788 nominatio
859 2733 1071 2822 sqtllcit,
1105 2735 1260 2789 multi
1287 2736 1577 2791 damnandi
1601 2741 1726 2791 sunt

145 2823 491 2889 innocentes,
526 2822 651 2893 quia
676 2838 818 2895 szepe
841 2822 1050 2880 falsoin
1076 2839 1346 2896 quoquam
1374 2825 1604 2880 crimine
1628 2841 1728 2881 no-

143 2917 448 2970 minantur.
479 2913 662 2970 Noluit
679 2916 824 2972 enim
847 2916 903 2972 in
929 2917 1148 2973 homine
1156 2917 1389 2989 judicari
1413 2932 1481 2972 ex
1505 2917 1732 2975 arbitrio

145 3007 538 3078 suspectionis,
565 3007 650 3063 vel
677 3008 842 3064 etiam
865 3009 1282 3066 extraordinarii
1312 3017 1570 3080 usurpato
1589 3009 1731 3079 judi-
1775 3057 1779 3060 .

143 3100 256 3164 cio,
290 3097 389 3154 sed
422 3100 604 3170 potius
628 3114 698 3156 ex
732 3101 851 3169 lege
896 3101 991 3156 Dei
1027 3102 1324 3158 secundum
1350 3102 1598 3157 ordinem
1628 3102 1729 3158 Ec-

144 3190 348 3254 clesiae,
379 3191 495 3248 sive
521 3191 666 3248 ultro
709 3192 1038 3259 confessum,
1069 3194 1183 3249 sive
1220 3203 1532 3250 accusatum
1563 3205 1728 3267 atque
1753 3175 1801 3242 α

143 3285 481 3340 convictum.
513 3285 580 3341 Et
629 3286 685 3341 in
730 3286 958 3342 concilio
987 3286 1247 3342 Toletano
1289 3289 1457 3359 (conc.
1492 3287 1604 3342 Tol.
1635 3305 1689 3343 vt
1711 3331 1726 3354 ,

142 3395 270 3432 can.
293 3381 320 3433 1
337 3378 425 3450 l):
462 3398 480 3430 ι
509 3378 744 3452 Dignum
771 3389 934 3436 estut
952 3381 1063 3436 vita
1088 3381 1392 3437 innocentis
1417 3397 1524 3438 non
1551 3398 1732 3438 macu-

141 3469 292 3527 letur
322 3471 564 3540 pernicie
589 3471 982 3527 accusantium.
1010 3471 1134 3529 Ideo
1160 3474 1409 3545 quisquis
1429 3489 1459 3528 a
1488 3475 1734 3545 quolibet

141 3562 496 3627 criminatur,
520 3571 632 3617 tam
657 3571 940 3618 accusatus
970 3579 1129 3633 quam
1172 3576 1459 3622 accusator
1489 3581 1728 3636 praesen-

140 3660 360 3717 tentur,
384 3661 546 3723 atque
567 3652 744 3723 legum
767 3661 822 3709 et
846 3669 1109 3709 canonum
1137 3656 1418 3711 sententiae
1441 3657 1734 3726 exquiran-

140 3753 263 3810 tur,
296 3750 359 3798 ut
382 3744 427 3799 si
451 3744 669 3815 indigna
693 3743 760 3798 ad
782 3746 1147 3800 accusandum
1171 3763 1398 3816 persona
1437 3747 1730 3816 invenitur,

136 3836 212 3892 ad
250 3836 372 3906 ejus
410 3839 813 3893 accusationem
852 3839 1136 3909 quisquam
1169 3855 1276 3894 non
1305 3840 1600 3910 judicetur,
1631 3855 1735 3897 nec

138 3930 560 3986 condemnetur.
600 3949 619 3982 ι
650 3931 717 3985 Et
742 3931 796 3984 in
834 3930 1253 4004 Carthaginensi
1294 3931 1526 3985 concilio
1560 3932 1729 4001 (conc.

137 4021 270 4092 Afr.
300 4038 418 4093 cap.
438 4022 559 4094 95):
584 4043 602 4075 ‹
625 4022 984 4091 Quaerendum
1013 4035 1096 4080 est
1119 4027 1171 4080 in
1198 4024 1400 4094 judicio
1428 4026 1582 4095 cujus
1605 4040 1735 4080 con-

137 4113 481 4169 versationis
510 4124 566 4170 et
594 4115 715 4170 fidei
743 4115 812 4170 sit
835 4115 882 4170 is
911 4116 1000 4185 qui
1033 4125 1275 4180 accusat,
1306 4125 1361 4170 et
1393 4117 1436 4170 is
1460 4117 1549 4184 qui
1577 4131 1736 4171 accu-

134 4209 324 4260 satur.
360 4224 380 4256 ι
406 4204 540 4260 Item
565 4205 619 4260 in
641 4206 830 4261 eodem
853 4207 992 4277 (cap.
1022 4206 1111 4277 98)
1143 4225 1156 4261 :
1192 4225 1212 4258 ί
1245 4206 1434 4264 Testes
1462 4218 1643 4262 autem
1668 4207 1737 4262 ad

134 4297 522 4353 testimonium
553 4313 659 4354 non
690 4298 1070 4364 admittendos,
1096 4298 1186 4370 qui
1212 4313 1313 4355 nec
1343 4301 1407 4355 ad
1432 4300 1767 4356 accusatio-'

134 4403 271 4442 nem
330 4387 539 4442 admitti
591 4390 842 4459 praecepti
899 4398 1052 4454 sunt,
1099 4389 1187 4445 vel
1225 4391 1389 4444 etiam
1435 4405 1573 4461 quos
1622 4391 1736 4459 ipse

136 4488 444 4536 accusator
488 4481 554 4535 de
601 4482 760 4537 domo
810 4497 904 4536 sua
947 4483 1282 4552 produxerit.
1329 4503 1346 4536 ι
1399 4484 1467 4539 Et
1513 4493 1736 4538 sanctus

134 4573 438 4628 Cornelius
462 4587 598 4643 papa
619 4581 674 4628 et
703 4582 930 4645 martyr,
949 4575 1248 4643 beatusque
1277 4574 1427 4630 Felix
1459 4574 1733 4630 Romanus

130 4663 418 4736 pontifex,
441 4674 495 4718 et
515 4679 702 4720 omnes
723 4665 866 4720 illius
888 4667 1031 4721 sedis
1051 4667 1335 4735 pontiliees
1356 4668 1733 4732 decreverunt,

131 4767 205 4812 ut
240 4765 479 4812 caveant
515 4755 726 4826 judices
757 4757 1010 4812 Ecclesiae
1034 4799 1049 4823 ,
1097 4772 1162 4812 ne
1213 4759 1438 4813 absente
1475 4773 1542 4813 eo
1581 4759 1734 4828 cujus

130 4863 318 4905 causa
354 4846 646 4902 ventilatur
668 4887 683 4912 ,
716 4849 1038 4902 sententiam
1070 4846 1382 4918 proferant,
1421 4849 1544 4916 quia
1583 4849 1735 4902 irrita

131 4940 293 5004 erit,
322 4947 379 4993 et
418 4941 584 4994 etiam
633 4940 899 4994 rationem
952 4954 1050 5010 pro
1092 4940 1304 4993 actione
1348 4939 1404 4992 in
1445 4939 1734 5007 praesentia

129 5031 387 5088 fratrum
412 5032 638 5097 dabunt,
663 5031 904 5101 exceptis
932 5031 1226 5100 designatis
1256 5029 1435 5085 causis
1464 5044 1601 5098 quas
1628 5029 1740 5084 sin-

129 5125 383 5198 gillatim
410 5123 554 5194 leges
583 5122 836 5178 Ecclesiae
861 5121 1192 5193 exprimunt,
1222 5121 1363 5177 sicut
1386 5129 1443 5175 et
1473 5119 1619 5189 leges
1645 5133 1740 5188 pu-

124 5217 310 5277 blica:
360 5215 580 5269 modum
636 5222 846 5270 certum
896 5214 1284 5278 denominant,
1337 5227 1445 5283 quo
1490 5213 1740 5268 absentes

123 5309 358 5382 judicio
389 5307 620 5362 debeant
655 5305 1038 5370 condemnari,
1091 5307 1146 5360 id
1188 5315 1386 5370 est,ut
1429 5307 1473 5361 si
1506 5314 1616 5360 tam
1663 5305 1743 5359 fa-

131 5399 528 5456 mosissimum
561 5398 766 5452 crimen
803 5398 912 5462 sit,
936 5407 992 5452 et
1027 5398 1080 5452 in
1111 5397 1338 5452 crimine
1377 5397 1739 5454 famosissima

133 5505 396 5563 persona
417 5528 431 5553 ,
463 5499 523 5542 ut
546 5504 721 5558 neque
752 5498 918 5545 testes
948 5490 1016 5544 ad
1045 5489 1469 5545 convincendum
1495 5505 1744 5545 necessa-

137 5585 228 5641 rii
260 5585 590 5647 habeantur,
621 5598 720 5637 nec
747 5581 915 5652 ipsius
941 5582 1246 5653 indigeatur
1271 5582 1581 5652 praesentia,
1604 5582 1744 5637 sicut

128 5673 484 5734 Ambrosius
510 5674 562 5727 in
587 5673 820 5743 Epistula
842 5673 907 5727 ad
930 5673 1238 5728 Corinthios
1260 5673 1388 5726 diei
1419 5689 1438 5726 ι
1471 5691 1489 5724 α
1514 5671 1740 5740 Judicis,

128 5766 447 5834 inquiens,
476 5778 580 5818 non
612 5772 694 5817 est
723 5763 838 5817 sine
870 5772 1185 5818 accusatore
1226 5763 1500 5826 damnare,
1536 5764 1658 5833 quia
1689 5775 1745 5821 et

568 5859 840 5917 Pnaoe.
877 5854 1134 5915 CXXV.

1760 4532 1816 4594 D

1831 1898 2069 1984 synodus
2095 1929 2328 1986 sequens
2355 1917 2652 1974 Romanam
2673 1920 2966 1977 Ecclesiam
2997 1925 3407 1991 demonstravit,

1832 2003 2146 2060 inmedium
2194 2007 2550 2075 devoecmus,
2593 2012 2843 2069 videlicet
2883 2019 3035 2085 (can.
3065 2015 3172 2086 4):
3211 2037 3228 2070 ‹
3265 2016 3334 2073 Ut
3365 2020 3409 2074 si

1831 2100 1953 2169 quis
1987 2116 2046 2155 se
2095 2115 2266 2166 reum,
2313 2105 2397 2158 vel
2445 2107 2556 2160 veri
2606 2107 2975 2175 confessione,
3015 2110 3097 2164 vel
3130 2114 3412 2167 metulacio

1830 2188 2084 2245 falsitatis
2111 2195 2562 2261 prouuntiaverit,
2587 2211 2760 2268 neque
2790 2199 2952 2264 enim,
2983 2201 3171 2271 inquit,
3207 2202 3409 2256 absolvi

1830 2290 2039 2352 potest,
2083 2284 2174 2352 qui
2206 2284 2259 2338 in
2306 2285 2485 2356 seipso
2524 2287 2721 2344 dixerit
2771 2291 2963 2345 mortis
3007 2307 3246 2355 causam,
3293 2307 3411 2361 quae

1832 2376 1974 2432 dicta
2000 2378 2053 2432 in
2080 2378 2244 2433 alium
2274 2381 2589 2450 puniretur,
2632 2397 2752 2437 cum
2795 2385 2974 2440 omnis
2999 2386 3088 2454 qui
3120 2386 3220 2440 sibi
3251 2386 3413 2440 fuerit

1832 2469 2023 2525 mortis
2053 2485 2218 2526 causa
2265 2473 2442 2544 major
2480 2475 2749 2530 homicida
2775 2477 2864 2532 sit.
2901 2499 2918 2530 ι
2956 2477 3107 2544 Quod
3145 2479 3196 2532 in
3227 2479 3411 2534 Eccle-

1833 2562 1935 2627 sia,
1969 2577 2071 2617 nec
2095 2563 2161 2617 de
2189 2573 2398 2619 secreta
2419 2564 2776 2630 confessione,
2802 2583 2904 2622 nec
2932 2583 3028 2638 per
3051 2567 3212 2622 alium
3236 2577 3414 2638 potest

1836 2654 1952 2708 ﬁeri
1986 2671 2000 2708 :
2029 2663 2233 2723 quanto
2258 2656 2439 2711 minus
2465 2671 2562 2726 per
2587 2658 2914 2722 sacerdotes,
2940 2657 3135 2728 quibus
3161 2673 3264 2712 non
3289 2658 3412 2713 licet

1834 2745 1938 2800 sibi
1963 2745 2209 2801 confessa
2237 2746 2516 2817 publicare
2537 2760 2782 2817 peccata,
2805 2749 2908 2802 nisi
2933 2735 3032 2819 per
3059 2749 3204 2804 illum
3237 2750 3412 2819 ipsum

1834 2838 1926 2909 qui
1957 2848 2238 2908 peccatum
2268 2840 2573 2904 commisit,
2599 2840 2654 2894 id
2682 2832 2824 2912 quod
2863 2841 3002 2896 male
3028 2850 3213 2913 egerat
3252 2841 3416 2898 fuerit

1832 2929 2210 3000 propalatum?
2253 2929 2331 2984 De
2368 2944 2475 3000 quo
2504 2931 2666 2985 etiam
2696 2932 2978 3002 providere
3017 2941 3275 3001 quantum
3320 2947 3414 3000 po-

1835 3025 2001 3080 tuerit
2030 3025 2189 3080 debet
2215 3024 2520 3094 episcopus,
2546 3024 2614 3080 ad
2637 3023 2788 3092 cujus
2821 3025 2924 3079 hoc
2953 3040 3138 3080 curam
3169 3025 3415 3078 noscitur

1832 3117 2138 3188 pertinere,
2174 3125 2233 3172 ut
2263 3133 2367 3172 non
2417 3131 2604 3174 errore
2630 3118 2915 3182 seductus,
2967 3127 3062 3172 aut
3090 3118 3283 3172 timore
3325 3131 3416 3170 co-

1834 3219 2006 3274 actus,
2030 3209 2316 3278 quisquam
2347 3209 2684 3263 mendaciter
2703 3208 2759 3263 in
2787 3224 2846 3263 se
2875 3209 3038 3272 dicat,
3069 3207 3207 3262 unde
3227 3207 3310 3262 vel
3331 3221 3410 3271 se,

1830 3301 1915 3355 vel
1947 3300 2241 3355 Ecclesiam
2283 3300 2461 3364 laedat,
2490 3301 2614 3369 quia
2647 3300 2772 3354 inde
2801 3300 2965 3354 etiam
2996 3306 3080 3353 est
3107 3299 3409 3360 decretum,

1833 3398 1894 3446 ut
1923 3398 2134 3446 extorta
2181 3388 2485 3453 confessio,
2517 3389 2603 3444 vel
2654 3397 2842 3443 coacta
2888 3388 3244 3456 subscriptio,
3279 3387 3414 3440 nihil

1831 3484 2032 3554 vigoris
2058 3481 2323 3546 obtineat,
2347 3481 2410 3535 Β.
2439 3480 2747 3536 Alexandro
2784 3489 3026 3552 martyre
3061 3479 3295 3549 glorioso
3321 3518 3335 3543 ,
3360 3486 3418 3533 et

1831 3582 1956 3645 post
1981 3571 2044 3626 Β.
2069 3570 2288 3626 Petrum
2322 3580 2516 3641 quarto
2545 3570 2852 3642 apostolica:
2883 3568 3026 3624 sedis
3050 3567 3305 3638 pontiﬁce
3321 3567 3414 3638 ju-

1835 3665 2052 3720 dicante
2082 3663 2253 3734 (epist.
2291 3662 2362 3715 ad
2387 3678 2529 3716 omn.
2557 3659 2791 3730 orthod.)
2822 3677 2835 3714 :
2866 3679 2885 3710 α
2912 3659 2970 3716 Si
2994 3660 3060 3715 ab
3085 3659 3414 3729 hujusmodi,

1831 3757 2035 3826 inquit,
2069 3754 2315 3824 personis
2338 3795 2352 3817 ,
2380 3755 2523 3824 quod
2551 3753 2700 3808 omni
2742 3759 2830 3807 est
2870 3750 3180 3808 Christiano
3213 3751 3415 3806 nomini

1836 3846 2138 3910 inimicum,
2167 3845 2413 3914 quaedam
2442 3841 2740 3912 Scripturae
2769 3841 3148 3911 quoquomodo
3176 3856 3273 3910 per
3302 3855 3415 3895 me-

1835 3947 1972 4002 tum,
2002 3946 2094 3992 aut
2129 3936 2393 3998 fraudem,
2437 3943 2523 3987 aut
2549 3949 2646 4003 per
2672 3934 2781 3987 vim
2825 3942 3052 3988 extortae
3081 3933 3302 3998 fuerint,
3330 3932 3419 3989 vel

1835 4036 1894 4083 ut
1924 4043 1982 4082 se
2009 4026 2242 4081 liberare
2267 4024 2495 4094 possint,
2528 4039 2852 4093 quocunque
2881 4024 2948 4077 ab
2989 4023 3066 4077 eis
3099 4024 3418 4093 conscripta:

1837 4119 1922 4173 vel
1959 4119 2222 4173 rohoratae
2259 4117 2458 4170 fuerint
2490 4115 2733 4186 ingenio,
2766 4115 2833 4169 ad
2861 4113 3064 4167 nullum
3109 4114 3190 4168 eis
3224 4112 3419 4183 praeiu-

1838 4213 2040 4268 dicium
2068 4193 2161 4265 aut
2187 4217 2569 4264 uocumentum
2598 4207 2886 4276 provenire
2911 4220 3218 4270 censemus,
3244 4219 3418 4274 neque

1838 4303 2002 4360 ullam
2051 4303 2130 4356 eis
2171 4301 2449 4356 infamiam
2492 4299 2579 4353 vel
2629 4297 2974 4363 calumniam,
3019 4306 3110 4350 aut
3136 4313 3165 4350 a
3194 4296 3305 4350 suis
3337 4311 3420 4350 se-

1838 4391 2264 4462 questrationem
2295 4389 2472 4453 bonis,
2520 4403 2788 4458 unquam,
2833 4396 3051 4441 auctore
3079 4386 3333 4450 Domino,
3367 4393 3422 4439 et

1844 4482 2046 4538 sanctis
2072 4479 2354 4551 apostolis.
2381 4492 2678 4548 eorumque
2699 4476 3122 4537 successoribus,
3153 4474 3422 4529 sustinere

1843 4574 2226 4645 permittimus.
2260 4570 2540 4627 Confessio
2571 4584 2701 4623 vero
2733 4567 2785 4621 in
2819 4567 3016 4621 talibus
3047 4581 3151 4619 non
3183 4563 3421 4633 compul-

1839 4681 1923 4730 sa,
1945 4667 2036 4720 sed
2062 4675 2356 4735 spontauea
2387 4662 2504 4716 fieri
2528 4662 2714 4724 debet,
2738 4661 2852 4729 ipso
2877 4666 3166 4713 attestante
3193 4657 3282 4727 qui
3311 4656 3418 4711 ait:

1839 4754 1926 4811 Ea:
1952 4756 2106 4810 corde
2130 4756 2268 4809 enim
2294 4752 2581 4824 procedunt
2607 4749 2911 4813 homicidia,
2939 4748 3223 4813 adulteria,
3255 4747 3424 4818 forni-

1839 4848 2090 4910 cationes,
2120 4845 2451 4915 blasphemia:
2479 4842 2694 4913 (Matth.
2722 4856 2814 4907 xv,
2845 4841 2970 4910 i9),
2997 4848 3051 4893 et
3077 4847 3270 4893 ctrtera
3302 4853 3421 4907 quae

1839 4947 1968 5000 sunt
1991 4939 2057 4991 ad
2080 4939 2194 4991 haec
2214 4934 2560 5004 pertinentia.
2594 4953 2612 4984 ›
2641 4933 2708 4986 Ει
2730 4933 2857 4986 item
2883 4948 2897 4984 :
2927 4949 2945 4982 ‹
2973 4928 3220 5000 Amplius
3243 4936 3426 4983 autem

1844 5015 2070 5098 reépicit
2095 5027 2238 5082 Deus
2270 5025 2337 5080 ad
2374 5023 2762 5096 cogitationes,
2791 5030 2845 5077 et
2876 5029 3200 5091 spontaneas
3234 5019 3424 5074 volun-

1846 5128 2009 5184 tates,
2038 5132 2198 5188 quam
2225 5117 2292 5172 ad
2323 5125 2497 5182 actus,
2527 5115 2617 5184 qui
2643 5129 2741 5184 per
2761 5112 3181 5183 simplicitatem,
3203 5118 3298 5164 aut
3327 5125 3425 5180 per

1845 5212 2224 5284 necessitatem
2273 5209 2429 5265 ﬁunt.
2475 5208 2759 5265 Confessio
2797 5221 2926 5262 vero
2963 5219 3071 5261 non
3114 5203 3422 5272 extorqueri

1846 5291 2009 5360 debet
2036 5303 2088 5358 in
2118 5301 2343 5364 talibus,
2378 5301 2472 5356 sed
2502 5300 2680 5370 petius
2723 5306 2913 5368 sponte
2943 5295 3207 5366 profiteri.
3241 5293 3421 5347 Pessi-

1846 5389 1993 5450 mum
2023 5403 2107 5449 est
2132 5393 2274 5448 enim
2306 5393 2372 5447 de
2403 5391 2708 5460 su5picione
2731 5396 2823 5442 aut
2848 5396 3061 5441 extorta
3088 5384 3423 5441 confessione

1846 5501 2171 5556 quemquam
2191 5485 2460 5555 judicare,
2489 5497 2611 5537 cum
2642 5481 2814 5549 magis
2853 5480 3122 5548 inspector
3147 5474 3325 5530 cordis
3355 5473 3426 5527 sit

1846 5577 2106 5633 Dominus
2127 5590 2288 5645 quam
2313 5574 2515 5643 operis,
2539 5581 2592 5625 et
2612 5571 2790 5642 potius
2817 5569 3046 5638 requirit
3067 5565 3424 5635 cogitationes

1845 5685 2031 5741 puras,
2059 5679 2115 5723 et
2143 5667 2444 5720 voluntates
2471 5665 2660 5729 bonas,
2691 5677 2852 5734 quam
2880 5662 3040 5716 verba
3066 5658 3365 5713 mendacia.
3399 5675 3417 5709 ι

1849 5763 1998 5820 Talis
2027 5762 2170 5818 enim
2203 5760 2256 5814 in
2289 5757 2528 5814 Ecclesia
2561 5756 2676 5813 fieri
2708 5757 2866 5812 debet
2892 5754 2960 5808 ab
2989 5751 3078 5807 illo
3101 5749 3191 5821 qui
3229 5761 3422 5820 pecca-
