3884 5672
511 381 616 441 683

1486 350 1815 414 HINCMARI
1850 341 2243 405 RHEMENSIS
2276 335 2789 398 ABCHIEPISCOPI

3636 323 3724 379 (ibi

514 503 593 558 νη
615 493 901 555 confessio,
927 486 1065 543 sicut
1094 481 1350 549 scriptum
1374 481 1488 529 est:
1515 472 1612 527 Dic
1639 468 1862 539 tuprior
1886 461 2080 531 iniqui-
2106 462 2156 521 Α
2183 456 2272 512 Ait
2304 456 2447 512 enim
2478 453 2545 509 de
2570 450 2705 507 Juda
2738 468 2749 502 :
2790 468 2807 500 ι
2845 445 2886 499 Τ
2891 461 2989 500 anc
3036 445 3210 496 ridens
3265 440 3457 505 ludas,
3499 454 3586 509 qui
3626 455 3728 494 eum

2350 547 2401 558 ..Δ
2598 542 2609 558 ι
2674 541 2696 558 Δι
2740 548 2940 558 ...μημη
3007 542 3126 558 --.μισ
3216 530 3513 558 ..ι-...ἔιηκιὲη
3567 530 3728 558 λκιο-.

516 602 654 651 tates
672 596 810 651 luas,
831 591 889 637 ut
908 573 1242 651 justificeris.
1265 568 1439 631 Prior,
1467 567 1683 635 inquam
1699 601 1712 624 ,
1738 567 1798 613 ut
1818 566 1875 612 et
1892 568 2081 611 vocem

518 678 852 743 accusatoris
877 669 1094 734 diaboli,
1120 674 1175 721 et
1202 662 1393 718 faciem
1417 655 1630 713 Domini
1665 653 1722 707 in
1744 648 2084 707 confessione

517 772 832 850 praevenias,
867 773 926 819 ut
942 754 1275 833 justiticeris,
1298 766 1404 807 non
1431 757 1491 803 ut
1514 740 1893 802 condemneris
1913 735 2084 807 :quia

519 834 632 940 ipsa
667 863 828 918 etiam
851 849 1216 910 ecclesiastica
1258 834 1759 901 excommunicatio,
1786 845 1894 887 non
1934 834 2090 882 mter-

1358 932 1392 940 “
1514 937 1523 940 -
1583 935 1595 940 -
1692 939 1696 940 ν
1746 915 2061 940 κακέ-.-ιιι-

521 915 715 1014 {nisi
726 915 978 1022 pmnalis,
999 940 1093 997 sed
1115 932 1425 1007 temporalis
1446 937 1531 984 est
1547 935 1710 997 atque
1727 915 2086 979 medicinalis,

519 1009 814 1106 tantum.ut
851 1040 1196 1095 convertatur
1233 1033 1488 1099 peccator
1516 1019 1584 1076 ad
1611 1017 1782 1081 illum,
1807 1020 1863 1067 et
1902 1009 2087 1072 vivat,

520 1142 610 1213 qui
639 1152 745 1194 non
782 1132 897 1189 vult
921 1133 1146 1184 mortem
1187 1114 1516 1192 peccatoris,
1550 1108 1828 1166 sedvitam
1871 1099 2086 1175 (Eucti.

519 1192 650 1289 sivm
677 1271 691 1295 ,
734 1226 847 1298 23).
880 1222 948 1278 Et
993 1220 1188 1274 iterum
1234 1212 1495 1279 scriptum
1528 1210 1615 1260 est
1641 1218 1656 1257 :
1684 1199 1770 1256 Ea:
1797 1195 1961 1253 verbis
1987 1192 2093 1246 tuis

511 1282 919 1394 justiﬁcabelris,
955 1320 1003 1365 et
1029 1323 1094 1363 ea:
1136 1303 1301 1361 verbis
1335 1300 1438 1353 tuis
1483 1288 1908 1350 condemnaberis
1945 1282 2089 1357 (ιω.

524 1375 677 1479 smn,
705 1409 821 1481 26).
845 1375 1000 1462 Unde
1025 1400 1381 1468 Hieronymus
1405 1409 1417 1445 :
1451 1409 1470 1441 ι
1499 1388 1578 1442 Ex
1603 1383 1757 1440 malis
1782 1378 1961 1435 verbis
1990 1375 2093 1431 du-

522 1507 672 1561 bium
721 1467 830 1555 ndn
873 1503 956 1551 est
995 1490 1134 1562 quod
1164 1467 1446 1542 damnetur
1491 1495 1521 1534 a
1561 1476 1671 1532 Deo
1709 1474 1871 1530 homo
1897 1467 1989 1539 qui
2030 1478 2096 1521 ea

522 1555 747 1670 protulit
796 1610 811 1645 :
858 1555 1143 1659 iustificari
1189 1586 1369 1635 autem
1408 1588 1473 1629 ex
1522 1566 1681 1626 bonis
1720 1561 1903 1619 verbis
1947 1555 2096 1613 nullo

522 1651 685 1743 modo
708 1651 903 1754 potesi,
925 1676 1031 1731 nisi
1055 1674 1121 1729 de
1138 1670 1329 1726 intimo
1354 1662 1534 1719 cordis
1551 1675 1615 1714 ea
1633 1665 1781 1712 recta
1801 1651 2101 1708 intentione

525 1739 784 1852 proferat.
810 1739 959 1828 Bona
986 1763 1197 1823 etiamsi
1222 1761 1350 1825 sint,
1373 1764 1428 1812 et
1457 1768 1563 1809 non
1606 1757 1755 1805 recto
1774 1743 1956 1802 studio
1984 1739 2103 1798 foe-

525 1832 637 1927 rint
658 1865 887 1940 prolata,
903 1859 1201 1930 justiticare
1212 1854 1521 1923 loquentem
1544 1858 1648 1899 non
1665 1844 1939 1912 poterunt,
1960 1832 2104 1889 sicut

528 1978 629 2021 nec
649 1930 885 2029 éaipbas
902 1952 1061 2025 621
1091 1940 1498 2016 interpretando
1518 1937 1696 2008 justus
1722 1933 1975 1986 inventus
1999 1930 2102 1988 est,

529 2055 623 2127 qui
654 2024 791 2108 dixit
823 2065 835 2101 :
871 2024 1094 2113 Empedit
1136 2046 1193 2092 ut
1236 2050 1370 2089 unus
1397 2032 1549 2085 homo
1584 2024 1843 2080 moriatur
1882 2032 1977 2089 pro
2017 2029 2109 2085 po-

529 2109 673 2217 ;mlo,
701 2150 749 2195 et
776 2154 881 2193 non
910 2109 1018 2189 tota
1047 2146 1169 2203 gens
1206 2134 1379 2199 pereat
1408 2122 1588 2193 (Joan.
1617 2133 1692 2179 ιιι,
1721 2113 1839 2184 50).
1862 2109 1955 2166 Illa
1977 2120 2108 2177 ergo

530 2210 697 2291 verba
719 2227 1024 2301 iustificam
1059 2222 1388 2291 loquentem,
1415 2212 1506 2282 qui
1547 2210 1687 2264 bona
1710 2218 1833 2274 quae
1858 2215 1953 2255 ore
1983 2210 2110 2268 pro-

532 2327 640 2384 fert
667 2318 975 2379 medullitus
1016 2290 1178 2369 corde
1223 2308 1448 2368 retinet,
1489 2311 1548 2358 et
1587 2305 1774 2354 sancta
1814 2290 2111 2348 intentione

531 2416 758 2491 profert.
784 2411 842 2467 In
872 2409 1159 2464 verborum
1183 2401 1325 2457 enim
1349 2395 1582 2467 pondere
1602 2385 1847 2459 operatio
1867 2378 2113 2438 consistit

532 2471 658 2564 vitae
684 2507 934 2563 humanae
962 2518 977 2553 :
1006 2496 1157 2567 quia,
1186 2501 1244 2547 ut
1273 2488 1528 2545 Salomon
1551 2483 1660 2539 ait:
1687 2476 1833 2532 Mors
1856 2483 1905 2528 et
1937 2472 2038 2526 vita
2057 2471 2114 2523 in

537 2560 781 2656 manibus
816 2560 1220 2663 linguae-(Prov.
1252 2596 1415 2643 xvm,
1446 2575 1561 2645 El).-
1596 2592 1615 2625 ι
1644 2570 1711 2624 Et
1735 2563 1983 2636 capitulis
2006 2560 2115 2615 Au—

536 2698 815 2765 gustorum
867 2653 1212 2739 decernitur:
1267 2692 1286 2726 ι
1320 2670 1387 2726 Ut
1434 2667 1524 2739 qui
1571 2664 1765 2719 timore
1805 2653 2116 2725 compulsus

537 2795 753 2839 servum
775 2792 835 2833 se
861 2788 984 2830 esse
1023 2777 1175 2826 extra
1204 2762 1471 2834 judicium
1494 2754 1715 2817 dixerit,
1746 2747 1954 2804 nullum
1977 2757 2116 2814 prai-

536 2873 797 2947 judicium
828 2864 1095 2923 libertatis
1140 2861 1412 2919 incurrat,
1443 2852 1616 2906 donec
1643 2842 1847 2915 judicio
1881 2848 2118 2911 praesen-

541 2977 705 3027 tetur,
743 2971 805 3019 ut
829 2961 1131 3016 libertatem
1159 2966 1344 3016 suam,
1380 2946 1426 3003 si
1459 2960 1580 3001 eam
1609 2936 1955 3011 probaverit,
1981 2944 2119 3002 prai-

544 3068 695 3117 sente
736 3055 915 3129 judice
959 3050 1203 3129 obtineat
1226 3085 1242 3111 ,
1286 3049 1380 3098 aut
1425 3039 1472 3095 si
1519 3047 1709 3093 servus
1755 3025 2115 3088 convincitur,

544 3126 985 3211 statimVDomino
1009 3126 1352 3197 reformatur.

613 3242 821 3297 Debent
842 3235 1095 3290 nimirum
1123 3224 1381 3299 episcopi,
1402 3218 1653 3277 videlicet
1670 3213 1885 3285 iudices
1913 3208 2119 3265 anima-

548 3348 688 3400 rum,
729 3340 1058 3403 magnopere
1109 3318 1414 3394 providere,
1466 3321 1522 3369 et
1573 3307 1756 3365 εωθιιῆ
1812 3301 2122 3359 hominibus

547 3430 833 3490 intimare,
888 3434 959 3477 ne
1013 3418 1068 3472 in
1114 3393 1444 3474 accusandi,
1495 3402 1580 3460 vel
1634 3393 1975 3458 testificandi,
2029 3396 2127 3446 aut

544 3518 817 3597 iudicandi
865 3512 1098 3584 negotio,
1132 3505 1289 3578 quasi
1340 3502 1439 3558 sub
1473 3500 1739 3569 praetextu
1768 3490 1964 3546 futurae
1989 3498 2122 3540 con-

552 3578 802 3669 fessionis
826 3622 891 3661 ac
913 3578 1271 3676 pinnitentiae,
1301 3590 1574 3665 suggestio
1610 3582 1873 3643 diabolica
1896 3578 2127 3632 latenter

550 3710 631 3766 eis
656 3703 945 3775 subripiat,
987 3698 1171 3754 dicens
1217 3704 1325 3748 non
1378 3685 1564 3750 verbo,
1616 3680 1711 3738 sed
1761 3678 2133 3735 hortamento,

553 3801 858 3868 cuicunque
885 3798 1008 3864 post
1035 3781 1535 3857 concupiscentiam
1564 3772 1746 3831 cordis
1766 3768 1848 3825 sui
1876 3767 1957 3821 ire
1986 3760 2131 3818 desi-t

835 3848 1087 3945 illitende,
1116 3848 1576 3946 inquitdiabolns,
1601 3873 1665 3919 ut
1691 3856 1966 3929 compleas
1988 3848 2134 3921 quod

553 3982 849 4044 desideras,
864 3988 936 4030 ne
960 3974 1027 4029 de
1052 3985 1119 4027 eo
1148 3942 1387 4023 vincaris
1411 3958 1555 4031 quod
1600 3963 1845 4024 coeperas
1877 3964 1892 4001 :
1940 3942 2135 4000 melius

558 4074 654 4130 tibi
696 4078 779 4128 est
824 4076 1013 4141 postea
1054 4055 1428 4134 pmnitentiam
1480 4062 1658 4120 agere,
1713 4055 1876 4111 quam
1927 4036 2135 4089 victum

561 4127 929 4225 dehonestari.
963 4127 1405 4213 Testifieantibus
1450 4150 1631 4197 autem
1659 4132 1901 4209 suggerit
1930 4147 1943 4181 :
1976 4127 2136 4195 lnge-

559 4259 707 4314 nium
760 4251 984 4326 potestis
1024 4254 1241 4316 capere,
1276 4248 1336 4294 ut
1387 4236 1461 4292 ita
1522 4236 1713 4303 pareat
1761 4222 1904 4295 quod
1956 4215 2135 4274 dicitis

561 4310 928 4406 verumlesse.
955 4310 1232 4395 Iudicibus
1260 4344 1394 4386 vero
1442 4322 1685 4381 diabolus
1725 4330 1869 4387 saepe
1917 4310 2137 4374 suadet,

560 4401 861 4498 uindicant
910 4451 925 4486 ς
989 4424 1267 4497 Quomodo
1309 4431 1529 4491 possum
1559 4410 1753 4468 aliter?
1803 4408 1945 4463 sicut
1974 4401 2136 4458 audis

2142 3154 2190 3219 C

2186 547 2423 611 tradidit,
2472 542 2610 614 quod
2662 541 2940 594 damnatus
2999 542 3161 595 esset,
3216 530 3513 598 pwuitentia
3564 530 3733 584 ductas

2186 636 2361 693 retulit
2405 634 2621 703 triginta
2661 637 2930 699 argenteos
2973 621 3291 694 principibus
3335 619 3660 673 sacerdotum
3696 630 3738 675 et

2186 727 2495 792 senioribus,
2518 724 2693 780 dicens
2715 735 2733 772 :
2750 718 2989 782 Peccavi,
3010 715 3219 769 tradens
3239 713 3545 782 sanguinem
3551 711 3743 780 justum

2188 819 2404 893 (Matth.
2451 831 2622 879 xxvn,
2653 816 2707 879 5,
2738 813 2814 883 4).
2865 808 3118 865 Avaritia:
3168 804 3591 876 magnitudinem
3634 802 3743 874 [αι.

2190 906 2588 981 magnitudine]
2641 902 2935 975 impietatis
2999 898 3212 970 pondus
3259 896 3514 953 exclusit.
3565 893 3751 951 Videris

2190 1001 2354 1059 ludas
2382 996 2669 1055 Dominum
2692 992 3055 1064 adjudicatum
3090 987 3249 1042 morti
3270 1026 3288 1051 ,
3309 985 3545 1056 pretium
3582 983 3751 1039 retulit

2194 1088 2585 1151 sacerdotibus,
2615 1084 2772 1155 quasi
2816 1082 2870 1138 in
2909 1088 3174 1152 potestate
3212 1091 3310 1132 sua
3339 1082 3489 1131 esset
3515 1087 3753 1144 persecu-

2194 1191 2370 1238 torum
2398 1186 2608 1233 mutare
2655 1172 2995 1231 sententiam.
3046 1170 3252 1239 Itaque,
3298 1166 3426 1221 licet
3478 1164 3757 1221 mutaverit

2193 1275 2527 1332 voluntatem
2562 1283 2737 1332 suam,
2772 1275 2952 1320 tamen
2982 1259 3276 1318 voluntatis
3323 1258 3517 1329 prima
3563 1256 3754 1311 exitum

2196 1383 2303 1424 non
2330 1362 2574 1421 mutavit.
2627 1359 2686 1415 Si
2741 1366 2919 1413 autem
2971 1353 3216 1426 peccavit
3267 1350 3357 1406 ille
3410 1350 3504 1420 qui
3555 1347 3756 1403 tradidit

2196 1459 2512 1530 sanguinem
2550 1453 2778 1524 justum,
2806 1458 3008 1521 quanto
3048 1462 3223 1517 magis
3267 1449 3636 1515 peccaveth
3678 1441 3757 1512 qui

2198 1561 2442 1613 emerant
2492 1547 2804 1619 sanguinem
2847 1543 3071 1614 justum,
3118 1548 3173 1594 et
3217 1537 3500 1594 oderendo
3542 1535 3759 1605 pretim:

2200 1646 2268 1702 ad
2295 1642 2652 1715 proditionem
2675 1633 2991 1704 discipulum
3010 1628 3409 1702 provocarunt?
3436 1628 3513 1683 At
3534 1626 3615 1680 illi
3633 1625 3763 1679 dixe-

2204 1743 2331 1790 runt
2355 1751 2368 1788 :
2399 1730 2541 1798 Quid
2562 1729 2630 1784 ad
2658 1727 2792 1782 nos?
2827 1723 2905 1779 Tu
2932 1723 3139 1779 videris.
3166 1720 3234 1776 Et
3253 1720 3503 1790 projectis
3522 1718 3763 1787 argenteis

2203 1828 2261 1885 in
2318 1826 2528 1898 templo,
2577 1822 2804 1886 recessit,
2856 1829 2906 1874 et
2950 1817 3126 1872 abiens
3173 1816 3359 1885 laqueo
3408 1831 3466 1869 se
3515 1812 3764 1884 suspendit

2207 1920 2392 1995 (ibid.,
2430 1935 2478 1972 υ.
2514 1916 2590 1987 5).
2632 1907 2776 1968 Nihil
2814 1910 3017 1982 profuit
3055 1909 3232 1979 egisse
3259 1906 3661 1977 paenitentiam,
3684 1918 3767 1974 per

2206 1993 2364 2082 quam
2393 2006 2569 2064 scelus
2605 2004 2879 2073 corrigere
2931 2014 3040 2054 non
3092 1998 3284 2069 potuit.
3337 1995 3396 2051 Si
3440 1994 3662 2065 quando
3701 1993 3771 2047 sic

2208 2103 2379 2161 frater
2411 2105 2601 2170 peccat
2631 2097 2684 2153 in
2729 2095 2953 2150 fratrem
2973 2131 2989 2156 ,
3023 2098 3081 2145 ut
3109 2089 3399 2145 emendare
3430 2086 3617 2142 valeat
3647 2084 3769 2155 quod

2207 2190 2485 2266 peccavit,
2512 2195 2690 2259 potest
2729 2186 2780 2240 ei
2825 2182 3023 2238 dimitti
3060 2195 3076 2236 :
3107 2182 3188 2236 sin
3235 2188 3421 2235 autem
3468 2182 3771 2248 ρει-πωπω

2209 2297 2404 2354 opera,
2429 2280 2631 2335 frustra
2676 2289 2809 2331 voce
2855 2272 3149 2329 assumitur
3191 2268 3540 2340 poenitentia.
3573 2266 3771 2321 Hocest

2211 2377 2356 2449 quod
2385 2376 2440 2430 in
2466 2372 2677 2429 Psalmo
2700 2370 2768 2425 de
2795 2368 2983 2425 eodem
3004 2363 3379 2427 infelicissimo
3398 2360 3541 2421 Iuda
3562 2358 3765 2417 dicitur:

2214 2467 2283 2523 Et
2320 2466 2490 2520 oratio
2510 2463 2621 2534 ejus
2638 2461 2731 2531 ﬁat
2758 2462 2812 2514 in
2835 2466 3098 2531 peccatum
3124 2453 3297 2529 (Psai.
3325 2469 3481 2519 esui,
3504 2453 3590 2523 Ἰ),
3608 2459 3770 2507 utnon

2212 2561 2375 2635 622
2410 2559 2583 2616 solum
2612 2556 2900 2613 emendare
2932 2551 3234 2623 nequiverit
3260 2549 3591 2622 proditionis
3620 2547 3768 2608 uetas,

2218 2658 2314 2713 sed
2339 2654 2595 2725 adprius
2619 2652 2794 2713 scelus
2828 2649 2991 2705 etiam
3018 2646 3225 2717 proprii
3592 2641 3772 2698 crimen

2220 2748 2505 2805 addiderit.
2542 2764 2565 2800 ι
2606 2745 2916 2801 Timeamus
2952 2754 3145 2796 omnes
3167 2739 3307 2795 hanc
3337 2751 3531 2793 veram
3580 2743 3772 2791 senten-

2219 2840 2374 2903 tiam,
2403 2849 2692 2893 caveamus
2719 2835 2861 2889 hanc
2908 2828 3423 2900 perniciosissimam
3462 2841 3596 2896 erga
3636 2824 3773 2880 deero

2218 2933 2462 3004 ptioncm
2511 2936 2751 2984 nostram
2798 2924 3073 2981 diabolicae
3120 2921 3477 2993 malignitatis
3523 2918 3777 2977 astutiam

2221 3041 2327 3097 qua
2356 3022 2729 3079 fraudulenter
2751 3016 2994 3077 diabolus
3020 3016 3181 3072 etiam
3212 3014 3312 3070 sub
3346 3010 3780 3082 penitenﬁaspe

2220 3132 2321 3174 nos
2357 3114 2583 3179 deludit,
2613 3120 2672 3168 et
2705 3126 2773 3166 ex
2809 3108 3038 3167 consilio
3072 3122 3169 3163 nos
3206 3106 3259 3160 in
3290 3104 3454 3175 culpa
3479 3103 3635 3175 ligat,
3658 3101 3780 3171 quod

2225 3225 2348 3266 cum
2382 3208 2451 3263 ab
2487 3212 2633 3262 statu
2678 3202 2906 3272 iustitiae
2952 3198 3228 3270 peccando
3276 3195 3641 3255 causidici-us,
3683 3190 3781 3261 pie-

2225 3313 2453 3370 rumque
2483 3296 2643 3353 simul
2668 3304 2723 3351 et
2752 3295 2811 3351 iu
2835 3293 3084 3363 laqueum
3113 3286 3514 3358 desperationis
3532 3284 3780 3343 cadi-6.

2226 3402 2282 3452 et
2310 3406 2343 3449 a
2372 3389 2556 3445 radice
2586 3386 2701 3458 spei
2744 3384 2985 3445 funditus
3027 3378 3328 3437 evellimur.
3377 3376 3519 3435 ilinc
3544 3383 3632 3430 est
3660 3370 3786 3443 quod

2228 3499 2326 3556 per
2350 3481 2668 3553 prephetam
2701 3476 2983 3540 Dominus,
3008 3487 3118 3531 non
3159 3481 3270 3526 tam
3310 3466 3786 3540 praecipitationem

2230 3587 2398 3647 prava
2420 3584 2583 3639 quam
2609 3567 2927 3627 delictorum
2957 3562 3134 3620 studia
3170 3558 3527 3631 reprehendit
3560 3556 3735 3614 dicetis
3767 3570 3781 3605 :

2232 3667 2317 3725 Ne
2346 3667 2480 3737 forte
2507 3662 2805 3734 egrediatur
2832 3668 2888 3713 ut
2920 3656 3054 3730 ignis
3080 3652 3377 3725 indignatio
3413 3667 3568 3713 mea,
3604 3658 3653 3703 et
3687 3659 3789 3700 sls-

2233 3758 2509 3821 csndatur,
2533 3764 2583 3809 et
2611 3769 2717 3809 non
2753 3752 2819 3807 sit
2848 3749 2942 3821 qui
2977 3747 3277 3817 exstinguat
3313 3751 3530 3814 propter
3559 3737 3788 3795 malitis.

2234 3849 2530 3906 studiorum
2554 3854 2845 3900 vestrorum
2873 3839 3007 3912 (lar.
3039 3853 3117 3901 tv,
3140 3835 3218 3907 4).
3254 3832 3397 3889 Hinc
3422 3831 3627 3886 iterum
3644 3829 3787 3883 irata

2237 3940 2368 4001 dicit
2401 3956 2414 3993 :
2456 3933 2691 3992 Visitabo
2730 3946 2887 4001 super
2923 3943 3010 3985 vos
3045 3927 3201 3997 juxta
3244 3922 3481 3993 fructum
3521 3919 3786 3974 studio":

2237 4039 2523 4093 uestrorum
2554 4024 2688 4097 (Jer.
2707 4038 2822 4087 χιι,
2850 4018 2959 4092 ιι),
2994 4036 3013 4070 ι
3041 4013 3307 4085 Quoniam
3334 4012 3506 4085 igitur
3529 4026 3562 4064 a
3582 4004 3786 4081 peccatu

2239 4120 2380 4185 aliis,
2428 4126 2491 4173 ut
2541 4115 2671 4172 dicit
2718 4114 2910 4169 beatus
2944 4107 3250 4179 'Gregorius
3307 4100 3553 4175 (Pastor.
3599 4100 3686 4155 tib.
3721 4109 3787 4157 ιι

2240 4229 2357 4283 eap.
2386 4209 2500 4281 55),
2531 4205 2785 4267 differunt
2804 4209 3028 4275 peccata
3050 4214 3171 4271 quae
3196 4211 3295 4267 per
3312 4194 3605 4252 consilium
3632 4203 3788 4263 perpe-

2241 4282 2484 4371 trantur;
2521 4318 2626 4359 non
2656 4309 2764 4356 tam
2794 4296 3055 4356 Dominus
3086 4308 3250 4365 prava
3275 4290 3424 4347 facta
3450 4304 3621 4361 quam
3642 4282 3789 4342 stadii

2240 4397 2525 4471 pravitatis
2546 4392 2869 4464 insequitur.
2891 4390 2948 4444 ln
2973 4387 3129 4444 factis
3149 4385 3293 4440 enim
3315 4397 3463 4452 saepe
3486 4378 3794 4440 inﬁmitate.

564 4473 621 4498 υἱ
679 4473 861 4494 “Ibi-Illi
912 4473 925 4486 ο
993 4473 1261 4497 κ-η---ννσ
1312 4473 1327 4491 ι
1353 4473 1369 4477 ν
1390 4473 1427 4475 ,ν

560 4528 762 4602 iudico.
812 4522 965 4582 Unde
1030 4519 1277 4580 audiant,
1313 4520 1369 4568 et
1421 4506 1715 4566 exaudiant
1767 4513 1887 4570 quae
1934 4494 2138 4563 scripta
2168 4506 2393 4581 nempe
2417 4486 2774 4562 negligentia,
2806 4484 2859 4540 in
2891 4478 3085 4538 studiis
3123 4491 3250 4532 vero
3294 4473 3570 4531 malitiosa
3612 4480 3796 4539 semper

1828 4591 1840 4602 .
1950 4588 1961 4599 .
2005 4587 2036 4602 .,
2100 4601 2108 4602 κ
2250 4587 2262 4599 ο
2310 4583 2544 4602 LA”---
2577 4586 2836 4602 _---.......
2879 4574 2941 4602 Da
2975 4573 3091 4602 ξηεηι
3126 4571 3177 4602 :n
3215 4568 3476 4602 honuni".
3510 4564 3663 4602 mf]
3747 4562 3758 4572 .

567 4587 693 4680 sunt
720 4639 733 4676 :
778 4617 871 4673 Va:
896 4613 1038 4670 vobis
1069 4609 1157 4680 qui
1179 4601 1490 4679 justiﬁcatis
1509 4614 1599 4654 uos
1619 4608 1797 4654 coram
1821 4587 2139 4651 hominibus,

568 4718 824 4774 Dominus
853 4719 1026 4766 autem
1046 4706 1181 4762 novit
1205 4701 1364 4757 corda
1383 4705 1551 4754 uestra
1579 4692 1732 4766 (Luc.
1755 4703 1869 4754 xvi,
1894 4685 2005 4756 l5).
2034 4682 2137 4739 Et:

572 4808 630 4867 Si
657 4809 838 4864 acutus
866 4810 1006 4869 tuus,
1033 4801 1086 4857 id
1126 4806 1212 4854 est
1255 4792 1483 4850 intentio
1528 4796 1640 4853 tua,
1685 4782 1906 4854 simplex
1959 4776 2142 4849 fuerit,

571 4912 734 4958 totum
765 4910 951 4969 corpus
978 4907 1125 4950 tuum
1155 4889 1386 4944 lucidum
1413 4884 1511 4940 erit
1540 4880 1754 4953 (Matth.
1782 4892 1859 4940 vi,
1883 4873 1996 4944 22).
2026 4870 2093 4925 Et
2123 4887 2139 4924 ι

572 4991 641 5046 In
686 4996 786 5062 quo
836 4960 1045 5058 judicio
1086 4974 1478 5052 judicaveritis,
1514 4968 1844 5042 iudicabitur
1885 4965 1949 5018 de
1997 4960 2142 5017 vobis

575 5053 794 5153 (Maith.
818 5053 916 5141 vn,
938 5068 1019 5143 ἢ).
1049 5068 1115 5127 Et
1143 5089 1157 5124 :
1187 5066 1382 5121 Falsus
1421 5063 1564 5118 testis
1598 5075 1704 5114 non
1735 5057 1834 5113 erit
1857 5053 2147 5125 impunitus

576 5148 759 5245 (Prov.
796 5182 894 5227 χιιι
912 5210 927 5235 ,
956 5167 1038 5238 ὖ).
1094 5164 1161 5220 Ει
1182 5161 1363 5231 legant
1382 5158 1524 5227 quod
1548 5155 1677 5210 dicit
1705 5159 1926 5208 sanctus
1955 5148 2146 5202 llicro-

577 5280 773 5338 nymus
798 5264 853 5318 in
882 5256 1271 5317 commentario
1292 5248 1527 5307 Matthxi
1552 5266 1567 5303 :
1597 5266 1616 5299 ι
1642 5246 1851 5307 Falsus,
1875 5242 2146 5313 inquiens,

580 5335 735 5411 testis
759 5360 874 5417 est,
912 5349 1003 5420 qui
1034 5362 1144 5404 non
1180 5345 1365 5401 eodem
1396 5354 1557 5396 sensu
1598 5339 1738 5393 dicta
1769 5335 2014 5406 intelligit
2043 5347 2151 5403 quo

581 5445 853 5501 dicuntur.
902 5463 921 5491 ι
966 5437 1181 5506 Quanto
1210 5433 1378 5504 magis
1426 5430 1515 5500 qui
1557 5429 1646 5483 illa
1683 5426 1813 5483 dicit
1841 5441 1960 5495 qua:
2007 5422 2150 5479 dicta

583 5549 691 5591 non
743 5531 904 5588 sunt?
951 5528 1018 5583 Et
1047 5527 1142 5583 tali
1176 5523 1513 5595 cogitationi,
1544 5536 1703 5592 quam
1733 5519 2000 5581 diabolus,
2041 5517 2154 5571 sive

584 5636 750 5672 brave
774 5620 1193 5672 intendentibus.
1223 5617 1337 5668 sive
1377 5614 1821 5666 testiﬁcantibus.
1856 5610 1970 5664 sive
2012 5606 2155 5664 iudi-

2248 4562 2550 4642 intimtione
2577 4586 2853 4652 peccatur.
2879 4574 2949 4631 Et
2975 4573 3093 4643 ipse
3126 4571 3180 4626 in
3214 4568 3480 4626 cathedra
3510 4562 3797 4638 pestilenti:

2248 4679 2416 4741 sedet,
2463 4674 2557 4747 qui
2607 4680 2756 4729 tanta
2802 4666 3103 4739 iniquitatis
3147 4662 3385 4720 elatione
3430 4658 3724 4721 extollitur,
3749 4659 3797 4707 st

2248 4742 2698 4840 implere—malum
2720 4760 2885 4817 etiam
2911 4772 3009 4827 per
3053 4751 3340 4811 consilium
3395 4757 3644 4805 conetur.
3685 4742 3799 4799 llius

2248 4833 2375 4931 erg-0
2403 4856 2661 4928 colligant
2681 4852 2775 4924 qui
2803 4851 2860 4905 in
2883 4846 3042 4918 culpa
3079 4858 3140 4902 se
3180 4841 3347 4898 etiam
3396 4854 3500 4910 per
3542 4833 3798 4894 coasiﬁIl

2249 4925 2440 5027 ligant,
2475 4925 2583 5022 qua
2638 4946 2962 5019 quandoque
3014 4942 3220 4998 ultione
3261 4935 3499 4993 feriendi
3542 4941 3686 4996 sunt,
3724 4925 3800 4997 qui

2251 5025 2395 5107 nunc
2440 5058 2730 5117 pravorum
2778 5054 2888 5095 non
2938 5036 3073 5093 socii
3114 5031 3212 5091 sed
3253 5029 3538 5102 principes
3582 5025 3729 5081 tim
3777 5036 3798 5073 ι

2250 5140 2502 5200 Cavenda
2535 5146 2621 5195 est
2646 5137 2810 5193 etiam
2840 5130 3021 5189 callidi
3048 5127 3221 5185 hostis
3255 5123 3523 5187 versutia,
3543 5122 3634 5190 qui
3674 5130 3803 5171 iam-

2253 5246 2360 5292 tem
2393 5245 2555 5302 quam
2602 5235 2822 5300 peccato
2869 5222 3209 5293 supplantat,
3249 5230 3376 5273 eum
3407 5214 3477 5269 de
3524 5210 3677 5266 ruina
3721 5217 3801 5260 sas

2254 5330 2506 5386 adlictam
2570 5298 2808 5393 respicit,
2872 5315 3182 5374 securitatis
3246 5309 3523 5383 pestifem
3550 5298 3803 5357 Madidis

2253 5420 2481 5484 seducit,
2509 5424 2566 5472 et
2590 5416 2639 5471 ei
2670 5428 2794 5484 spes
2819 5425 2883 5465 ac
2910 5408 3233 5465 securitates
3250 5415 3385 5458 vae"
3854 5394 3875 5409 υ

2236 5520 2434 5590 Vocat.
2462 5516 2729 5580 quatenus
2757 5502 3046 5558 utilitatem
3077 5495 3216 5554 uio"

2255 5608 2401 5663 enim
2423 5604 2652 5658 aliorum
2678 5600 2814 5646 fact“
