4026 6340
158 578 361 635 tatem,
389 570 472 624 vel
494 570 852 639 quodcunque
880 571 1301 627 emolumentum
1326 581 1419 626 aut
1446 573 1635 642 gratiae
1663 571 1748 627 vel

156 661 395 718 honoris
423 668 694 730 corrupta:
721 662 890 715 menti
918 663 1138 731 objicit:
1167 665 1324 719 modo
1349 663 1547 718 malum
1579 662 1743 728 aliud,

153 753 309 824 quod
344 754 414 808 de
439 753 583 808 malo
614 753 807 807 minori
849 754 1059 808 excludi
1083 763 1277 824 potest,
1305 754 1560 819 ostendit,
1591 755 1748 809 modo

152 844 345 899 adhuc
374 853 584 912 tempus
600 845 935 915 subsequens
953 845 1022 899 ad
1041 846 1414 915 paenitentiam
1439 844 1745 915 pollicetur,

152 945 219 989 nt
246 937 380 989 dum
405 950 503 1004 per
533 935 645 991 bare
670 937 891 1006 decepta
918 950 1073 992 mens
1091 937 1328 1001 ducitur,
1345 951 1377 990 a
1403 937 1546 991 malo
1569 943 1749 1006 coepto

152 1040 271 1080 non
305 1038 614 1092 revocetur,
640 1034 696 1081 et
724 1026 793 1083 ab
826 1027 1124 1083 intentione
1159 1028 1493 1097 ptenitentia:
1521 1041 1755 1101 suspen—g

151 1118 329 1173 datur
361 1132 377 1173 :
408 1127 680 1190 quatenus
707 1126 835 1174 tunc
860 1118 1000 1177 bona
1047 1118 1194 1173 nulla
1241 1118 1538 1189 percipiat,
1581 1134 1745 1190 quam

152 1224 309 1264 nunc
340 1208 479 1263 mala
516 1207 658 1262 nulla
689 1204 1137 1275 contristant,'et
1166 1216 1296 1266 tunc
1320 1208 1534 1279 plenius
1556 1210 1749 1266 obrua-

152 1308 249 1354 tur
276 1300 585 1370 suppliciis,
610 1315 731 1370 qua:
760 1315 907 1355 nunc
950 1300 1116 1356 etiam
1162 1299 1361 1371 gaudet
1408 1300 1462 1356 in
1512 1300 1747 1363 delictis.

153 1388 323 1461 Saepe
342 1392 515 1447 etiam
554 1391 775 1461 speciali
809 1391 951 1447 malo
978 1391 1269 1462 duplicium
1317 1391 1483 1448 corda
1530 1392 1748 1464 ingenio

152 1482 298 1538 artis
339 1482 577 1551 antiquae
606 1482 887 1552 pervertit,
916 1490 976 1537 ut
1007 1482 1134 1537 dum
1171 1497 1427 1553 perversa
1451 1491 1507 1538 et
1544 1482 1749 1553 duplici

151 1571 379 1629 actione
401 1579 632 1628 ceteros
680 1570 905 1639 fallunt,
946 1572 1103 1644 quasi
1148 1573 1493 1642 praestantius
1533 1574 1747 1630 caeteris

150 1667 459 1739 prudentes
488 1682 548 1723 se
576 1681 699 1723 esse
722 1666 1045 1737 glorientur.
1086 1666 1156 1723 Et
1181 1666 1310 1738 quia
1349 1666 1746 1723 districtionem

152 1757 538 1817 utributionis
558 1772 664 1814 non
690 1759 1062 1825 considerant,
1084 1759 1151 1813 de
1178 1758 1389 1814 damnis
1417 1758 1532 1815 suis
1558 1758 1743 1815 miseri

1098 369 1188 426 DE
1226 368 1555 427 DlVOBTIO
1590 367 1920 427 LOTHARII
1955 370 2044 428 ET
2082 371 2491 431 TETBERGJ.

155 486 272 543 est,
298 478 462 533 modo
492 476 899 533 misericordem
931 479 1095 534 Deum
1125 480 1394 550 loquitur,
1421 479 1583 535 modo
1605 479 1751 533 utili-
1778 488 1819 544 Α
1852 481 2007 551 epist.
2031 480 2124 549 44)
2155 499 2169 537 :
2209 499 2228 533 ι
2266 481 2561 553 Agatbosa,
2587 480 2864 552 inquiens,
2888 480 3053 539 latr-ix
3074 484 3421 554 praemium
3523 530 3535 541 .

1851 581 2041 642 questa
2068 581 2154 627 est
2180 572 2435 626 maritum
2480 587 2637 628 suum
2667 578 2857 628 contra
2893 572 3222 632 voluntatem
3266 590 3423 632 suam

1847 661 1901 716 in
1930 661 2260 716 monasterio
2290 660 2474 716 Urbici
2506 660 2718 717 abbatis
2750 676 2875 718 esse
2897 676 3240 719 conversum.
3265 663 3421 733 Quod
3511 714 3517 720 .

1845 749 1973 821 quia
2000 748 2068 805 ad
2098 750 2335 818 ejusdem
2365 748 2575 806 abbatis
2600 750 2813 822 culpam
2837 762 2894 807 et
2922 752 3177 808 invidiam
3202 769 3308 811 non
3334 762 3422 812 est

1847 842 2068 897 dubium
2098 843 2390 912 pertinere,
2425 844 2775 912 experientia:
2827 853 2932 901 tua:
2971 848 3334 919 praecipimus,
3362 859 3423 906 ut

1848 934 2088 1006 diligenti
2136 934 2482 1005 inquisitione
2519 935 2809 1001 discutiat,
2837 952 2907 993 ne
2947 937 3086 995 forte
3131 956 3254 997 cum
3303 940 3420 1011 ejus

1846 1027 2123 1084 voluntate
2149 1042 2443 1084 conversus
2463 1026 2553 1093 sit,
2582 1027 2666 1085 vel
2692 1027 2813 1099 ipsa
2840 1044 2903 1085 se
2924 1038 3136 1087 mutare
3154 1032 3419 1101 promise-

1847 1120 1940 1177 rit.
1972 1119 2107 1175 Etsi
2132 1121 2237 1175 hoc
2260 1120 2544 1189 repererit,
2589 1127 2644 1176 et
2682 1119 2831 1175 illum
2857 1120 2913 1175 iu
2938 1123 3267 1182 monasterio
3295 1136 3419 1193 pero

1846 1223 2068 1264 manere
2094 1209 2402 1280 provideat,
2448 1216 2504 1264 et
2534 1209 2694 1273 hanc,
2730 1209 2872 1265 sicut
2898 1210 3180 1281 promisit,
3208 1221 3421 1270 mutare

1846 1299 2149 1371 compellat.
2183 1298 2240 1355 Si
2269 1315 2399 1356 vero
2428 1299 2559 1355 nihil
2600 1300 2796 1356 horum
2844 1309 2961 1368 est,
3008 1315 3108 1357 nec
3149 1302 3418 1373 quoddam

1845 1388 2215 1447 fornicationis
2240 1388 2470 1455 crimen,
2489 1379 2709 1460 propter
2728 1389 2873 1460 quod
2896 1389 3016 1445 viro
3043 1390 3170 1447 licet
3194 1404 3417 1447 uxorem

1845 1483 2183 1554 relinquere,
2208 1483 2521 1552 praedictam
2548 1482 2829 1538 mulierem
2859 1482 3200 1540 commisisse
3221 1497 3420 1555 cogno-

1842 1575 2017 1638 veris,
2047 1588 2115 1629 ne
2153 1573 2296 1630 illius
2335 1574 2618 1630 conversio
2665 1573 2820 1630 uxori
2865 1574 3070 1630 relictae
3113 1573 3169 1629 in
3220 1574 3419 1632 saeculo

1844 1667 1961 1724 ﬁeri
1988 1667 2160 1737 possit
2182 1666 2503 1738 perditionis
2531 1666 2767 1733 occasio,
2793 1665 3040 1723 volumus
3074 1676 3134 1723 ut
3160 1668 3419 1725 maritum

1843 1771 2001 1813 suum
2029 1756 2138 1822 illi,
2180 1756 2268 1812 vel
2298 1756 2344 1812 si
2367 1755 2483 1826 iam
2528 1765 2840 1813 tonsuratus
2869 1766 2986 1823 est,
3016 1758 3244 1815 reddere
3270 1760 3419 1815 omni

150 1846 457 1913 exsultant,
478 1847 545 1904 de
577 1847 774 1920 quibus
814 1848 1075 1918 propheta
1127 1834 1295 1904 diciti
1330 1847 1466 1903 Ecce
1491 1850 1601 1903 dies
1627 1848 1740 1903 Do-
1767 1836 1819 1897 Β
1842 1846 2041 1904 debeas
2073 1848 2421 1905 excusatione
2455 1858 2723 1904 cessante.
2758 1848 2896 1904 Nam
2922 1858 3148 1920 excepta
3173 1849 3418 1907 fornica-

153 1940 290 1995 ηιἰηὶ
318 1940 453 1995 venit
490 1954 710 2009 magnus
744 1948 792 1993 et
821 1938 1085 1993 horribilis
1115 1955 1272 2010 super
1307 1955 1484 1994 omnes
1513 1940 1745 1995 civitates

152 2030 413 2105 munitas,
428 2037 476 2084 et
498 2044 654 2099 super
669 2043 847 2082 omnes
867 2028 1086 2099 angulos
1106 2029 1335 2085 excelsos
1358 2029 1545 2102 (Soph.
1572 2029 1742 2102 1,16),

154 2125 289 2196 quia
322 2123 402 2178 ira
432 2122 661 2178 extremi
690 2120 884 2193 iudicii
915 2121 1151 2177 humana
1181 2121 1369 2186 corda,
1394 2130 1450 2178 et
1476 2120 1744 2178 defensio-

154 2220 325 2275 nibus
377 2225 568 2275 contra
616 2216 909 2273 veritatem
943 2217 1131 2273 clausa
1157 2216 1407 2283 destruit,
1436 2226 1491 2272 et
1518 2217 1744 2287 duplici-

155 2312 366 2369 tatibus
432 2309 671 2365 involuta
732 2308 1000 2365 dissolvit.
1065 2307 1360 2364 Attendant
1416 2315 1470 2363 et
1523 2321 1747 2364 accusa-

159 2414 310 2460 tores
357 2402 502 2458 forte
548 2401 945 2467 innocentium,
970 2408 1027 2457 et
1072 2407 1238 2456 testes
1283 2398 1477 2465 dolosi,
1502 2407 1559 2455 et
1593 2399 1744 2469 judi-

157 2513 269 2561 εει,
310 2496 455 2568 quod
490 2495 572 2552 eis
616 2495 858 2551 dicitur:
905 2493 997 2550 Va:
1054 2495 1135 2549 his
1182 2495 1273 2564 qui
1319 2495 1547 2549 condunt
1606 2494 1742 2566 leges

156 2595 414 2664 iniquas,
466 2593 744 2648 scribentes
803 2593 1091 2663 injustitias
1157 2591 1310 2664 (Isa.
1379 2609 1457 2657 ι,
1511 2592 1607 2662 1).
1674 2591 1744 2646 Et

165 2685 314 2756 quod
377 2699 477 2755 per
532 2682 838 2741 Susannam
899 2685 1033 2740 dicit
1096 2684 1331 2741 violenta
1391 2684 1573 2754 passio
1620 2683 1739 2738 illa-

162 2787 214 2833 ta
239 2778 407 2850 623
432 2778 501 2834 ab
526 2777 787 2848 iniustitia
817 2795 831 2833 :
858 2777 1023 2833 habet
1049 2778 1191 2833 enim
1222 2792 1406 2833 vocem
1436 2792 1611 2841 suam,
1633 2776 1741 2830 sic-

163 2879 222 2925 ut
248 2880 304 2926 et
347 2870 757 2935 misericordia,
788 2871 853 2926 de
887 2884 992 2941 qua
1032 2870 1293 2941 scriptum
1325 2876 1439 2935 est,
1470 2867 1742 2923 Absconde

158 2961 560 3031 elemosynam,
585 2961 637 3017 id
664 2970 747 3017 est
773 2961 1223 3028 miscricordiam,
1252 2963 1303 3015 in
1327 2962 1445 3015 sinu
1472 2960 1739 3029 pauperis,

157 3064 203 3109 et
232 3055 349 3123 ipsa
376 3054 544 3107 orabit
582 3069 676 3123 pro
704 3062 753 3107 te
781 3052 967 3123 (Eccli.
1004 3070 1132 3109 χιιι
1155 3094 1170 3119 ,
1208 3052 1319 3124 15).
1345 3051 1436 3106 Ait
1459 3052 1601 3106 enim
1629 3051 1743 3105 vio-

158 3142 303 3198 lenta
334 3142 539 3212 passio,
569 3142 736 3206 illata,
772 3143 912 3198 sicut
936 3143 1170 3201 diximus
1191 3142 1259 3197 ab
1284 3140 1566 3210 iniustitia,
1597 3140 1740 3195 Deus

158 3242 382 3298 aeterne,
418 3234 507 3304 qui
539 3233 959 3289 absconditorum
991 3250 1046 3288 es
1064 3234 1318 3305 cognitor,
1347 3233 1437 3302 qui
1463 3233 1597 3287 nosti
1626 3249 1737 3287 om-

159 3328 247 3381 nia
275 3336 557 3397 antequam
584 3326 739 3396 ﬁant,
763 3335 820 3381 tu
847 3327 984 3381 nosti
1004 3328 1253 3398 quoniam
1282 3325 1474 3395 falsum
1508 3326 1739 3380 testimo—

158 3421 303 3476 nium
332 3419 567 3475 tulerunt
595 3420 870 3476 adversum
897 3437 999 3486 me,
1026 3429 1075 3476 et
1093 3437 1208 3476 ecce
1225 3420 1440 3486 morior,
1464 3435 1581 3473 cum
1608 3418 1739 3474 nihil

156 3512 345 3567 horum
374 3511 582 3580 fecerim
600 3527 718 3582 qua:
746 3512 833 3567 isti
858 3512 1116 3567 malitiose
1138 3523 1533 3579 composuerunt
1556 3512 1741 3565 adver-

156 3622 272 3663 tunt
300 3622 384 3660 me
410 3604 572 3678 (Dan.
605 3621 726 3673 xm,
749 3606 842 3672 42,
872 3605 987 3679 45).
1024 3605 1311 3662 Exaudivit
1351 3615 1528 3660 autem
1557 3604 1739 3660 Domi-

158 3713 261 3753 nus
288 3711 479 3752 vocem
518 3698 667 3768 ejus,
703 3707 759 3754 et
788 3698 1018 3753 reddidit
1057 3699 1417 3770 presbyteris,
1455 3697 1546 3766 qui
1582 3702 1741 3750 erant

158 3790 443 3846 constituti
475 3790 682 3860 iudices
724 3790 908 3862 populi
938 3791 993 3847 in
1019 3806 1161 3846 anno
1197 3790 1312 3855 illo,
1347 3799 1400 3846 et
1428 3789 1621 3843 falsum
1650 3797 1736 3841 tu-

159 3880 342 3936 lerunt
366 3880 756 3948 testimonium,
786 3881 943 3951 juxta
967 3881 1111 3951 quod
1136 3881 1332 3936 malum
1362 3888 1586 3950 egerant
1610 3892 1739 3948 erga

160 3973 490 4042 proximum,
523 3972 615 4043 qui
654 3971 925 4030 interfecti
958 3982 1103 4028 sunt.
1133 3971 1199 4026 Et
1225 3970 1584 4034 attendentes,
1614 3968 1739 4038 quia

162 4063 317 4121 multi
368 4064 762 4135 praesentaliter
814 4065 979 4120 etiam
1027 4078 1252 4134 corpore
1302 4062 1627 4128 moriuntur,
1680 4068 1741 4115 ut

161 4157 403 4212 Ananias
428 4165 477 4212 et
512 4154 763 4227 Saphira,
791 4166 848 4213 et
875 4157 966 4226 qui
1001 4154 1480 4218 communicantes,
1514 4163 1575 4207 ut
1595 4152 1741 4207 Pau-

162 4250 250 4305 lus
280 4250 432 4314 dicit,
466 4264 572 4305 non
601 4246 914 4303 discernunt
933 4262 1129 4317 corpus
1155 4245 1365 4301 Domini
1397 4243 1447 4313 (1
1470 4241 1592 4298 Cor.
1623 4244 1737 4315 xl):

163 4342 320 4397 multi
350 4350 531 4397 autem
563 4341 616 4395 in
645 4356 869 4410 corpore
919 4341 1139 4405 vivunt,
1172 4340 1266 4394 sed
1306 4354 1404 4408 pro
1434 4348 1557 4393 actu
1600 4337 1741 4393 malo

164 4441 293 4487 sunt
320 4431 501 4486 anima
542 4432 772 4497 mortui,
804 4432 942 4488 sicut
985 4432 1073 4485 illa
1102 4432 1168 4487 de
1197 4446 1301 4500 qua
1331 4430 1588 4500 scriptum
1621 4438 1733 4487 est:

175 4522 360 4578 Vivens
383 4534 589 4578 mortua
606 4535 678 4578 est
703 4522 751 4595 (Ι
781 4522 916 4577 Tim.
939 4539 993 4588 v,
1009 4523 1093 4595 6):
1120 4538 1333 4592 semper
1356 4529 1534 4577 autem
1559 4521 1739 4576 anima
1766 4514 1818 4623 AD

166 4632 287 4686 qua:
312 4625 497 4686 peccat
526 4616 773 4681 moritur,
799 4625 852 4669 et
886 4624 1296 4685 perseveranter
1323 4624 1611 4685 peccantes
1646 4614 1744 4668 du-

168 4710 293 4779 plici
315 4708 639 4764 contritione
673 4716 1040 4771 mutarentur,
1071 4706 1285 4775 quando
1311 4716 1581 4776 ponentur
1605 4706 1744 4761 sicut

172 4800 415 4855 clibanus
444 4799 602 4869 ignis,
642 4808 696 4854 et
741 4800 1030 4854 induentur
1081 4798 1224 4852 sicut
1269 4797 1505 4868 diploide
1551 4797 1741 4853 confu-

172 4893 466 4954 sione'sua,
504 4906 625 4946 cum
656 4890 945 4960 perdentur
981 4903 1211 4958 corpore
1250 4896 1306 4943 et
1349 4889 1529 4944 anima
1567 4888 1621 4943 in
1651 4902 1744 4958 ge-

175 4982 372 5038 henna.
401 4978 526 5036 Haec
548 4979 780 5035 dicimus
820 4994 926 5035 non
959 4978 1205 5034 tollentes
1226 4975 1373 5047 iusta
1392 4978 1618 5049 judicia,
1645 4977 1742 5033 sed

176 5074 426 5128 timentes
453 5086 519 5125 ne
540 5071 844 5141 iudicemus
880 5069 1115 5126 scientes
1158 5069 1383 5140 iniusta,
1426 5082 1531 5123 non
1561 5068 1745 5139 prohi-

176 5169 364 5227 bentes
389 5166 661 5225 testificari
692 5180 838 5230 vera,
863 5165 955 5219 sed
978 5163 1307 5234 refugientes
1334 5162 1635 5217 mendacia.

245 5260 352 5317 Sed
394 5268 450 5315 et
483 5259 608 5331 quia
653 5256 920 5326 superius,
952 5263 1008 5310 et
1048 5271 1114 5311 ex
1145 5254 1374 5310 aliorum
1402 5253 1746 5311 institutione

176 5357 479 5418 doctorum,
507 5349 833 5407 sullicienter
860 5346 1106 5403 ordinem
1129 5345 1462 5402 dil’linitionis
1487 5346 1553 5401 de
1581 5360 1746 5402 causa

177 5447 318 5503 unde
341 5445 518 5515 agitur
543 5459 609 5498 ex
639 5441 870 5498 decretis
891 5440 1036 5495 beati
1069 5436 1317 5511 Gregorii
1358 5437 1749 5494 demonstravi.

176 5553 319 5603 mus,
349 5536 525 5590 adhuc
566 5549 672 5589 non
717 5533 865 5603 piget
904 5531 1189 5588 ostendere
1231 5544 1394 5599 quem
1438 5528 1656 5584 modum
1693 5526 1750 5581 iu

177 5632 526 5704 inquisitione
561 5638 615 5684 et
646 5625 964 5682 dilllnitione
992 5623 1298 5693 huiusmodi
1329 5622 1646 5692 quaestionis
1662 5619 1753 5677 dev

178 5728 402 5781 beamus
443 5732 646 5777 tenere.
676 5720 765 5774 Ait
791 5719 958 5784 enim,
1006 5718 1051 5772 si
1093 5719 1159 5773 de
1199 5730 1360 5772 causa
1402 5723 1527 5787 post
1556 5715 1750 5769 initum

179 5814 486 5885 coniugium
538 5811 737 5882 agitur.
783 5808 849 5865 ad
898 5807 1192 5863 Adrianum
1225 5806 1492 5862 notarium
1527 5804 1639 5876 (lib.
1671 5820 1746 5872 Ix,

1843 1940 2008 2003 tionis
2034 1956 2229 2006 causa,
2260 1941 2437 1996 virum
2486 1957 2712 1997 uxorem
2754 1942 3065 2012 relinquere
3103 1943 3284 2000 divina
3331 1944 3419 2000 lex

1842 2035 1988 2093 nulla
2015 2035 2226 2091 ratione
2250 2034 2499 2090 concedit
2530 2052 2543 2088 :
2587 2025 2720 2103 quia
2750 2043 3038 2105 postquam
3079 2035 3421 2106 copulatione

1843 2124 2077 2197 coniugii
2118 2124 2222 2180 viri
2256 2132 2420 2195 atque
2462 2124 2705 2180 mulieris
2735 2140 2902 2180 unum
2926 2141 3134 2196 corpus
3158 2125 3418 2194 ellicitur,

1842 2233 1949 2275 non
1975 2225 2155 2288 potest
2181 2233 2247 2273 ex
2280 2228 2436 2287 parte
2473 2217 2742 2284 converti,
2770 2225 2826 2273 et
2864 2233 2930 2275 ex
2958 2226 3115 2289 parte
3140 2220 3191 2275 in
3222 2220 3420 2277 saeculo

1843 2322 2142 2365 remanere.
2193 2328 2213 2362 ι
2248 2308 2315 2364 Ει
2347 2308 2474 2379 quia
2529 2325 2635 2363 una
2683 2308 2770 2364 lex
2816 2308 2918 2363 viri
2961 2317 3018 2363 et
3065 2310 3248 2365 uxoris
3292 2310 3421 2368 hinc

1843 2408 2095 2458 constare
2126 2400 2481 2472 dignoscitur,
2509 2401 2841 2457 demonstrat
2880 2399 2934 2454 in
2962 2400 3189 2469 epistola
3208 2442 3223 2467 ,
3254 2416 3417 2472 quam

1843 2510 2005 2565 supra
2036 2496 2343 2565 posuimus,
2375 2497 2442 2551 ad
2469 2495 2836 2553 Secundinum
2867 2497 3180 2567 episcopum
3213 2497 3418 2554 Tauro-

1842 2578 2319 2660 minitanumtlib.
2348 2604 2464 2653 VIII,
2498 2589 2649 2658 epist.
2699 2587 2826 2659 '52):
2858 2607 2878 2640 ‹
2918 2588 3291 2654 Praesentium,
3336 2589 3419 2644 in-

1842 2678 2057 2748 quiens,
2087 2679 2319 2747 portitor
2366 2678 2475 2734 Leo
2517 2678 2897 2735 Chartularius
2944 2680 3011 2734 ad
3061 2695 3160 2735 nos
3199 2680 3420 2738 veniens

1843 2768 2120 2833 indicavit,
2150 2786 2371 2824 uxorem
2402 2786 2574 2835 suam,
2601 2786 2720 2839 quae
2748 2771 2938 2826 relicto
2963 2786 3030 2826 eo
3054 2786 3153 2841 pro
3173 2770 3417 2828 fornica-

1844 2860 2280 2927 tionis-crimine,
2310 2876 2416 2932 quo
2437 2863 2812 2919 vehementius
2840 2862 3169 2918 stimulatam
3213 2864 3420 2933 aiebat,

1843 2960 2003 3022 atque
2029 2954 2099 3008 ob
2142 2954 2245 3009 hoc
2279 2954 2587 3024 religiosam
2619 2963 2823 3012 vestem
2869 2957 3157 3024 induerat,
3183 2958 3421 3028 culpabi-

1843 3042 1947 3099 lem
1974 3044 2276 3099 nullatenus
2301 3046 2466 3117 624
2509 3047 2801 3112 exstitisse,
2849 3062 3024 3117 neque
3063 3056 3186 3118 post
3227 3050 3420 3105 initum

1844 3137 2149 3210 coniugium
2176 3138 2230 3192 in
2260 3136 2631 3195 fornicationis
2675 3140 2885 3210 culpam
2912 3141 3207 3211 collapsum
3242 3161 3253 3196 :
3287 3143 3422 3213 adii-

1840 3229 1991 3286 ciens
2035 3244 2251 3300 quoque
2296 3231 2438 3300 quod
2470 3231 2646 3286 eidem
2690 3234 2846 3288 uxori
2873 3248 2983 3287 suae
3023 3234 3422 3291 districtissima

1841 3330 2179 3376 sacramenta
2204 3321 2516 3390 praebuerit,
2562 3322 2830 3378 insontem
2861 3338 2920 3379 se
2961 3338 3023 3378 ea
3066 3326 3132 3379 de
3160 3339 3251 3391 re,
3276 3326 3421 3380 unde

1842 3413 1986 3471 illam
2012 3414 2294 3469 mordebat
2312 3415 2571 3485 suspicio,
2592 3416 2978 3486 permansisse,
3001 3424 3056 3470 et
3076 3418 3279 3473 idcirco
3300 3432 3424 3487 pro-

1840 3505 1956 3574 pria
1989 3520 2111 3560 eam
2140 3513 2331 3574 sponte
2360 3506 2426 3559 ad
2467 3521 2526 3562 se
2557 3520 2852 3562 reversam.
2886 3505 2993 3562 Sed
3027 3506 3152 3577 quia
3177 3511 3421 3564 commu-

1842 3598 2002 3653 nione
2023 3597 2169 3652 illam
2201 3614 2323 3654 cum
2353 3597 2556 3653 familia
2581 3613 2679 3653 sua
2701 3614 2801 3668 pro
2826 3600 2931 3655 hoc
2963 3599 3081 3656 solo
3100 3616 3133 3654 a
3163 3600 3419 3658 fraterni-

1846 3698 1955 3745 tate
1997 3699 2177 3757 vestra
2227 3692 2493 3761 privatam
2542 3692 2768 3758 asserit,
2817 3695 2960 3763 quod
2995 3694 3062 3748 ad
3109 3708 3233 3750 eum
3278 3695 3419 3751 clam

1841 3783 2157 3854 postpositis
2182 3785 2335 3840 vobis
2355 3785 2599 3851 redierit,
2625 3786 2875 3842 volumus
2895 3796 2954 3841 ut
2976 3787 3177 3843 familia
3197 3790 3415 3859 quidem

1843 3876 2011 3946 ipsius
2055 3891 2264 3931 sacram
2320 3879 2754 3934 communionem
2800 3881 3045 3951 recipiat,
3097 3890 3153 3937 et
3186 3882 3419 3940 domina

1842 3982 1961 4023 eam
1987 3967 2142 4037 culpa
2171 3967 2225 4023 in
2252 3968 2411 4038 huius
2436 3968 2742 4025 alilictionis
2764 3984 2924 4039 plena
2950 3972 3039 4026 diu
3069 3987 3178 4027 non
3216 3980 3419 4029 teneat.

1843 4062 1920 4117 De
1944 4062 2057 4131 ipsa
2086 4073 2237 4127 vero,
2266 4062 2320 4116 id
2340 4069 2423 4117 est
2447 4063 2512 4117 de
2537 4078 2705 4119 uxore
2728 4064 2971 4133 praedicti
2994 4066 3294 4133 portitoris,
3316 4066 3423 4123 hoc

1843 4168 1939 4208 vos
1963 4153 2254 4208 observare
2280 4168 2503 4208 necesse
2542 4162 2646 4216 est,
2687 4162 2747 4208 ut
2773 4154 2819 4208 si
2848 4153 3135 4209 manifeste
3180 4163 3413 4222 constat,

1844 4242 1967 4312 quia
1999 4250 2186 4299 contra
2220 4240 2504 4312 coniugem
2547 4259 2702 4298 suum
2728 4242 2909 4298 dicere
2939 4243 3075 4299 nihil
3099 4244 3291 4314 potuit,
3322 4246 3421 4304 sed

1843 4332 2063 4402 insuper
2105 4332 2342 4401 suspicio
2385 4332 2573 4401 ipsius,
2622 4332 2863 4401 praestito
2909 4341 2969 4387 ut
3011 4334 3187 4390 edocti
3232 4348 3421 4391 sumus

1845 4431 2219 4487 sacramento,
2248 4431 2521 4492 amputata
2563 4432 2664 4487 est,
2699 4432 2859 4491 atque
2900 4432 3023 4493 post
3068 4424 3172 4479 hoc
3210 4437 3307 4479 sua
3349 4424 3423 4481 ad

1844 4529 1967 4569 eum
1996 4521 2188 4583 sponte
2216 4526 2434 4567 reversa
2464 4523 2568 4575 est,
2605 4522 2661 4567 et
2688 4512 2741 4566 in
2767 4527 2831 4567 ea
2858 4528 3075 4583 quoque
3116 4514 3191 4569 ita
3219 4522 3422 4583 tempe-

1851 4606 2018 4660 randa
2065 4613 2148 4660 est
2188 4618 2417 4660 censura
2456 4602 2681 4672 iudicii,
2732 4612 2794 4657 ut
2836 4602 2994 4675 longo
3031 4603 3143 4674 iam
3180 4611 3427 4675 tempore

1850 4698 2229 4756 communione
2254 4696 2481 4751 minime
2501 4696 2767 4765 privetur.
2805 4713 2826 4747 s

2245 4825 2852 4889 INTERROGATIO
2903 4826 3019 4888 XI.

1918 4952 1986 5008 Et
2005 4952 2129 5022 quia
2155 4951 2380 5007 maritus
2408 4966 2440 5006 a
2462 4951 2711 5023 coniuge,
2737 4949 2823 5005 vel
2852 4965 2990 5006 uxor
3021 4964 3051 5004 a
3082 4950 3299 5015 marito,
3322 4961 3420 5019 per

1850 5044 2173 5115 scripturam
2209 5050 2432 5099 secretae
2466 5040 2819 5099 confessionis
2857 5056 2916 5096 se
2954 5055 3059 5097 non
3085 5040 3293 5110 possint
3315 5040 3425 5094 dis-

1845 5135 2093 5206 iungere,
2119 5118 2258 5189 sicut
2296 5133 2580 5204 episcopus
2604 5132 2673 5188 ab
2700 5132 2932 5188 ecclesia
2961 5131 3063 5185 sibi
3107 5129 3418 5194 commissa,

1854 5225 1937 5281 vel
1980 5225 2175 5295 gradu,
2217 5234 2309 5279 aut
2353 5224 2581 5293 quilibet
2618 5223 2675 5278 in
2716 5222 2909 5278 ordine
2936 5220 3320 5283 ecclesiastico,
3352 5220 3423 5275 ab

1853 5314 2026 5372 ollicio
2053 5332 2111 5371 se
2138 5332 2243 5371 non
2287 5315 2538 5385 prtcvalet
2579 5314 2624 5370 si
2666 5313 2896 5368 voluerit
2943 5326 3239 5377 removere,
3284 5309 3426 5364 sicut

1856 5407 2180 5461 auctoritate
2226 5405 2593 5461 ecclesiastica
2647 5418 2806 5473 supra
2860 5402 3159 5455 studuimus
3202 5398 3408 5454 demon-

1857 5508 2052 5556 strare.

2442 5583 2840 5642 RESPONSIO.

1929 5707 2114 5778 Neque
2141 5703 2325 5760 libello
2351 5698 2948 5759 secretaeconfessionis
2978 5700 3226 5766 porrecto
3255 5688 3428 5763 publi-

1862 5816 1937 5859 ca:
1971 5798 2305 5871 poenitentia:
2344 5795 2629 5866 quisquam
2676 5792 2836 5849 debet
2880 5787 3145 5851 submitti,
3187 5800 3288 5839 nec
3332 5790 3433 5853 per
