4026 6340
1324 260 1383 272 πάιν

954 306 983 315 ν
1006 296 1333 334 ’.γαπ-μέλ
1356 298 1361 302 -

590 356 698 414 ωτ

590 566 966 633 condemnari,
989 567 1082 622 sed
1104 568 1253 623 unde
1269 567 1482 637 publice
1504 566 1667 623 debet
1682 565 1936 636 iudicari,
1962 566 2175 638 publice

589 658 730 713 etin
752 658 1003 729 praesenti
1033 659 1240 729 positus
1270 660 1430 714 debet
1465 669 1560 714 aut
1585 659 1856 727 convinci,
1886 669 1979 714 aut
2006 660 2176 715 conli-

595 750 721 806 teri.
745 750 825 805 Ad
871 749 1115 807 Nicetam
1156 751 1559 822 Aquileiensem
1599 754 1910 825 episcopum
1957 753 2178 822 scripsit

592 853 824 912 magnus
851 840 959 897 Leo
985 856 1123 913 papa
1154 840 1341 898 dicens
1367 860 1382 897 :
1411 862 1432 895 ι
1458 842 1516 898 In
1547 844 1803 915 praesenti
1834 844 2063 913 positus,
2086 848 2177 895 aut

591 932 926 1000 confutatus,
960 943 1056 990 aut
1077 945 1227 992 certe
1259 934 1560 1002 confessus,
1583 937 1744 1008 iusta:
1776 944 1958 1008 potest
1994 934 2177 1003 subia-

592 1037 720 1080 cere
751 1026 1036 1083 sententia:
1064 1044 1079 1081 :
1110 1027 1237 1098 quia
1261 1029 1593 1083 contrarium
1626 1036 1711 1084 est
1739 1027 1960 1092 rationi,
1988 1041 2176 1083 eorum

587 1115 716 1172 illos
728 1127 960 1173 cernere
985 1134 1197 1190 pmnas,
1220 1135 1448 1191 quorum
1475 1136 1582 1176 non
1611 1120 1791 1175 valent
1813 1122 2026 1176 nescire
2052 1135 2180 1175 cau-

590 1218 705 1263 sas.
745 1228 764 1260 ι
810 1209 980 1276 Quem
1023 1210 1187 1265 etiam
1233 1211 1477 1267 ordinem
1519 1210 1797 1279 iudicandi
1844 1210 2180 1265 demonstrat

593 1297 877 1369 Scriptura
921 1299 1100 1355 divina
1119 1341 1135 1366 ,
1160 1301 1466 1358 dicentibus
1491 1301 1556 1357 de
1582 1300 1867 1357 criminata
1898 1310 2181 1357 accusato-

594 1389 749 1446 ribus
782 1390 835 1445 in
869 1390 1075 1461 judicio
1112 1401 1457 1464 praeparato:
1498 1390 1729 1460 Mittite,
1775 1394 2067 1464 inquiunt,
2110 1393 2180 1447 ad

594 1478 899 1537 Susannam
927 1483 1097 1552 ﬁliam
1133 1482 1370 1539 Helcltia:
1398 1500 1612 1540 uxorem
1653 1485 1921 1548 Joacltim,
1948 1495 1995 1539 et
2021 1485 2177 1539 mise—

597 1572 838 1627 runt.'Et
862 1576 998 1627 venit
1027 1590 1145 1629 cum
1180 1576 1482 1646 parentibus
1516 1585 1564 1631 et
1596 1575 1722 1644 ﬁliis
1745 1575 1907 1647 (Dan.
1936 1591 2054 1640 xm,
2084 1575 2178 1641 29,

594 1662 709 1736 δυ).
756 1664 822 1720 Et
867 1675 991 1735 post
1037 1667 1218 1721 datum
1266 1668 1662 1735 testimonium,
1710 1669 2182 1723 condemnavertmt

599 1757 803 1826 iudices
862 1774 978 1813 eam
1032 1760 1103 1813 ad
1139 1771 1354 1815 mortem
1387 1761 1563 1833 (ibid.,
1614 1760 1706 1833 H)
1755 1778 1901 1831 :qua
1932 1760 2178 1828 liberata,

1571 355 1904 419 HINCMARI
1939 355 2332 415 RHEMENSIS
2367 353 2882 416 ABCHIEPISCOPI

498 509 512 518 -
592 472 920 545 scripturam
967 471 1252 540 directam,
1297 473 1383 530 vel
1428 474 1497 531 ab
1528 474 1634 530 alio
1676 482 2004 546 porrectam,
2031 471 2173 528 valet
2199 483 2246 538 Α
2275 471 2357 527 vel
2385 472 2509 543 quia
2538 485 2643 526 non
2694 471 2915 536 initum,
2944 470 3039 526 sed
3084 468 3259 542 magis
3300 476 3623 543 usurpatum
3666 482 3852 529 contra

3752 356 3852 413 688

2273 560 2613 617 Christianas
2644 562 2789 633 leges
2814 561 3010 628 fuerat,
3040 562 3310 617 exstiterit
3335 548 3805 618 demonstratum?
3828 583 3850 618 s

2275 654 2337 709 Et
2374 657 2473 709 hoc
2513 654 2783 725 quomodo
2829 652 3202 709 ordinabiliter
3233 651 3351 706 fieri
3379 653 3617 723 poterit,
3652 653 3758 708 nisi
3784 655 3861 711 le-

2275 748 2430 818 gibus
2455 747 2705 802 humanis
2729 747 2798 802 ab
2819 761 2886 802 eo
2915 746 3209 818 inspiratis,
3238 760 3335 816 per
3356 760 3517 816 quem
3546 746 3858 805 conditores

2276 838 2453 911 legum
2501 840 2649 911 iusta
2699 840 3031 895 decernunt?
3068 838 3221 896 Unde
3249 847 3468 894 sanctus
3512 836 3768 895 Gelasius
3791 841 3857 897 ad

2275 930 2619 985 Anastasinm
2667 930 3048 1001 imperatorem
3097 929 3267 1000 (epist.
3314 928 3402 1000 10)
3432 943 3447 983 :
3478 946 3500 981 ι
3535 928 3595 983 Si
3616 969 3633 995 ,
3664 930 3855 1000 inquit,

2277 1030 2537 1093 quantum
2579 1022 2645 1075 ad
2690 1022 2935 1076 ordinem
2982 1020 3210 1092 publicte
3252 1019 3486 1090 pertinet
3536 1020 3854 1089 disciplinae,

2278 1119 2672 1184 cognoscentes
2722 1113 3007 1182 imperium
3063 1111 3159 1166 tibi
3213 1122 3446 1180 superna
3502 1109 3861 1182 dispositione

2280 1205 2555 1269 collatum,
2589 1203 2796 1275 legibus
2832 1204 2937 1258 tuis
2973 1203 3075 1274 ipsi
3104 1214 3318 1274 quoque
3356 1212 3553 1273 parent
3580 1203 3859 1271 religionis

2280 1297 2574 1364 antistites,
2600 1312 2667 1352 ne
2696 1296 2777 1352 vel
2813 1298 2974 1351 rebus
3005 1296 3287 1350 mundanis
3315 1293 3550 1351 exclusa:
3576 1295 3864 1350 videantur

2280 1390 2503 1445 obviare
2547 1388 2831 1445 sententia:
2857 1428 2872 1454 ,
2919 1402 3026 1458 quo
3073 1401 3205 1458 rogo
3242 1394 3293 1441 te
3334 1386 3492 1441 decet
3536 1384 3741 1441 aﬂ'ectn
3785 1388 3864 1442 eis

2281 1478 2519 1543 obedire,
2543 1478 2632 1548 qui
2657 1477 3021 1549 praarogandis
3042 1474 3439 1531 venerabilibus
3462 1484 3593 1531 sunt
3618 1476 3865 1532 attributi

2282 1571 2590 1643 mysteriis?
2620 1590 2638 1621 ι
2681 1570 2749 1627 Ut
2780 1568 2906 1624 alibi
2946 1568 3205 1638 scriptum
3232 1577 3315 1621 est
3344 1566 3653 1638 relegentes
3684 1585 3700 1621 :
3728 1564 3868 1621 Red-

2281 1665 2387 1719 dite
2412 1681 2528 1737 qute
2562 1673 2682 1719 sunt
2726 1663 2949 1718 Ctesaris
2987 1659 3205 1728 Ctesari,
3233 1670 3282 1717 et
3324 1677 3442 1732 qua:
3465 1670 3590 1715 sunt
3622 1659 3726 1714 Dei
3758 1659 3866 1715 Deo

2284 1756 2498 1829 (Matth.
2525 1771 2659 1821 xm,
2689 1755 2804 1827 2|),
2845 1754 3043 1812 Caesari
3094 1754 3309 1825 quidem
3345 1769 3664 1818 nummum,
3695 1752 3869 1831 tribu-

595 1846 828 1916 veritate
851 1861 971 1904 eam
1001 1848 1286 1915 liberante,
1316 1852 1491 1921 puniti
1517 1860 1644 1907 sunt
1688 1850 1805 1906 falsi
1840 1861 2007 1908 testes
2026 1850 2178 1920 juxta
2212 1840 2254 1899 Β
2285 1862 2421 1915 tum,
2453 1858 2507 1904 et
2538 1850 2846 1919 pecuniam,
2878 1849 3135 1903 honorem
3180 1847 3443 1912 debitum,
3478 1846 3724 1917 quandiu
3757 1845 3870 1916 ipse

593 1939 741 2009 quod
780 1940 977 1995 malum
1026 1941 1077 1996 in
1123 1942 1428 2013 proximum
1473 1952 1714 2013 egerant.
1753 1941 1858 1997 Sed
1891 1951 1945 1998 et
1990 1942 2180 2014 depre-

596 2030 767 2085 hensa
798 2031 853 2085 in
883 2031 1177 2098 adulterio,
1208 2033 1388 2089 oblata
1431 2033 1695 2104 corporali
1731 2033 2040 2105 praesentia,
2073 2048 2177 2089 non

592 2133 693 2190 per
749 2120 985 2177 alienum
1043 2123 1410 2179 testimonium
1460 2124 1546 2179 vel
1612 2126 1981 2196 scripturam,
2036 2123 2179 2194 quod

592 2211 982 2268 ecclesiasticae
1023 2221 1081 2269 et
1123 2213 1377 2269 Romanae
1422 2214 1707 2285 prohibent
1752 2214 1917 2287 leges,
1966 2222 2051 2269 est
2093 2229 2179 2268 ac-

598 2309 836 2358 cusata:
888 2301 1042 2372 cujus
1088 2304 1254 2360 etiam
1309 2303 1999 2383 confessiqsubinnuitur,
2058 2320 2180 2359 cum

598 2393 651 2449 ei
700 2409 731 2447 a
788 2394 1015 2450 Domino
1076 2395 1273 2450 dicitur
1314 2394 1529 2450 :Nemo
1578 2406 1627 2450 te
1676 2396 2085 2452 condemnavit?
2135 2404 2184 2450 et

597 2486 735 2543 illa:
768 2487 957 2553 Nemo,
1006 2490 1227 2546 Domine
1272 2491 1458 2562 (Joan.
1487 2508 1608 2557 vm,
1640 2492 1749 2563 l0).
1796 2492 2001 2548 Pilatus
2044 2508 2181 2564 quo-

596 2594 707 2650 que
751 2580 821 2635 de
876 2580 1102 2637 Domino
1129 2623 1144 2648 ,
1206 2589 1460 2655 lanquam
1521 2583 1732 2639 latrone
1795 2585 2185 2655 comprehenso

603 2680 766 2741 atque
793 2670 961 2743 ligato
980 2712 997 2738 ,
1038 2688 1133 2742 per
1162 2673 1475 2743 cohortem,
1511 2674 1651 2729 sicut
1678 2675 2010 2747 Augustinus
2033 2677 2183 2742 dicit,

599 2764 843 2838 legitimo
895 2767 1083 2824 ordine
1130 2770 1417 2839 potestatis
1462 2780 1714 2836 servato,
1764 2781 1820 2826 et
1876 2785 1975 2842 per
2027 2771 2187 2826 mini-

597 2868 745 2916 stros
781 2860 1111 2926 Judteorum,
1146 2872 1202 2919 et
1228 2864 1296 2919 ab
1324 2863 1480 2919 Anna
1507 2863 1743 2934 Caiphae,
1788 2872 1949 2935 atque
1986 2879 2017 2919 a
2063 2863 2188 2919 Cai-

597 2950 707 3021 pha
756 2950 811 3005 in
866 2953 1176 3020 praetorium
1222 2952 1326 3008 sibi
1370 2955 1691 3009 transmisso
1747 2948 1876 3008 dicit
1916 2972 1930 3008 :
1974 2952 2184 3008 Obtuli-

601 3044 697 3096 stis
745 3043 872 3097 mihi
918 3044 1058 3099 hunc
1108 3045 1368 3100 hominem
1396 3044 1545 3116 (Luc.
1579 3061 1738 3110 χχιιι,
1770 3044 1878 3116 14).
1909 3045 2187 3116 Quemque

602 3133 829 3189 audiens
854 3147 975 3188 esse
1015 3134 1079 3188 de
1106 3143 1378 3205 potestate
1415 3134 1674 3199 Herodis,
1705 3135 1915 3190 remisit
1948 3150 2070 3189 eum
2117 3137 2184 3193 ad

2283 1939 2567 1993 Dominum
2599 1938 2829 1995 fideliter
2860 1940 3227 2004 honoraverit,
3263 1948 3319 1993 et
3343 1937 3596 2009 vectigal,
3632 1939 3747 1995 Deo
3772 1956 3869 1995 au-

2285 2045 2390 2091 tem
2438 2034 2700 2099 decimas,
2750 2036 3052 2105 primitias,
3100 2034 3433 2097 oblationes,
3479 2049 3544 2089 ac
3594 2034 3868 2099 victimas,

2283 2134 2445 2195 atque
2475 2125 2786 2180 continuam
2814 2125 3130 2181 servitutem
3164 2142 3178 2178 :
3207 2124 3477 2196 quomodo
3511 2134 3569 2179 et
3598 2125 3717 2195 ipse
3749 2126 3870 2180 red-

2284 2220 2419 2275 didit
2464 2219 2662 2273 tributa
2706 2234 2804 2289 pro
2844 2234 2901 2274 se
2942 2228 2998 2273 et
3022 2217 3207 2285 Petro,
3244 2227 3300 2275 et
3340 2218 3447 2274 Deo
3481 2217 3725 2272 reddidit
3755 2231 3870 2287 qua:

2284 2310 2378 2365 Dei
2433 2319 2591 2375 sunt,
2641 2309 2818 2364 Patris
2868 2308 3074 2365 faciens
3118 2310 3474 2364 voluntatem.
3523 2307 3596 2363 Et
3652 2314 3873 2363 sanctus

2283 2399 2613 2468 Augustinus
2656 2399 2711 2454 in
2760 2398 3020 2455 Sermone
3067 2408 3221 2455 sexto
3271 2396 3544 2469 Evangelii
3593 2396 3869 2452 Joannis:

2292 2512 2310 2545 ι
2347 2491 2486 2559 Noli,
2519 2493 2717 2564 inquit,
2745 2492 2926 2548 dicere
2968 2492 3098 2563 quid
3139 2492 3270 2547 mihi
3300 2500 3355 2546 et
3402 2491 3552 2562 regi?
3589 2490 3740 2559 Quid
3786 2479 3883 2547 uni‘

2286 2602 2414 2659 ergo
2461 2596 2515 2643 et
2563 2588 2928 2657 possessioni?
2966 2603 3065 2659 per
3107 2586 3233 2657 jura
3283 2600 3468 2658 regum
3519 2587 3876 2657 possidentur

2285 2681 2677 2753 possessiones.
2720 2701 2737 2734 ι
2775 2680 2866 2738 Sic
2908 2690 2962 2736 et
3008 2696 3107 2752 per
3157 2678 3347 2749 legalia
3395 2677 3640 2748 judicia,
3693 2678 3871 2748 iusta,

2287 2773 2538 2844 quoniam
2570 2771 2913 2838 Christiana,
2962 2772 3301 2828 saecularium
3351 2770 3700 2842 negotiorum
3746 2770 3871 2825 diri-

2289 2866 2498 2921 mendas
2528 2873 2654 2919 sunt
2699 2855 3043 2936 quaestiones.
3087 2864 3156 2920 Et
3187 2868 3253 2919 de
3300 2862 3495 2926 libello,
3530 2862 3620 2918 vel
3669 2872 3875 2919 secreta

2288 2953 2645 3016 confessione,
2681 2955 2824 3010 idem
2851 2954 3095 3010 decernit
3118 2953 3248 3019 Leo,
3279 2953 3527 3024 inquiens
3558 2953 3741 3024 (epist.
3772 2953 3875 3022 86),

2288 3046 2558 3102 universis
2590 3046 2858 3118 episc0pis
2906 3062 3004 3117 per
3044 3045 3417 3116 Campaniam,
3468 3042 3790 3111 Samnium,
3828 3052 3878 3100 et

2287 3139 2578 3204 Picenum,
2629 3140 2857 3195 salutem
2892 3158 2905 3193 :
2944 3158 2964 3191 ι
2995 3138 3185 3211 Magna
3230 3128 3603 3210 indignatione
3644 3151 3881 3193 commo-

599 3223 765 3298 625
792 3224 961 3290 illum,
995 3226 1195 3281 docens
1239 3241 1338 3281 nos
1366 3226 1431 3281 de
1460 3225 1807 3282 molaribus
1843 3226 2179 3281 saecularium
2208 3220 2254 3283 C
2284 3248 2433 3298 veor,
2461 3242 2516 3288 et
2544 3232 2713 3288 multo
2740 3232 2925 3288 dolore
2953 3231 3276 3296 contristor,
3326 3229 3471 3299 quod
3511 3228 3787 3299 quosdam
3814 3242 3876 3282 ex

601 3315 908 3372 Christiana
938 3324 993 3371 et
1018 3313 1165 3385 iusta
1196 3326 1510 3387 exspectare
1527 3315 1752 3385 iudicia,
1774 3324 1831 3371 et
1854 3326 1978 3372 tunc
1999 3316 2183 3374 Eccle-

599 3408 819 3464 siastica
879 3407 1129 3464 videlicet
1176 3407 1573 3463 medicinalinm
1622 3407 1944 3475 judiciormn
2013 3410 2183 3464 mala-

596 3510 779 3570 gmata
807 3499 1003 3556 debere
1047 3498 1275 3556 inﬁmis
1302 3501 1609 3572 imponere,
1636 3501 1739 3557 hoc
1764 3501 1903 3557 idem
1928 3502 2185 3575 Apostolo

596 3591 1030 3655 demonstrante,
1062 3590 1277 3660 quando
1304 3590 1478 3646 adhuc
1509 3590 1650 3647 inter
1686 3591 1929 3648 infideles
1959 3609 2186 3649 conver-

597 3680 862 3736 sabantur
890 3680 1095 3737 fideles.
1120 3680 1245 3759 lam
1274 3683 1516 3738 delictum
1538 3694 1632 3744 est.
1666 3684 1872 3755 inquit,
1901 3687 2037 3741 inter
2061 3704 2182 3752 vos,

596 3769 723 3838 quia
740 3769 1061 3839 judicamini
1089 3772 1229 3842 apud
1261 3783 1555 3838 extraneos,
1585 3784 1633 3828 et
1665 3790 1769 3829 non
1802 3776 1943 3845 apud
1968 3776 2183 3845 fratres.

600 3857 897 3916 Stecularia
921 3861 1083 3930 igitur
1112 3862 1320 3933 judicia
1346 3865 1394 3918 si
1417 3863 1703 3919 habueritis
1746 3866 1884 3919 inter
1911 3883 2016 3929 vos,
2054 3884 2186 3922 con-

597 3950 907 4021 temptibiles
947 3952 1038 4023 qui
1079 3963 1199 4008 sunt
1245 3954 1300 4009 in
1339 3952 1577 4010 Ecclesia
1606 3957 1901 4010 constut'tite
1931 3958 2001 4010 ad
2034 3957 2188 4027 judi-

599 4043 823 4098 candttm
854 4043 904 4115 (1
934 4042 1197 4111 Cor.v1,l
1227 4057 1272 4100 et
1292 4046 1370 4119 4).
1404 4046 1556 4102 Unde
1585 4046 1881 4119 Gregorius
1902 4048 1954 4103 in
1981 4048 2186 4121 Regula

597 4136 853 4204 pastorali
885 4154 900 4190 :
935 4153 954 4188 t
996 4137 1068 4193 Ut
1101 4138 1289 4194 saltem
1326 4138 1556 4194 terrenis
1597 4140 1830 4211 negotiis
1861 4139 2183 4205 inserviant,

594 4241 733 4296 quos
762 4227 901 4284 dona
943 4230 1204 4300 spiritalia
1242 4246 1346 4286 non
1385 4241 1672 4286 exornant.
1706 4251 1723 4283 ν
1760 4232 1823 4285 Et
1854 4232 2186 4303 Augustinus

593 4319 652 4372 in
690 4320 1041 4376 Encliiridio:
1080 4339 1099 4372 t
1130 4322 1263 4377 Cum
1303 4323 1412 4378 sint
1444 4322 1570 4377 talia
1610 4324 1813 4393 iudicia
1843 4323 1960 4378 ﬁeri
1989 4334 2187 4378 neces-

592 4411 762 4475 saria,
791 4425 897 4464 non
926 4413 1122 4476 vetari,
1153 4412 1246 4467 sed
1294 4412 1435 4483 apud
1483 4414 1667 4469 lideles
1711 4414 1910 4470 debere
1945 4413 2189 4482 iudicari.

591 4500 951 4556 demonstrat.
978 4502 1437 4560 iEtAmbrosius:
1475 4523 1495 4556 ι
1526 4504 1661 4573 Quia
1677 4521 1810 4577 ergo
1825 4506 2186 4576 sunt,inquit,

2287 3325 2439 3378 vobis
2495 3322 2733 3393 comperi
2791 3320 3106 3393 apostolicae
3165 3320 3474 3375 traditionis
3530 3318 3782 3384 oblitos,
3828 3326 3878 3373 et

2287 3415 2466 3471 studio
2489 3414 2569 3468 sui
2593 3414 2796 3469 erroris
2816 3414 3073 3468 intentos.
3106 3429 3126 3464 ι
3152 3411 3220 3466 Et
3244 3419 3368 3480 post
3397 3410 3680 3480 aliquanta
3713 3426 3732 3465 :
3763 3428 3783 3460 t
3810 3407 3879 3463 De

2287 3508 2606 3579 poenitentia
2631 3506 2857 3572 scilicet,
2883 3521 3004 3576 qute
3028 3520 3059 3559 a
3089 3503 3339 3559 fidelibus
3365 3501 3697 3574 postulatur,
3723 3516 3791 3556 ne
3818 3501 3879 3554 de

2288 3598 2623 3672 singulorum
2650 3609 2998 3671 peccatorum
3026 3612 3225 3669 genere
3263 3594 3455 3651 libellis
3480 3594 3655 3666 626
3685 3592 3880 3663 scripta

2289 3695 2556 3766 professio
2609 3695 2952 3766 publicetur,
3013 3709 3137 3750 cum
3187 3699 3371 3748 reatus
3421 3691 3877 3747 conscientiarum

2290 3784 2521 3842 suiliciat
2550 3785 2681 3840 solis
2711 3784 3082 3840 sacerdotibus
3126 3782 3354 3838 indicari
3396 3779 3748 3836 confessione
3792 3794 3877 3834 se-

2290 3885 2463 3932 creta.
2496 3875 2751 3943 Quamvis
2795 3875 2937 3930 enim
2988 3873 3269 3944 plenitudo
3312 3871 3438 3927 fidei
3480 3870 3878 3926 videaturesse

2291 3965 2608 4030 laudabilis,
2636 3980 2756 4034 qum
2795 3975 3019 4036 propter
3045 3964 3140 4019 Dei
3178 3963 3427 4018 timorem
3453 3961 3596 4030 apud
3634 3961 3880 4016 homines

2290 4056 2613 4110 erubescere
2657 4068 2762 4108 non
2808 4063 3051 4119 veretur,
3102 4060 3280 4106 tamen
3310 4051 3437 4121 quia
3487 4067 3595 4105 non
3637 4051 3875 4105 omnium

2292 4146 2599 4216 huiusmodi
2620 4154 2746 4202 sunt
2774 4153 3017 4216 peccata,
3048 4154 3109 4201 ut
3137 4161 3201 4200 ea
3233 4145 3325 4215 qui
3364 4145 3746 4214 paenitentiam
3789 4159 3879 4214 po.

2294 4251 2452 4295 scunt
2497 4256 2604 4295 non
2653 4225 2877 4294 timeant
2904 4240 3201 4310 publicare,
3236 4238 3878 4309 removeatnrimproba-

2290 4331 2417 4386 bilis
2464 4331 2817 4397 consuetudo,
2868 4346 2935 4386 ne
2968 4330 3120 4386 multi
3175 4345 3207 4384 a
3247 4329 3581 4400 paenitentiae
3628 4328 3881 4383 remediis

2291 4433 2603 4488 arceantur,
2628 4422 2754 4477 dum
2781 4431 2874 4477 aut
2893 4423 3244 4484 erubescunt,
3264 4431 3355 4477 aut
3378 4407 3625 4477 meiuunt
3651 4420 3878 4476 inimicis

2295 4513 2408 4569 suis
2433 4529 2529 4569 sua
2556 4512 2700 4570 facta
2730 4513 2990 4578 reserari,
3018 4513 3214 4584 quibus
3238 4512 3450 4583 possint
3475 4511 3655 4584 legum
3681 4513 3877 4569 consti-

593 4595 871 4665 sapientes
915 4595 1133 4663 fratres,
1181 4597 1344 4669 aliqui
1378 4599 1571 4654 horum
1618 4600 1890 4671 eligantur
1929 4601 1996 4654 ad
2036 4598 2187 4671 iudi—
2213 4573 2502 4663 Dtntione
2534 4599 2776 4676 percelli.
2818 4573 3357 4661 Sulﬁcit-enimdlla
3402 4573 3709 4670 confessio,
3762 4619 3875 4675 qua

592 4688 851 4754 candum,
877 4704 1107 4760 quorum
1130 4691 1394 4763 judicium
1420 4702 1639 4748 veretur
1667 4694 1925 4749 mundus.
1959 4692 2186 4766 Magnus

588 4779 738 4835 enim
774 4779 945 4849 pudor
973 4790 1075 4846 est,
1104 4781 1151 4836 si
1178 4782 1318 4837 inter
1341 4798 1436 4839 eos
1475 4784 1567 4854 qui
1599 4784 1859 4839 dicuntur
1884 4783 2054 4840 Deum
2085 4800 2183 4841 co-

589 4871 859 4941 gnovisse.
894 4888 1000 4927 non
1038 4874 1311 4930 invenitur
1337 4876 1427 4946 qui
1458 4877 1775 4931 examinare
1820 4878 1992 4946 possit
2032 4876 2182 4947 intli-

586 4964 755 5021 cium.
812 4965 1095 5033 Quomodo
1144 4968 1288 5023 enim
1349 4969 1617 5025 homicida
1664 4970 1937 5041 ptenilens
1993 4987 2185 5042 pacem

587 5066 767 5113 sumet
809 5057 1086 5123 Ecclesiae,
1115 5068 1405 5129 antequam
1436 5075 1559 5114 cum
1608 5061 1951 5132 litigantibus
1988 5062 2181 5132 paciﬁ-

583 5148 778 5205 cetur?
821 5148 1101 5216 Quomodo
1132 5151 1521 5222 indulgentiam
1553 5155 1805 5225 accipere
1852 5155 2052 5224 poterit
2094 5156 2181 5212 di-

587 5256 760 5308 scors,
783 5250 1069 5312 antequam
1097 5244 1379 5301 charitatis
1393 5246 1600 5318 glutino
1623 5249 1880 5303 uniatur?
1900 5248 2182 5317 Quomodo

586 5348 754 5402 rapax
802 5333 993 5404 dignos
1035 5336 1367 5405 poenitentia:
1415 5336 1624 5393 fructus
1675 5350 1834 5410 aget,
1888 5351 2179 5407 antequam

583 5423 734 5492 iuxta
777 5424 945 5480 David
991 5426 1274 5496 indicium,
1323 5437 1378 5485 et
1419 5428 1638 5503 Zachtei
1691 5429 2032 5500 exemplum,
2088 5436 2182 5484 aut

583 5515 945 5581 emendando,
997 5526 1091 5572 aut
1134 5517 1546 5587 satisfaciendo,
1586 5518 1919 5592 placationis
1947 5518 2185 5574 hostiam

582 5602 780 5661 oﬂ‘erat
803 5605 895 5678 qui
917 5606 1125 5678 rapinis
1143 5609 1439 5667 crudeliter
1459 5610 1781 5670 insudavitl
1800 5609 1892 5667 Vel
1913 5611 2185 5683 quomodo

583 5694 825 5754 solvetur
868 5696 1199 5769 coniugium,
1249 5700 1355 5756 nisi
1409 5701 1835 5763 decernentibus
1859 5698 2185 5758 Christianis

584 5785 829 5859 legibus,
866 5789 1061 5857 quibus
1094 5789 1269 5846 fuerat
1307 5796 1546 5861 auctore
1584 5797 1813 5870 Domino
1845 5799 2180 5883 copulatum,

2293 4698 2527 4768 primum
2556 4696 2667 4751 Deo
2695 4695 2939 4763 oli‘ertur,
2976 4704 3107 4752 tunc
3136 4696 3297 4750 etiam
3324 4695 3620 4761 sacerdoti,
3653 4696 3746 4764 qui
3786 4709 3874 4765 pro

2294 4788 2507 4845 delictis
2538 4787 2916 4859 paenitentiam
2959 4796 3211 4858 precator
3255 4787 3496 4842 accedat.
3538 4784 3697 4840 'l‘unc
3737 4785 3872 4840 enim

2296 4882 2478 4953 plures
2504 4882 2570 4935 ad
2602 4880 2973 4951 paenitentiam
3000 4887 3259 4950 poterunt
3285 4879 3591 4950 provocari,
3625 4878 3674 4933 si
3703 4876 3872 4949 populi

2298 4975 2520 5031 auribus
2569 4989 2676 5028 non
2725 4972 3030 5044 publicetur
3084 4972 3416 5028 conscientia
3471 4970 3804 5025 confitentis.
3850 4986 3868 5020 ι

2297 5065 2437 5120 Hinc
2474 5063 2727 5136 colligant
2753 5063 2988 5133 quique,
3023 5062 3070 5117 si
3114 5077 3351 5117 canones
3379 5060 3519 5117 sacri
3544 5060 3741 5129 iubent
3784 5074 3873 5113 es-

2296 5156 2698 5212 communicare
2724 5156 3057 5225 episcopum,
3097 5154 3337 5225 quandiu
3376 5168 3480 5207 non
3513 5150 3878 5206 communica-

2294 5247 2437 5301 verit
2461 5246 2560 5310 illi,
2593 5259 2754 5315 quem
2786 5244 2889 5300 sibi
2918 5243 3050 5299 dicit
3086 5243 3293 5299 crimen
3319 5248 3527 5297 secrete
3552 5241 3727 5295 fuisse
3756 5254 3878 5295 con-

2296 5336 2520 5400 fessum,
2553 5346 2733 5391 utrum
2767 5336 2961 5392 debeat
2994 5345 3088 5390 aut
3128 5334 3327 5390 audeat
3356 5333 3554 5404 aliquis
3575 5333 3645 5388 de
3674 5340 3875 5390 secreta

2294 5427 2660 5492 confessione,
2693 5427 2809 5484 sive
2832 5441 2933 5499 per
2959 5426 3197 5483 libellum
3228 5426 3342 5482 sive
3367 5440 3465 5496 per
3499 5426 3730 5481 verbum
3763 5441 3878 5482 cre-

2293 5520 2426 5586 dita,
2464 5532 2839 5590 quemcunque
2867 5517 3097 5588 publicte
3135 5516 3470 5587 paenitentia:
3498 5513 3716 5586 legibus
3762 5515 3876 5570 sub-

2295 5614 2445 5678 dere,
2474 5621 2679 5684 quanto
2708 5611 2887 5669 minus
2923 5607 3232 5680 coniugium
3268 5608 3511 5678 legaliter
3541 5607 3739 5662 initum
3768 5607 3872 5661 sine

2294 5710 2447 5760 certa
2488 5712 2544 5759 et
2585 5702 2870 5758 manifesta
2920 5700 3130 5755 ratione
3177 5698 3472 5753 dissolvere
3519 5714 3535 5753 :
3577 5713 3706 5752 cum
3742 5698 3871 5751 idem

2294 5798 2407 5857 Leo
2435 5798 2500 5853 ad
2544 5812 2733 5853 omnes
2779 5797 3061 5868 episcopos
3107 5809 3203 5866 per
3238 5794 3526 5849 universas
3575 5789 3871 5863 provincia!
