4026 6340
196 419 307 478 689

1143 421 1233 477 DE
1267 416 1592 478 DlVORTIO
1628 410 1958 479 LOTHARII
1997 417 2086 472 ET
2125 409 2535 478 TETBEBGIE.

3355 413 3462 470 690

194 533 524 589 constitutos
574 532 891 588 terribiliter
942 533 1149 588 intonet
1202 534 1387 589 dicens
1433 532 1619 604 (epist.
1660 526 1730 599 1)
1758 542 1774 581 :
1802 527 2204 598 Ainiquitatem
2231 546 2382 585 suam
2410 528 2552 603 (Leu.
2579 546 2682 597 xx,
2710 529 2822 600 17).
2878 527 3033 587 Unde
3077 536 3297 585 sanctus
3345 528 3461 584 Aac

199 640 221 674 ι
259 622 378 678 Hoc
423 625 605 693 itaque
653 623 948 680 admonitio
990 634 1175 679 nostra
1206 623 1506 688 denuntiat,
1536 620 1680 692 quod
1725 619 1773 676 si

190 716 321 787 quis
350 714 578 769 fratrum
607 724 791 769 contra
838 715 1128 771 constituta
1156 717 1344 772 venire
1384 713 1694 778 tentaverit,
1719 721 1791 769 et-

190 807 471 876 prohibita
519 805 683 862 fuerit
726 823 887 864 ausus
915 808 1224 874 admittere,
1267 824 1299 863 a
1328 823 1426 864 suo
1470 825 1529 864 se
1563 806 1776 862 noverit

187 895 372 952 ofﬁcio
402 899 826 953 submovendum
846 940 860 964 ,
892 914 994 955 nec
1019 899 1415 956 communionis
1448 907 1648 955 nostrae
1694 897 1773 955 fu-

189 996 375 1043 turum
400 1003 521 1045 esse
548 999 874 1057 consortem,
899 991 992 1061 qui
1035 991 1215 1048 socius
1255 1006 1375 1049 esse
1409 990 1586 1048 noluit
1611 990 1774 1048 disci-

182 1078 371 1149 plinae.
412 1099 433 1133 ι

580 1202 1185 1266 INTERROGATIO
1226 1204 1371 1267 XII.

256 1353 461 1422 Quinto
508 1355 741 1427 capitulo
790 1357 945 1413 nobis
990 1358 1287 1421 rescribite,
1336 1372 1402 1415 ex
1451 1355 1771 1412 auctoritate

182 1441 612 1512 Scripturarum,
649 1454 705 1501 et
745 1447 1033 1503 traditione
1067 1447 1288 1503 Patrum
1309 1490 1323 1514 ,
1354 1448 1420 1503 de
1449 1458 1657 1518 stupro,
1683 1458 1767 1503 at-

180 1555 291 1609 que
322 1540 518 1596 aborsu
543 1557 662 1612 qua:
687 1542 888 1612 scripta
910 1543 1311 1609 contineantur,
1337 1559 1461 1599 cum
1483 1552 1768 1599 auctorum

178 1630 494 1693 nominibus
520 1639 574 1686 et
618 1631 990 1701 designatione
1037 1631 1295 1687 librorum
1318 1673 1332 1696 ,
1381 1642 1441 1686 ut
1473 1632 1618 1687 scire
1645 1646 1769 1702 pos-

177 1722 374 1786 simus,
402 1730 584 1776 utrum
615 1721 705 1777 tali
734 1723 912 1788 modo,
945 1722 1086 1779 sicut
1121 1723 1338 1783 dicitur,
1372 1722 1567 1777 femina
1598 1721 1771 1791 possit

175 1812 488 1882 concipere,
529 1821 731 1884 etpost
754 1814 1007 1869 aborsum
1034 1813 1189 1893 xirgo
1219 1813 1396 1869 valeat
1426 1806 1761 1883 permanere,

1876 619 2127 690 gustinus
2153 634 2169 674 :
2203 639 2223 673 ι
2263 622 2421 689 Quid,
2450 623 2545 689 ait,
2577 623 2632 678 in
2659 624 2763 679 hoc
2791 620 2910 677 loco
2937 620 3157 686 viderit,
3185 620 3290 677 nisi
3318 634 3454 677 con-

1876 712 2175 768 cumbendo
2222 714 2567 785 cognoverit;
2618 716 2760 771 sicut
2803 694 2931 770 alibi
2966 714 3019 769 in
3056 713 3175 784 lege
3205 713 3404 769 dicitur
3436 729 3455 769 :

1875 805 2111 875 cognovit
2149 821 2368 861 uxorem
2395 823 2547 861 suam
2570 805 2727 876 (Gen.
2757 823 2833 874 tv,
2861 807 2937 877 1),
2964 822 3064 878 pro
3084 821 3151 862 eo
3168 806 3319 877 quod
3345 814 3451 874 est,

1875 897 2068 953 mistus
2096 906 2181 954 est
2206 899 2279 955 ei.
2316 899 2384 955 Et
2410 899 2539 969 quid
2559 899 2637 954 ait
2668 917 2681 952 :
2710 908 2979 969 peccatum
3003 916 3154 955 suum
3175 898 3452 969 accipient,

1874 987 1977 1043 nisi
2004 989 2130 1058 quia
2154 988 2324 1059 ipsam
2350 1004 2565 1060 pinnam
2591 986 2799 1059 peccati
2829 999 3110 1058 peccatum
3152 988 3322 1044 voluit
3362 1004 3456 1059 ap-

1806 1079 1811 1088 '
1870 1076 2079 1147 pellari.
2111 1096 2129 1129 ι
2183 1077 2253 1133 Et
2275 1077 2401 1148 quia
2432 1078 2755 1134 necessitate
2789 1078 2983 1143 coacti,
3031 1079 3173 1135 sicut
3215 1088 3271 1135 et
3308 1080 3459 1148 Apo-

1871 1166 2056 1229 stolus,
2086 1167 2177 1236 qui
2205 1166 2438 1238 quodam
2476 1167 2593 1223 loco
2639 1169 2706 1224 de
2753 1168 3071 1238 quibusdam
3122 1168 3455 1235 dicitzouae

1870 1256 1926 1310 in
1980 1258 2197 1313 occultis
2243 1270 2423 1329 agunt,
2477 1269 2625 1331 turpe
2652 1270 2727 1315 est
2761 1261 2923 1315 etiam
2947 1260 3119 1316 dicere
3145 1259 3362 1331 (Ephes.
3393 1275 3452 1323 v,

1870 1353 1986 1424 12),
2017 1355 2345 1412 constrictus
2372 1356 2692 1412 necessitate
2714 1356 3057 1426 apertissime
3083 1356 3149 1410 ad
3175 1354 3454 1411 Romanos

1871 1447 2147 1519 redarguit
2186 1448 2456 1504 masculos
2498 1448 2550 1502 in
2585 1447 2853 1504 masculos
2898 1447 3285 1518 turpitudinem
3322 1458 3454 1515 ope-

1868 1547 2070 1603 rantes,
2103 1547 2157 1593 et
2188 1538 2420 1595 feminas
2442 1538 2740 1594 naturalem
2768 1554 2921 1594 usum
2948 1539 3000 1594 in
3026 1553 3149 1594 eum
3175 1552 3332 1593 usum
3354 1534 3452 1607 qui

1869 1635 1952 1682 est
1991 1636 2179 1683 contra
2229 1632 2511 1684 naturam“
2544 1638 2844 1692 mutantes.
2896 1630 3125 1685 velimus
3177 1629 3450 1694 nolimus.

1871 1719 2118 1773 timentes
2146 1719 2617 1775 comminationem
2658 1720 2887 1776 dicentis
2922 1719 3156 1783 Domini.
3192 1729 3252 1775 ut
3283 1735 3447 1791 supra

1870 1808 2027 1879 longe
2059 1810 2416 1878 prmmisimus
2450 1828 2463 1864 :
2498 1808 2707 1875 Quinte
2727 1810 2989 1865 erubuerit
3015 1819 3062 1864 et
3089 1826 3228 1865 meos
3253 1825 3452 1865 sermo-

174 1901 323 1956 sicut
367 1901 436 1956 de
486 1902 587 1956 ista
637 1903 834 1958 dicitur
879 1888 1140 1960 accidisse
1188 1922 1200 1957 ;
1233 1914 1289 1959 ει
1330 1906 1375 1960 si
1421 1905 1754 1976 deprehensa
1784 1888 1832 1949 B
1860 1916 1972 1963 nes,
2002 1899 2140 1953 hunc
2181 1901 2439 1955 erubescet
2484 1899 2627 1969 ﬁlius
2665 1899 2889 1954 hominis
2917 1917 3094 1954 coram
3113 1900 3311 1971 angelis
3346 1899 3449 1956 Dei

175 1990 345 2047 fuerit
392 1994 508 2049 haec
556 2004 680 2050 ante
730 1994 1036 2065 coniugium
1095 1996 1322 2053 crimina
1377 2007 1755 2069 perpetrasse,

176 2095 361 2140 utrum
401 2086 455 2141 in
480 2086 731 2159 coniugio
758 2088 951 2143 debeat
978 2099 1071 2143 aut
1094 2088 1266 2145 valeat
1292 2104 1632 2159 permanere.

768 2209 1168 2270 RESPONSIO.

248 2335 327 2391 De
370 2346 557 2408 stupro
606 2338 835 2408 denique
887 2347 944 2394 et
994 2339 1213 2406 aborsu,
1262 2355 1383 2411 qum.
1424 2356 1565 2410 saepe
1588 2342 1759 2397 ‘dicta:

173 2429 386 2500 objecta
451 2431 616 2488 fuisse
679 2433 983 2488 audivimus
1032 2433 1283 2499 mulieri,
1340 2450 1408 2489 ne
1466 2435 1760 2491 secundum

168 2522 541 2592 coniecturam
598 2525 818 2580 humani
867 2525 1075 2581 arbitrii
1125 2525 1513 2591 decernentes,
1566 2527 1761 2596 taquis-

168 2617 373 2671 simum
408 2616 644 2687 iudicem
695 2619 979 2674 Dominum
1018 2616 1385 2682 offendamus,
1436 2620 1502 2672 ad
1547 2628 1761 2673 sancta-

168 2722 297 2762 rum
345 2706 751 2778 Scripturarum
804 2709 1026 2779 paginas
1074 2694 1418 2765 recurramus
1455 2726 1467 2761 :
1505 2708 1581 2763 ait
1614 2710 1757 2763 enim

166 2796 310 2852 liber
373 2798 770 2854 Deuteronomii
811 2813 826 2852 :
870 2795 929 2853 Si
989 2797 1194 2853 duxerit
1260 2800 1338 2853 vir
1397 2814 1643 2862 uxorem,
1710 2805 1760 2852 et

162 2900 349 2959 postea
397 2906 512 2943 eam
557 2889 677 2945 odio
721 2890 992 2956 habuerit,
1040 2891 1404 2962 quwsieritque
1463 2893 1758 2946 occasiones

164 2981 362 3053 quibus
405 2982 633 3037 dimittat
683 2999 820 3049 eam,
862 2983 1109 3054 objiciens
1152 2985 1200 3038 ei
1229 3000 1414 3039 nomen
1455 2986 1759 3055 pessimum,

160 3084 213 3130 et
238 3075 435 3130 dixerit
467 3073 733 3130 :Ua'orem
766 3077 900 3131 Itane
922 3077 1119 3147 accepi,
1148 3086 1194 3132 et
1226 3078 1488 3148 ingressus
1531 3078 1599 3132 ad
1645 3092 1759 3131 eam

164 3186 274 3224 non
341 3170 513 3223 inueni
561 3168 711 3224 illam
768 3170 1051 3240 virginem;
1106 3171 1287 3225 tollent
1342 3187 1458 3225 eam
1521 3180 1667 3241 pater
1711 3179 1761 3224 et

1860 1989 2010 2061 (Luc.
2047 2006 2125 2054 rx,
2150 1990 2276 2059 ‘26);
2306 1991 2480 2046 adlmc
2506 2006 2766 2062 ponemus
2795 1991 2848 2045 in
2877 1992 2978 2048 hac
3007 2006 3172 2048 causa
3199 1990 3267 2046 de
3297 1990 3444 2047 libro

1857 2079 2128 2139 Geneseos
2158 2101 2171 2136 :
2197 2081 2479 2146 Introiens,
2531 2081 2725 2152 inquit,
2770 2082 2924 2138 Onan
2967 2083 3110 2152 ﬁlius
3154 2082 3310 2138 Iuda:
3338 2082 3444 2152 ﬁlii

1857 2171 2022 2227 Iacob
2053 2174 2362 2242 patriarcha,
2391 2173 2459 2227 ad
2480 2190 2694 2229 uxorem
2727 2173 2909 2243 fratris
2932 2173 3016 2227 sui
3056 2172 3165 2227 ller
3183 2174 3443 2244 primoge-

1859 2263 1956 2316 niti
1973 2260 2152 2327 Judce,
2182 2261 2271 2333 qui
2294 2261 2391 2329 fuit
2418 2278 2637 2333 aequant
2671 2263 2726 2316 in
2751 2271 3027 2333 conspectu
3052 2261 3279 2327 Domini,
3302 2272 3350 2317 et
3375 2263 3445 2319 ab

1859 2369 1918 2407 eo
1959 2354 2159 2407 occisus
2204 2364 2296 2416 est,
2329 2369 2502 2407 semen
2538 2352 2788 2421 fundebat
2818 2353 2873 2407 in
2903 2364 3118 2416 terram,
3159 2361 3208 2407 et
3241 2352 3441 2407 idcirco

1858 2444 2110 2513 percussit
2133 2460 2250 2497 eunt
2280 2442 2554 2508 Dominus,
2577 2443 2717 2513 quod
2742 2459 2847 2498 rem
2870 2441 3222 2497 detestabilem
3245 2441 3442 2511 faceret

1861 2532 2012 2605 (Gen.
2051 2551 2279 2601 xxxvm,
2310 2536 2341 2589 7
2372 2546 2417 2589 et
2445 2535 2523 2605 9).
2578 2534 2645 2590 Et
2673 2536 2935 2606 scriptum
2977 2545 3060 2591 est
3087 2536 3140 2590 in
3170 2534 3310 2592 libro
3335 2532 3439 2588 Le—

1859 2626 2003 2681 vitici
2036 2644 2049 2680 :
2088 2626 2191 2693 Qui
2237 2626 2507 2681 dormierit
2556 2643 2675 2681 cum
2721 2626 2953 2681 masculo
3003 2627 3143 2680 coitu
3190 2625 3432 2696 femineo,

1862 2725 2073 2785 uterque
2103 2711 2364 2785 'operatus
2405 2726 2479 2770 est
2526 2717 2691 2787 nefas,
2745 2727 2908 2772 morte
2951 2717 3247 2771 moriantur
3288 2702 3435 2787 (Leu.

1859 2820 1951 2866 xx,
1984 2804 2091 2873 15).
2152 2803 2304 2861 llmle
2338 2813 2392 2860 et
2416 2804 2561 2876 leges
2590 2805 2844 2861 Romana:
2868 2807 3162 2861 decernunt
3201 2806 3253 2861 in
3283 2806 3439 2876 capi-

1860 2893 1988 2949 tulis
2019 2894 2084 2949 de
2113 2895 2531 2965 stupratoribus,
2555 2896 2696 2965 quod
2723 2895 2903 2965 legens
2926 2898 3152 2967 quisque
3176 2895 3438 2955 inveniet.

1863 2984 1929 3039 Et
1957 2987 2001 3041 si
2032 2985 2096 3041 de
2126 2987 2364 3042 masculo
2389 3002 2510 3044 cum
2539 2986 2779 3043 masculo
2803 2987 2875 3042 ila
2905 2986 3235 3053 decernitur,
3269 3001 3436 3058 quam

1862 3078 2297 3135 adimentionem
2327 3079 2472 3151 leges
2500 3081 2773 3137 invenient
2807 3081 2873 3137 de
2914 3080 3151 3143 masculo
3178 3090 3234 3137 et
3269 3079 3443 3140 fratre

1861 3188 1984 3227 cum
2038 3187 2226 3229 sorore
2279 3189 2345 3228 ex
2403 3175 2690 3231 concubitu
2746 3173 2965 3230 masculi
3015 3172 3368 3230 Sodomitano
3414 3175 3442 3230 ‘P

163 3272 339 3315 mater
386 3260 530 3331 ejus,
584 3271 632 3316 et
678 3260 841 3331 ferent
882 3278 1055 3317 secum
1097 3263 1247 3333 signa
1289 3262 1595 3332 virginitatis
1642 3262 1757 3331 ejus
1785 3243 1830 3306 Ο
1863 3263 2094 3321 Sanctus
2117 3265 2463 3322 nihilominus
2491 3264 2817 3338 Augustinus
2846 3267 2900 3321 in
2927 3265 3064 3323 libro
3098 3265 3336 3323 secundo
3365 3264 3437 3323 ad

164 3351 237 3404 ad
269 3352 504 3406 seniores
542 3352 715 3419 urbis,
754 3353 845 3424 qui
876 3355 933 3408 in
964 3363 1116 3423 porta
1140 3364 1258 3408 sunt
1286 3372 1304 3411 :
1335 3364 1381 3408 et
1411 3354 1546 3421 dicet
1569 3363 1756 3421 pater:

164 3442 374 3499 Filiam
423 3461 591 3499 meam
634 3445 754 3499 dedi
798 3445 918 3500 huic
970 3462 1207 3511 uxorem,
1249 3463 1410 3517 quant
1453 3447 1577 3514 quia
1625 3446 1756 3511 odit,

160 3536 390 3606 imponit
436 3535 485 3591 ei
523 3553 709 3591 nomen
753 3538 1049 3607 pessimum,
1102 3549 1157 3592 ut
1198 3538 1338 3593 dicat
1375 3552 1394 3591 :
1437 3536 1559 3593 Non
1588 3537 1759 3593 inveni

159 3625 340 3695 ﬁliam
362 3636 507 3680 tuam
530 3627 778 3697 uirginem
803 3641 821 3679 :
845 3636 892 3681 et
920 3644 1034 3682 ecce
1057 3629 1168 3683 lucc
1204 3638 1324 3683 sunt
1359 3631 1508 3696 signa
1539 3628 1757 3699 virgini-

163 3718 294 3771 tatis
347 3717 474 3785 ﬁlia:
517 3733 662 3772 mete.
710 3716 779 3771 Et
833 3717 1125 3788 expandent
1173 3718 1526 3773 vestimentum
1579 3734 1757 3773 coram

158 3810 337 3882 627
388 3809 677 3864 senioribus
726 3810 969 3874 civitatis,
1010 3811 1492 3883 appreltendcntque
1528 3812 1756 3866 seniores

162 3900 316 3954 urbis
342 3898 485 3953 illius
515 3900 703 3965 virum,
726 3909 774 3955 et
806 3899 1143 3955 verberabant
1171 3899 1321 3955 illum
1352 3902 1755 3956 condemnantes

158 3992 386 4059 insuper
410 4001 613 4044 centum
635 3990 776 4046 siclis
799 3990 1032 4062 argenti,
1063 4007 1193 4061 quos
1222 3990 1366 4044 dabit
1385 3991 1525 4061 patri
1546 3989 1754 4059 puellm,

161 4082 424 4155 quoniam
452 4081 746 4151 diﬂ'amauit
776 4098 961 4136 nomen
997 4081 1277 4151 pessimum
1315 4096 1471 4151 super
1507 4079 1755 4151 virginem

162 4175 368 4239 Israel,
396 4175 703 4246 babebitque
722 4192 837 4231 eam
870 4192 1108 4242 uxorem,
1138 4185 1188 4230 et
1229 4193 1333 4231 non
1362 4176 1548 4248 poterit
1574 4175 1755 4229 dimit-

159 4277 276 4323 tere
307 4284 427 4322 eam
458 4268 598 4321 omni
626 4279 854 4339 tempore
875 4267 991 4323 vitta
1016 4283 1147 4322 suta.
1183 4264 1336 4334 Quod
1369 4267 1415 4322 si
1459 4282 1637 4321 verum
1681 4274 1758 4321 est

159 4359 311 4431 quod
336 4358 544 4428 objecit,
569 4369 746 4415 etnon
776 4369 851 4414 est
890 4360 1100 4414 inventa
1144 4359 1198 4414 in
1242 4357 1417 4429 puella
1464 4359 1756 4429 uirginitas,

158 4452 385 4522 ejicient
410 4466 525 4504 eam
549 4462 697 4506 extra
725 4451 860 4521 fores
887 4450 1072 4505 domus
1092 4450 1258 4521 patris
1283 4451 1365 4506 sui
1389 4491 1404 4517 ,
1426 4460 1474 4505 et
1494 4449 1756 4520 lapidibus

1863 3353 2133 3413 Valerium
2174 3353 2462 3424 Comitem,
2504 3359 2570 3413 de
2626 3356 2835 3427 Nuptiis
2881 3365 2936 3413 et
2989 3355 3437 3427 Concupiscentia

1859 3448 2049 3504 scribit
2093 3448 2229 3520 (cap.
2286 3447 2375 3519 20)
2404 3468 2417 3503 :
2456 3467 2476 3501 ι
2506 3447 2658 3517 Quod
2678 3456 2860 3504 autem
2884 3447 2979 3513 ait,
3011 3447 3439 3519 inquiens,.Apo-

1860 3538 2029 3595 stolns
2079 3539 2143 3594 de
2193 3539 2453 3609 improbis
2496 3558 2509 3595 :
2555 3538 2755 3595 Relicto
2804 3538 3036 3594 naturali
3083 3556 3183 3595 usu
3228 3538 3441 3610 feminte

1856 3640 2161 3686 exarserunt
2189 3630 2243 3685 in
2269 3630 2527 3686 desideria
2553 3647 2651 3686 sua
2676 3630 2731 3685 in
2756 3629 2970 3685 invicem
2999 3630 3218 3686 masculi
3245 3631 3299 3686 in
3326 3647 3443 3685 ma~

1856 3721 2028 3778 scalas
2053 3723 2427 3793 turpitudinem
2450 3731 2720 3792 operantes
2749 3720 2926 3784 (Rom.
2957 3737 2994 3785 ι,
3019 3721 3134 3791 27),
3163 3738 3269 3779 non
3299 3721 3442 3779 dixit

1857 3826 2015 3868 usum
2038 3809 2389 3883 coniugalem,
2425 3811 2521 3866 sed
2546 3809 2844 3866 naturalem
2887 3826 3010 3865 eum
3058 3810 3246 3869 volens
3283 3811 3441 3867 intel-

1858 3898 1975 3970 ligi,
2003 3899 2095 3969 qui
2137 3890 2483 3955 ﬁtmembris
2512 3897 2577 3953 ad
2604 3899 2708 3955 hoc
2736 3898 2951 3963 creatis,
2981 3909 3039 3954 ut
3065 3914 3162 3971 per
3183 3916 3244 3955 ea
3271 3902 3446 3972 possit

1859 3993 1926 4049 ad
1954 3991 2314 4062 generandum
2344 4006 2507 4048 sexus
2547 4000 2773 4062 uterque
2803 3991 3055 4047 misceri:
3081 4008 3145 4047 ac
3185 4008 3282 4060 per
3313 3994 3441 4059 hoc,

1859 4100 1982 4140 cum
2019 4084 2223 4139 eisdem
2255 4082 2514 4139 membris
2539 4084 2704 4138 etiam
2742 4083 3013 4139 meretrici
3063 4084 3290 4153 quisque
3340 4087 3442 4140 mi-

1859 4187 2059 4241 scetur,
2086 4175 2350 4231 naturalis
2378 4184 2462 4231 est
2486 4191 2633 4244 usus,
2663 4189 2762 4231 nec
2794 4186 2972 4231 tamen
3017 4174 3321 4240 laudabilis,
3344 4176 3441 4230 sed

1860 4270 2160 4343 culpabilis.
2224 4269 2306 4326 Ab
2332 4284 2396 4325 ea
2428 4285 2555 4325 vero
2599 4275 2752 4340 parte
2778 4267 3044 4338 corporis,
3086 4282 3206 4338 qua:
3236 4282 3343 4321 non
3374 4267 3443 4323 ad

1859 4362 2221 4434 generandum
2252 4370 2334 4417 est
2360 4361 2621 4422 instituta,
2652 4359 2696 4414 si
2724 4369 2779 4415 et
2811 4359 3038 4430 conjuge
3060 4357 3289 4427 quisque
3320 4367 3444 4411 uta»

1859 4463 1970 4519 tur,
1995 4452 2162 4525 628
2184 4459 2370 4509 contra
2409 4460 2655 4505 naturam
2689 4457 2773 4503 est
2811 4457 2865 4502 et
2892 4447 3233 4518 ﬂagitiosum.
3285 4445 3447 4504 Deni-

160 4547 392 4601 obruent
422 4546 515 4600 viri
537 4544 758 4601 civitatis
785 4545 920 4616 ejus,
945 4553 992 4598 et
1013 4545 1301 4609 morietur,
1343 4544 1587 4617 quoniam
1636 4542 1758 4613 fecit
1790 4612 1825 4617 _
1860 4560 1966 4613 que
1995 4544 2146 4615 prius
2184 4542 2326 4597 idem
2371 4538 2662 4611 Apostolus
2708 4538 2773 4594 de
2821 4537 3035 4593 feminis
3086 4537 3267 4591 dixit:
3299 4534 3441 4593 Nam

161 4637 325 4706 nefas
353 4638 412 4691 in
435 4635 624 4702 Israel,
650 4645 708 4690 ut
730 4634 1081 4705 fornicaretur
1104 4635 1157 4689 in
1185 4634 1339 4689 domo
1363 4635 1529 4705 patris
1561 4635 1665 4699 sui,
1710 4642 1759 4687 et
1789 4612 1840 4673 θ
1861 4622 2069 4704 femina:
2099 4648 2280 4687 eorum
2309 4631 2708 4686 immutaverunt
2748 4627 3037 4683 naturalem
3069 4644 3218 4682 nsunt
3244 4628 3297 4681 iu
3323 4644 3445 4684 eum

159 4728 383 4797 auferes
415 4725 610 4781 malum
634 4725 698 4779 de
717 4725 887 4780 medio
925 4724 1003 4778 tui
1035 4723 1213 4796 (Deut.
1242 4711 1355 4778 im
1376 4763 1391 4789 ,
1427 4721 1631 4794 15-21).
1689 4719 1757 4774 Et

161 4820 237 4874 de
265 4819 478 4873 incesto
506 4819 557 4872 iu
585 4816 825 4872 Levitico
853 4816 1112 4886 scriptum
1134 4823 1219 4870 est
1247 4832 1261 4869 :
1289 4813 1473 4869 Omnis
1504 4814 1657 4869 homo
1687 4810 1757 4866 ad

158 4909 472 4979 proximam
495 4905 766 4978 sanguinis
791 4904 875 4959 sui
895 4921 998 4960 non
1028 4904 1264 4970 accedat,
1296 4913 1354 4957 ut
1373 4903 1557 4958 reuelet
1587 4903 1756 4974 turpi-

158 5002 411 5057 tudinem
457 4999 611 5069 ejus;
663 5016 755 5071 ego
795 4999 1072 5055 Dominus.
1123 4997 1521 5069 Turpitudinem
1563 4999 1760 5054 sororis

157 5104 281 5147 ture
307 5106 374 5145 ea:
405 5099 573 5160 patre,
611 5090 716 5145 sive
752 5107 816 5145 ex
852 5080 1039 5155 matre,
1076 5106 1193 5161 quat
1227 5088 1368 5145 domi
1395 5087 1473 5143 vel
1510 5087 1638 5158 foris
1672 5104 1762 5159 ge-

157 5185 288 5237 nita
330 5191 431 5247 est,
474 5197 578 5236 non
603 5181 848 5237 reuelabis
876 5180 1024 5253 (Leu.
1053 5195 1186 5235 xvut
1206 5220 1222 5246 ,
1253 5178 1286 5234 6
1314 5188 1363 5233 et
1388 5179 1466 5252 9).
1499 5178 1566 5234 Et
1596 5178 1758 5234 item:

160 5274 366 5331 Omnis
414 5274 591 5328 anima
623 5290 740 5343 qua:
785 5273 962 5343 fecerit
994 5264 1076 5326 'de
1123 5270 1596 5326 abominationibus
1649 5270 1763 5325 istis

154 5369 481 5442 quippiam,
526 5366 710 5438 peribit
753 5366 818 5420 de
859 5364 1048 5437 populo
1093 5380 1189 5419 suo
1240 5363 1431 5435 (ibid.,
1506 5360 1644 5433 29).
1697 5360 1767 5417 Et

155 5461 306 5517 item
341 5479 353 5512 :
389 5456 494 5524 Qui
536 5458 789 5528 acceperit
830 5472 1060 5511 sororem
1104 5471 1254 5509 suam
1276 5454 1445 5524 ﬁliam
1465 5454 1630 5524 patris
1654 5451 1759 5517 sui,

157 5551 253 5606 vel
287 5550 458 5617 ﬁliam
502 5549 684 5603 matris
724 5565 853 5613 sate,
897 5557 946 5602 et
980 5546 1159 5602 viderit
1205 5545 1580 5615 turpitudinem
1625 5543 1763 5614 ejus,

152 5641 377 5711 illaque
405 5641 725 5710 conspexerit
766 5640 948 5710 fratris
974 5638 1334 5709 ignominiam,
1364 5635 1623 5705 nefariam
1655 5652 1763 5691 rem

155 5732 380 5802 operati
420 5741 563 5796 sunt,
601 5732 902 5787 occidentur
927 5732 981 5784 in
1005 5739 1279 5800 conspectu
1304 5728 1501 5798 papuli.
1533 5745 1593 5783 eo
1619 5727 1758 5799 quod

152 5822 552 5893 turpitudinem
588 5840 736 5879 suam
780 5833 958 5878 mutuo
1001 5818 1352 5887 revelaverint,
1398 5828 1447 5875 et
1479 5817 1758 5889 portabunt

1864 4742 2014 4781 usum
2049 4725 2139 4797 qui
2170 4733 2243 4780 est
2292 4733 2473 4779 contra
2520 4731 2764 4777 naturam
2794 4730 2813 4792 ί
2839 4719 3005 4786 ibid.,
3052 4718 3186 4790 26).
3241 4719 3445 4775 Deinde

1864 4818 2117 4875 masculis
2144 4818 2199 4872 in
2235 4814 2505 4871 masculos
2549 4813 2937 4884 turpitudinem
2974 4811 3321 4884 operantibus
3352 4827 3442 4866 re-

1862 4909 1989 4965 licto
2013 4924 2115 4962 usu
2145 4906 2359 4963 feminae
2386 4905 2639 4970 naturali,
2670 4920 2773 4960 non
2805 4905 2870 4977 de
2894 4904 2994 4959 isto
3017 4904 3256 4967 nomine,
3285 4901 3336 4957 id
3360 4911 3448 4957 est

1864 4999 2121 5066 naturali,
2156 4995 2454 5069 coniugalis
2478 5003 2560 5051 est
2585 4995 2798 5050 laudata
2841 4993 3166 5057 commistio,
3210 4991 3305 5046 sed
3347 4994 3447 5046 im-

1867 5092 2147 5149 mundiora
2174 5099 2229 5146 et
2257 5089 2603 5147 sceleratiora
2625 5087 2824 5160 ﬂagitia
2845 5086 3095 5142 denotata
3119 5092 3263 5149 sunt,
3289 5083 3447 5153 quasi
3546 5156 3555 5165 _

1868 5184 2051 5242 illicite
2096 5183 2331 5249 feminis,
2373 5182 2468 5238 sed
2510 5190 2685 5236 tamen
2734 5177 3051 5234 naturaliter
3079 5182 3379 5231 uterentur.
3417 5193 3438 5226 ι

1868 5277 1937 5333 Et
1961 5277 2090 5332 item
2118 5277 2171 5331 in
2205 5276 2341 5330 libro
2369 5273 2435 5328 de
2460 5272 2608 5327 Bono
2634 5266 2898 5338 coniugali
2926 5266 3063 5339 (cap.
3090 5264 3178 5337 11)
3208 5278 3223 5318 :
3261 5283 3279 5316 ι
3306 5261 3443 5318 Cum

1869 5382 2017 5432 vero,
2048 5365 2242 5436 inquit,
2270 5365 2353 5418 vir
2381 5360 2622 5418 membro
2658 5357 2901 5414 mulieris
2929 5371 3034 5411 non
3079 5353 3148 5409 ad
3178 5353 3282 5409 hoc
3317 5366 3446 5407 oon-

1871 5472 2025 5514 cesso
2069 5457 2147 5512 uti
2182 5455 2431 5519 voluerit,
2465 5451 2673 5522 turpior
2698 5458 2780 5504 est
2806 5463 2943 5503 uxor
2969 5447 3013 5503 si
3048 5446 3103 5500 in
3146 5457 3235 5511 se,
3281 5456 3448 5512 quam

1868 5549 1913 5604 si
1948 5549 2001 5603 in
2030 5547 2131 5603 alia
2170 5545 2285 5601 lieri
2315 5542 2640 5615 permiserit.
2670 5559 2689 5593 ι
2747 5539 2815 5593 Et
2844 5540 2895 5593 in
2924 5535 3160 5594 secundo
3206 5535 3359 5589 libro
3377 5532 3448 5588 de

1866 5638 2183 5695 adulterinis
2231 5634 2505 5705 Coniugiis
2551 5631 2687 5705 (cap.
2735 5628 2861 5700 12):
2896 5648 2914 5680 ι
2944 5627 3002 5683 Si
3044 5634 3223 5682 autem
3250 5639 3309 5680 se
3336 5638 3447 5679 nou

1862 5730 2120 5792 continet,
2146 5726 2499 5790 licitenubat,
2548 5738 2615 5778 ne
2659 5723 2888 5792 turpiter
2914 5728 3155 5789 generet,
3199 5724 3292 5771 aut
3329 5722 3447 5769 tur-

1863 5820 1984 5892 pius
2035 5815 2439 5873 coucumbendo
2488 5829 2593 5871 non
2643 5821 2883 5884 generet.
2941 5809 3260 5879 Quanquam
3315 5807 3445 5869 hoc.
