4026 6340
605 325 703 383 691

1588 322 1919 380 HlNCMARI
1960 319 2348 380 RHEMENSIS
2384 323 2894 382 ARCHIEPISCOPI

3757 323 3858 381 69S

610 437 754 506 quod
782 437 1030 493 ultimum
1055 437 1185 505 dixi,
1214 438 1456 493 nonnulli
1484 437 1686 494 faciunt
1709 439 1871 495 etiam
1894 439 2038 496 licite
2062 453 2190 494 con-
2216 440 2269 499 A
2294 439 2360 494 ad
2388 440 2649 510 Ephesios
2685 441 3042 505 demonstrat,
3069 453 3345 510 exponens
3366 442 3700 496 sententiam
3725 440 3862 512 Apo-

599 524 794 600 ingati.
842 528 1029 585 lllicite
1072 544 1303 600 namque
1344 537 1399 585 et
1446 531 1675 600 turpiter
1706 531 1867 587 etiam
1899 545 2022 587 cum
2050 530 2188 603 legi-

604 618 740 674 tima
769 634 938 674 uxore
965 620 1371 685 concumbitur,
1402 620 1490 676 ubi
1517 622 1682 692 prolis
1725 624 2004 692 conceptio
2042 624 2189 678 devi-

605 715 756 763 tatur
785 724 799 762 :
828 709 972 779 quod
1017 709 1251 765 faciebat
1289 709 1442 765 Onan
1488 712 1628 768 filius
1667 712 1833 778 Judte,
1890 720 1946 767 et
1991 713 2190 768 occidit

600 799 756 855 illum
792 809 1015 872 propter
1052 802 1156 858 hoc
1197 804 1477 859 Dominus.
1509 825 1526 856 ι
1570 804 1661 860 Sic
1709 805 1872 859 etiam
1919 805 2187 860 interdum

600 898 659 945 et
690 890 805 947 solo
829 892 967 959 visu,
1002 909 1124 949 cum
1152 896 1381 965 turpiter
1405 896 1487 950 vel
1514 897 1736 966 innupta
1763 897 2183 967 concupiscitur,

603 982 926 1040 adulterium
961 994 1320 1056 perpetratur.
1381 1005 1400 1039 ι
1426 987 1576 1054 Quod
1618 997 1798 1043 tamen
1845 988 2181 1060 plerumque,

543 1069 558 1088 ⁸
599 1087 663 1135 ut
698 1090 929 1136 sanctus
967 1080 1258 1152 Gregorius
1302 1080 1357 1136 in
1413 1081 1548 1136 libro
1598 1080 1878 1137 Moralium
1926 1081 2184 1153 vigesimo

597 1170 775 1240 primo
803 1170 932 1227 dicit
962 1172 1099 1245 (cap.
1127 1172 1187 1241 9)
1216 1191 1229 1227 :
1256 1187 1322 1227 ex
1349 1172 1464 1228 loco
1485 1173 1568 1227 vel
1588 1174 1775 1228 ordine
1799 1174 2185 1243 concupiscen-

598 1263 670 1319 tis
690 1264 1014 1321 discernitur
1043 1282 1058 1319 :
1092 1267 1216 1335 quia
1257 1266 1460 1322 scilicet
1510 1267 1587 1321 sic
1633 1268 1775 1323 hunc
1814 1268 1868 1322 in
1911 1282 2066 1323 sacro
2095 1281 2185 1321 or-

599 1355 725 1411 dine
763 1357 1002 1413 studiosa
1046 1358 1502 1428 concupiscentia,
1550 1360 1691 1415 sicut
1730 1359 1878 1414 illum
1935 1359 2183 1415 adulterii

598 1446 845 1518 inquinat
874 1450 1051 1518 culpa.
1084 1470 1103 1502 ι
1151 1450 1218 1504 Et
1249 1451 1302 1505 in
1332 1451 1556 1521 epistola
1586 1452 1653 1507 ad
1677 1451 1936 1507 Sabinum
1966 1451 2183 1507 subdia-

599 1551 792 1592 conum
820 1540 1180 1608 regionarium
1211 1555 1226 1594 :
1257 1560 1275 1592 ι
1295 1541 1427 1597 Cum
1450 1542 1787 1613 plerumque,
1813 1543 2008 1613 inquit,
2040 1543 2183 1613 quod

594 1628 652 1682 in
689 1628 843 1685 laicis
868 1631 1020 1701 culpa
1051 1641 1172 1697 est,
1198 1633 1303 1688 hoc
1331 1634 1532 1688 crimen
1576 1635 1646 1688 sit
1692 1635 1747 1688 in
1791 1650 1946 1690 sacro
1990 1634 2179 1689 ordine

593 1722 920 1786 constitutis,
965 1733 1167 1792 quanta
1194 1725 1249 1780 in
1282 1725 1361 1780 eis
1389 1725 1722 1781 districtione
1745 1727 2074 1797 puniendum
2106 1724 2178 1781 sit

2294 532 2415 585 stoli
2441 546 2547 601 qua
2578 533 2708 587 dicit
2737 552 2749 587 :
2784 532 3089 587 Fornicatio
3135 541 3331 597 autem,
3359 543 3405 586 et
3428 536 3599 587 omnis
3640 538 3863 590 immu-

2288 622 2442 688 ditia,
2471 632 2560 676 aut
2588 624 2831 688 avaritia,
2861 639 2952 677 nec
2983 622 3277 677 nominetur
3296 623 3349 675 in
3376 622 3531 685 vobis,
3561 624 3701 676 sicut
3725 624 3862 679 decet

2286 725 2494 768 sanctos
2522 713 2738 785 (Ephes.
2769 729 2823 778 v,
2859 713 2915 785 ὅ)
2947 732 2960 767 :
2997 733 3016 764 ‹
3051 713 3185 777 Nisi,
3219 715 3484 783 inquiens,
3523 714 3866 785 philosopho-

2287 820 2407 859 rum
2433 807 2648 875 quidam
2674 806 2907 878 Cynicus
2926 806 3246 872 exstitisset,
3270 807 3360 877 qui
3383 809 3624 872 doceret,
3650 822 3864 863 omnem

2285 893 2647 950 titillationem
2678 897 2877 960 carnis,
2905 905 2961 951 et
2985 895 3187 951 ﬂuxum
3216 899 3438 952 seminis
3480 914 3552 952 ex
3578 897 3862 967 qualicun—

2284 1001 2389 1056 que
2419 987 2607 1041 attritu
2649 995 2903 1057 tactuque
2934 988 3240 1042 venientem
3268 988 3323 1042 in
3349 996 3597 1060 tempore
3638 1003 3753 1042 non
3792 987 3863 1043 vi-

2286 1077 2525 1142 tandum,
2557 1086 2609 1132 et
2639 1078 2879 1133 nonnulli
2901 1079 3172 1148 sapientes
3194 1078 3373 1134 saeculi
3398 1080 3452 1134 in
3482 1080 3626 1135 hanc
3653 1088 3863 1149 turpem

2284 1177 2339 1223 et
2362 1169 2785 1225 erubescendum
2825 1170 3075 1224 haeresim
3112 1169 3537 1235 consensissent,
3582 1185 3864 1239 nunquam

2282 1265 2504 1313 sanctus
2532 1257 2821 1328 Apostolus
2852 1259 3098 1314 scribens
3126 1260 3193 1314 ad
3224 1259 3505 1328 Ephesios,
3531 1261 3604 1315 ad
3630 1259 3865 1315 fornica-

2282 1349 2481 1404 tionem
2510 1349 2674 1403 etiam
2699 1364 2914 1405 omnem
2947 1350 3342 1405 immunditiam
3366 1350 3703 1420 copulasset,
3736 1353 3863 1406 sicut

2281 1443 2446 1507 decet,
2475 1443 2672 1513 inquit,
2707 1454 2915 1499 sanctos
2948 1458 2966 1496 :
3000 1459 3066 1499 ex
3102 1459 3211 1513 quo
3262 1454 3481 1500 sanctus
3530 1459 3645 1500 non
3690 1452 3866 1513 potest

2281 1532 2560 1603 appellari,
2609 1534 2919 1604 quicunque
2960 1541 3114 1590 extra
3140 1533 3553 1590 fornicationem
3596 1534 3655 1589 in
3688 1534 3863 1605 aliqua

2280 1625 2623 1680 immunditia
2647 1635 2704 1681 et
2734 1627 2962 1681 avaritia
2989 1627 3344 1698 voluptatum,
3384 1626 3585 1696 quibus
3627 1641 3695 1684 se
3728 1627 3863 1683 dele-

2281 1716 2525 1780 ctaverit,
2561 1718 2852 1773 invenitur.
2882 1717 2997 1773 Hoc
3019 1718 3157 1772 enim
3190 1720 3395 1785 scitote,
3428 1720 3611 1788 inquit
3635 1718 3865 1789 Aposto-

590 1811 866 1882 piaculare
907 1813 1189 1885 ﬂagitium,
1230 1816 1323 1886 qui
1361 1817 1476 1873 zelo
1505 1818 1841 1873 rectitudinis
1869 1818 2037 1873 utitur
2066 1832 2173 1874 non
2202 1803 2249 1864 Β
2276 1809 2380 1875 ius.
2410 1812 2534 1881 quia
2578 1812 2747 1866 omnis
2775 1813 3085 1881 fornicator.
3133 1816 3227 1866 συί
3261 1814 3590 1877 immundi“,
3622 1822 3720 1867 σαι
3752 1830 3864 1868 σεα-

590 1903 825 1976 ignorat.
857 1925 876 1958 ι
918 1905 985 1961 Et
1008 1907 1135 1962 item
1160 1908 1213 1963 in
1239 1907 1465 1978 praefato
1492 1910 1627 1965 libro
1659 1910 1875 1980 (Morel.
1901 1926 2019 1977 xxr,
2052 1928 2167 1982 cap.

589 2000 645 2073 9)
674 2019 688 2056 :
729 2022 747 2053 ‹
776 2001 833 2056 In
861 2003 1108 2071 personis
1134 2011 1310 2059 tamen
1340 2020 1447 2060 non
1484 2005 1833 2060 dissimilibus
1879 2006 2047 2061 isdem
2094 2006 2172 2061 lu-

587 2093 758 2149 xnria:
808 2094 1154 2165 distinguitur
1192 2105 1392 2162 reatus,
1454 2098 1504 2151 in
1553 2097 1747 2168 quibus
1796 2096 2172 2154 fornicationis

587 2183 761 2253 culpa,
796 2185 920 2253 quia
949 2187 1017 2240 ab
1047 2186 1297 2241 adulterii
1345 2196 1494 2241 reatu
1539 2188 1882 2252 discernitur,
1914 2189 2170 2258 praedica-

591 2274 724 2328 toris
749 2275 950 2345 egregii
980 2274 1157 2348 lingua
1185 2284 1432 2343 testatur,
1463 2278 1552 2347 qui
1582 2279 1723 2333 inter
1742 2288 1941 2333 cratera
1973 2277 2170 2333 asserit

589 2365 775 2422 dicens
804 2386 818 2422 :
851 2368 1032 2439 Neque
1076 2368 1350 2436 fornicarii
1373 2412 1386 2435 ,
1448 2388 1608 2441 neque
1655 2371 1811 2426 idolis
1857 2371 2163 2436 servientes,

589 2475 752 2531 neque
769 2459 996 2514 adulteri
1020 2477 1234 2533 regnum
1274 2461 1370 2516 Dei
1396 2462 1727 2531 possidebunt
1752 2461 1804 2533 (Ι
1828 2462 1949 2516 Cor.
1983 2477 2058 2527 vx,
2084 2460 2164 2529 9).

588 2548 739 2618 Quod
765 2550 908 2606 enim
932 2551 1212 2622 disiunctae
1240 2552 1411 2608 reatui
1441 2554 1721 2609 sententiae
1743 2552 2001 2617 subdidit,
2026 2565 2162 2622 quo-

585 2639 732 2695 niam
759 2640 913 2696 valde
938 2655 969 2696 a
1006 2656 1065 2695 se
1099 2641 1359 2698 dissideat
1393 2643 1651 2699 ostendit.
1684 2662 1703 2695 ι
1737 2643 1805 2698 Et
1830 2641 2161 2713 Augustinus

578 2732 636 2786 in
678 2730 819 2787 libro
865 2732 933 2787 de
980 2731 1128 2789 Bono
1167 2733 1400 2805 coniugii
1455 2734 1592 2805 (cap.
1641 2733 1738 2805 8):
1785 2751 1806 2785 ι
1840 2731 2037 2788 Malum
2083 2739 2167 2789 est

579 2818 885 2887 fornicatio,
913 2822 1066 2893 pejus
1091 2822 1413 2879 adulterium
1440 2841 1455 2890 ;
1479 2823 1632 2895 pejus
1651 2832 1734 2880 est
1757 2825 1901 2880 enim
1924 2824 2163 2881 alienum

579 2911 981 2967 matrimonium
1008 2914 1231 2981 violare,
1262 2929 1423 2985 quam
1449 2916 1721 2972 meretrici
1747 2917 2043 2973 adhaerere.
2092 2916 2162 2973 Et

576 3003 732 3073 peior
754 3013 839 3059 est
863 3004 1116 3075 incestus,
1142 3009 1266 3078 quia
1291 3008 1443 3079 pejus
1480 3018 1565 3066 est
1607 3027 1730 3066 cum
1777 3019 1967 3076 matre,
1998 3024 2163 3081 quam

579 3103 704 3145 cum
734 3091 904 3146 aliena
928 3107 1097 3150 uxore
1124 3096 1483 3154 concumbere
1514 3114 1527 3151 :
1564 3106 1620 3154 et
1647 3113 1860 3170 semper
1904 3099 1972 3155 de
2017 3097 2162 3155 malo

2274 1919 2388 1967 rus,
2412 1902 2552 1972 quod
2571 1912 2645 1957 est
2660 1902 2921 1958 idolorum
2944 1905 3180 1971 servitus,
3207 1921 3310 1959 non
3331 1904 3483 1958 habet
3498 1904 3862 1959 hereditatem

2273 1996 2329 2050 in
2356 2012 2511 2066 regno
2544 1994 2738 2051 Christi
2777 2007 2826 2051 et
2866 1997 2963 2051 Dei
3001 1997 3174 2069 (ibid.,
3210 1996 3293 2073 5).
3329 1995 3363 2050 ι’
3401 1997 3469 2052 Et
3506 2013 3682 2069 supra
3719 1998 3776 2052 in
3808 1996 3862 2053 li-

2271 2086 2372 2141 bro
2408 2088 2646 2142 secundo
2674 2105 2688 2142 :
2717 2088 2821 2155 Qui
2844 2089 3174 2159 desperantes
3201 2089 3499 2160 semetipsos
3523 2090 3861 2144 tradiderat!

2272 2176 2619 2246 impudicitite
2658 2179 2714 2231 in
2742 2179 3092 2248 operationem
3138 2179 3489 2234 immundilize
3530 2176 3763 2250 (Ephes.
3791 2194 3856 2245 tv,

2272 2266 2361 2338 l9)
2393 2286 2406 2321 :
2445 2284 2464 2318 ι
2493 2265 2694 2325 Omnes
2729 2268 2782 2322 in
2806 2269 3033 2323 avaritia
3061 2268 3408 2338 desperantes
3451 2284 3533 2336 se,
3568 2271 3774 2341 inquit,
3808 2271 3856 2325 in

2269 2360 2434 2413 ritum
2487 2360 2939 2416 irrationabilium
2980 2360 3279 2416 bestiarum
3306 2375 3464 2417 coeno
3493 2361 3855 2433 roraginique

2268 2460 2598 2524 mergentes,
2641 2455 2977 2511 tradiderunt
3004 2454 3349 2526 impudicitia:
3391 2462 3562 2525 atque
3599 2454 3854 2522 luxuria,

2267 2554 2554 2613 operantes
2578 2544 2839 2615 quidquid
2877 2560 3074 2616 corpus
3108 2545 3357 2612 voluerit,
3386 2561 3547 2601 mens
3575 2546 3854 2602 desidera-

2271 2635 2427 2701 verit,
2460 2635 2625 2691 libido
2667 2638 2998 2708 suggesserit
3030 2656 3042 2690 :
3075 2645 3275 2693 etcum
3302 2637 3435 2692 nihil
3460 2638 3700 2693 omnino
3728 2652 3855 2708 pra:-

2269 2728 2608 2784 termiserint
2641 2729 2785 2800 quod
2834 2728 3168 2785 immundum
3197 2730 3288 2797 sit,
3318 2729 3419 2785 hoc
3465 2737 3651 2785 totum
3683 2728 3852 2785 fecere

2267 2818 2323 2874 in
2345 2819 2571 2875 avaritia
2596 2820 2721 2874 dum
2745 2836 3020 2891 nunquam
3046 2820 3370 2876 luxuriando
3390 2828 3744 2888 saturantur,
3762 2834 3851 2878 nec

2266 2921 2453 2965 eorum
2504 2911 2792 2966 terminum
2841 2912 3007 2967 habet
3063 2911 3332 2982 voluptas,
3385 2922 3480 2968 aut
3532 2920 3695 2968 certe
3720 2911 3851 2968 ultra

2264 2986 2578 3058 concessam
2619 3002 2723 3057 viri
2754 3002 2819 3057 ad
2840 3001 3096 3059 feminam
3124 3001 3587 3073 coniunctionem,
3635 3002 3710 3057 ad
3744 3017 3849 3059 ma-

2261 3091 2381 3165 iora
2399 3095 2789 3160 conscendunt,
2821 3095 3045 3151 masculi
3074 3094 3129 3150 in
3158 3094 3427 3151 masculos
3454 3094 3849 3165 turpitudinem

576 3179 645 3237 ad
669 3178 846 3251 pejus,
875 3181 1044 3239 donec
1086 3181 1156 3240 ad
1197 3200 1261 3242 ea
1303 3187 1670 3257 perveniatur,
1715 3205 1854 3260 qum,
1899 3188 2041 3245 sicut
2084 3188 2163 3244 ait
2189 3176 2235 3240 C
2267 3193 2576 3256 operantes.
2617 3201 2636 3237 ι
2676 3185 2974 3255 Turpitudo
2999 3185 3142 3241 enim
3170 3193 3275 3250 est,
3311 3193 3370 3240 ut
3399 3184 3547 3240 idem
3579 3184 3847 3241 doctoris

576 3272 883 3345 Apostolus,
913 3285 1062 3348 turpe
1085 3286 1161 3333 eet
1184 3279 1343 3335 etiam
1364 3280 1535 3336 dicere
1557 3279 1773 3352 (Ephes.
1800 3281 1994 3353 v,12).
2029 3302 2050 3336 ι
2090 3281 2158 3340 Et

577 3371 798 3421 sanctus
820 3362 1137 3423 Ambrosius
1182 3368 1238 3423 in
1284 3367 1423 3425 libro
1470 3369 1537 3426 de
1580 3369 1852 3427 Abraham
1890 3372 2004 3444 (lib.
2036 3388 2075 3439 ι,
2107 3388 2156 3429 c.

575 3453 632 3525 6)
667 3473 680 3511 :
721 3473 741 3509 ι
775 3453 1050 3514 Oﬂ‘erebat
1071 3467 1293 3515 sanctus
1311 3456 1415 3515 Lot
1440 3457 1671 3517 filiarum
1699 3462 1974 3532 pudorem.
2016 3460 2155 3520 Nam

573 3547 677 3605 etsi
698 3548 788 3605 illa
811 3564 1026 3622 quoque
1052 3550 1315 3624 ﬂagitiosa
1355 3554 1643 3625 impuritas
1680 3564 1818 3624 erat,
1848 3566 2028 3615 tamen
2057 3558 2160 3614 mi—

576 3652 680 3694 nus
722 3648 844 3695 erat
887 3641 1183 3697 secundum
1208 3650 1465 3701 naturam
1484 3645 1654 3711 coire,
1679 3660 1843 3716 quam
1870 3647 2155 3704 adversum

574 3736 824 3785 naturam
855 3730 1245 3802 derelinquere.
1268 3752 1287 3786 ι
1331 3732 1398 3788 Et
1426 3733 1558 3790 item
1595 3736 1648 3790 in
1681 3735 1920 3806 Epistola
1952 3738 2018 3792 ad
2053 3736 2156 3793 Co-

575 3820 809 3878 rinthios
861 3830 998 3895 (cap.
1051 3822 1150 3895 7):
1184 3844 1202 3878 ι
1253 3823 1312 3881 Si
1358 3835 1539 3883 tamen
1586 3837 1855 3901 apostatet
1911 3831 2016 3899 vir,
2060 3840 2155 3889 aut

572 3927 730 3967 usum
765 3924 970 3984 quaerat
1009 3916 1193 3973 uxoris
1238 3917 1529 3986 invertere,
1574 3936 1674 3977 nec
1720 3922 1809 3977 alii
1841 3931 2017 3992 potest
2055 3939 2155 3979 nu-

573 4003 704 4059 bere
731 4004 945 4072 mulier,
977 4021 1077 4064 nec
1119 4009 1320 4065 reverti
1362 4009 1429 4064 ad
1459 4010 1626 4067 illum.
1663 4032 1683 4066 ι
1740 4013 1865 4070 Haec
1893 4016 1959 4070 ad
1995 4031 2154 4087 exag-

572 4097 905 4168 gerationem
929 4100 1175 4156 criminis
1201 4101 1424 4158 collecta
1457 4113 1601 4171 sunt,
1634 4116 1693 4161 ut
1715 4106 1842 4164 hinc
1868 4108 2153 4180 colligatur

569 4202 831 4262 quantum
870 4195 996 4251 mali
1023 4197 1095 4253 sit
1120 4198 1306 4255 fratris
1334 4215 1457 4255 cum
1482 4217 1669 4258 sorore
1694 4204 1956 4272 incestus,
1985 4204 2149 4261 etiam

568 4283 856 4339 concubitu
885 4285 1107 4341 masculi
1136 4284 1509 4357 Sodomitano,
1541 4291 1585 4347 si
1622 4290 1761 4349 forte
1794 4309 1959 4350 causa
1988 4295 2059 4350 ita
2091 4310 2150 4353 se

567 4371 750 4441 habet,
778 4389 899 4444 quae
920 4383 1155 4448 utraque
1180 4392 1279 4448 per
1314 4394 1373 4436 se
1406 4391 1717 4453 perpetrata
1766 4384 1821 4439 in
1866 4384 2151 4457 Heptatieo

565 4471 742 4518 morte
757 4463 987 4520 Domino
1000 4467 1345 4540 praecipiente
1357 4471 1655 4529 multantur
1670 4492 1683 4527 :
1700 4482 1754 4529 et
1765 4490 1952 4531 eorum
1972 4491 2147 4533 asser-

2265 3279 2424 3335 tertio
2473 3287 2618 3336 tomo
2677 3278 2917 3350 ejusdem
2947 3278 3184 3350 epistolae
3232 3278 3471 3350 exponit,
3526 3277 3847 3335 abscondita

2264 3372 2541 3441 cogitatio,
2572 3388 2696 3429 cum
2724 3371 3089 3428 inﬂammatur
3132 3385 3327 3430 sensus
3351 3373 3417 3427 ad
3455 3371 3770 3439 libidinem,
3796 3377 3846 3427 et

2261 3462 2444 3519 carnis
2486 3462 2880 3519 titillationibus
2916 3463 3094 3518 anima
3160 3464 3331 3533 ignita
3378 3464 3755 3527 succenditur,
3795 3470 3845 3518 et

2260 3551 2614 3608 nihilominus
2640 3552 2731 3608 Dei
2758 3553 2953 3609 timore
2981 3561 3037 3608 et
3062 3553 3259 3609 mentis
3280 3552 3489 3625 iudicio
3512 3551 3840 3608 refrenatur.

2259 3640 2415 3698 Unde
2439 3650 2675 3709 constat,
2696 3643 2824 3714 quia
2846 3643 2986 3699 sicut
3010 3642 3153 3698 idem
3175 3642 3308 3698 dicit
3328 3641 3626 3712 Apostolus
3648 3643 3718 3698 ad
3744 3640 3843 3697 ﬂo-

2258 3747 2478 3800 manos,
2506 3748 2628 3790 cum
2650 3733 2872 3790 masculi
2899 3735 2953 3789 in
2981 3734 3271 3802 masculos,
3300 3734 3384 3790 vel
3418 3733 3642 3789 feminae
3672 3734 3727 3790 in
3761 3732 3836 3789 fe-

2255 3825 2451 3892 minas,
2502 3825 2615 3882 sive
2648 3825 2874 3881 masculi
2905 3826 2957 3881 in
3000 3825 3250 3892 feminas,
3281 3825 3369 3880 vel
3389 3825 3623 3895 quilibet
3657 3841 3756 3897 per
3782 3841 3838 3883 se

2256 3917 2402 3988 ipsos
2455 3919 2615 3973 modo
2652 3916 2892 3988 quolibet
2941 3918 3335 3989 turpitudinem
3385 3925 3707 3989 operantur,
3738 3918 3836 3972 im-

2254 4010 2517 4066 munditia
2537 4018 2640 4078 est,
2669 4025 2790 4081 quae
2812 4018 3028 4080 separat
3054 4019 3367 4080 operantem
3387 4024 3416 4063 a
3443 4024 3617 4079 regno
3645 4008 3764 4074 Dei,
3786 4016 3837 4063 et

2254 4099 2310 4155 in
2359 4100 2567 4156 inferna
2602 4101 2884 4171 demergit,
2933 4101 3073 4157 sicut
3107 4100 3279 4156 isdem
3322 4100 3451 4156 dicit
3492 4100 3831 4171 Apostolus:

2254 4190 2439 4249 Omnis
2462 4193 2771 4265 fornicator,
2794 4206 2885 4248 aut
2906 4194 3230 4258 immundus,
3255 4210 3356 4249 non
3383 4194 3539 4248 habet
3558 4193 3832 4248 hceredita—

2254 4293 2356 4339 tem
2388 4285 2442 4339 in
2485 4302 2642 4356 regno
2688 4282 2881 4340 Christi
2922 4296 2970 4340 et
2996 4285 3112 4341 Dei.
3142 4284 3295 4341 Unde
3324 4294 3379 4341 et
3401 4285 3643 4341 Isidorus
3666 4285 3719 4339 in
3749 4299 3829 4340 se-

2252 4373 2428 4430 cundo
2459 4374 2600 4431 libro
2628 4374 3032 4433 Sententiarum
3068 4376 3241 4432 dicit:
3279 4395 3298 4428 ι
3335 4375 3527 4434 Omnis
3553 4377 3824 4432 immunda

2250 4464 2473 4534 pollutio
2499 4465 2784 4523 fornicatio
2814 4467 3031 4534 dicitur,
3057 4468 3304 4539 quamvis
3329 4467 3561 4539 quisque
3608 4468 3823 4523 diversa

568 4553 644 4608 tio
657 4553 1036 4611 nefandissima
1052 4537 1381 4628 destruatur,
1397 4564 1487 4634 qui
1504 4574 1753 4621 astruunt
1767 4582 1874 4623 non
1889 4582 2009 4623 esse
2020 4584 2141 4626 sce-

2264 4556 2599 4627 turpitudinis
2639 4559 2912 4629 voluptate
2953 4537 3439 4630 prostituamriEx
3470 4537 3821 4616 delectatione

565 4644 648 4700 lus
675 4644 1106 4715 Sodomitanum,
1137 4651 1239 4708 nisi
1260 4656 1474 4725 quando
1499 4656 1639 4713 intra
1660 4673 1877 4730 corpus,
1902 4658 1955 4715 id
1983 4669 2065 4716 est
2087 4661 2141 4717 in

564 4736 808 4794 membro
821 4736 1065 4795 obscena:
1078 4743 1250 4812 partis
1260 4760 1553 4816 corporeae,
1569 4746 1817 4805 videlicet
1829 4748 1967 4805 intra
1984 4766 2142 4822 aqua-

560 4825 779 4883 liculum
798 4829 1099 4888 fornicatur
1116 4876 1131 4901 ,
1154 4837 1295 4892 male
1308 4846 1360 4894 et
1374 4838 1665 4910 improprie
1683 4844 1993 4901 testimonio
2008 4845 2141 4901 abu-

560 4922 736 4974 tentes
747 4916 985 4989 Apostoli
1001 4938 1014 4978 :
1035 4922 1199 4979 Omne
1211 4931 1829 5004 peccatumquodcunque
1846 4934 2025 5004 fecerit
2039 4936 2136 4991 ho-

559 5023 664 5073 mo,
687 5008 855 5083 629
878 5023 1025 5068 extra
1057 5032 1244 5087 corpus
1280 5027 1357 5072 est
1380 5032 1399 5071 .'
1426 5023 1515 5091 qui
1548 5031 1719 5076 autem
1749 5024 2063 5092 fornicatur,
2084 5027 2141 5083 in

454 5134 465 5147 .
562 5114 749 5169 corpus
774 5119 928 5158 suum
953 5117 1127 5175 peccat
1150 5107 1200 5179 (I
1231 5107 1354 5163 Cor.
1390 5125 1464 5176 γι,
1512 5111 1621 5184 18).
1656 5112 1760 5169 Sed
1787 5116 1908 5172 talis
1932 5126 2037 5183 est,
2084 5127 2142 5174 ut

562 5192 736 5257 aiunt,
768 5191 1072 5263 huiusmodi
1114 5197 1358 5267 pollutio,
1381 5215 1445 5256 ac
1482 5201 1526 5256 si
1563 5204 1627 5257 de
1657 5204 1824 5276 digito
1853 5222 1951 5262 suo
1978 5206 2139 5264 fricet

558 5284 874 5354 quislutum
912 5302 1007 5356 per
1028 5304 1245 5344 manum
1276 5307 1449 5358 suam,
1487 5294 1570 5349 vel
1594 5295 1734 5350 inter
1760 5296 1965 5353 femora
2010 5314 2133 5368 sua,

557 5385 612 5431 et
633 5393 695 5433 ex
725 5380 912 5434 eodem
960 5380 1071 5435 luto
1105 5398 1322 5437 manum
1358 5400 1508 5440 suam
1541 5386 1763 5442 abluat:
1803 5388 2053 5446 similiter
2078 5403 2134 5449 et

558 5475 674 5529 haec
701 5472 921 5538 femina,
963 5486 1089 5548 post
1138 5478 1388 5535 balneum
1430 5483 1498 5537 ab
1528 5485 1630 5541 hac
1682 5485 1976 5555 pollutione
2023 5488 2130 5545 lota

557 5565 776 5638 penitus
810 5568 1037 5625 exstitit.
1072 5570 1172 5638 Qui
1219 5572 1333 5628 hazc
1364 5575 1569 5640 dicunt,
1597 5592 1702 5632 non
1731 5578 2006 5645 catholici,
2040 5583 2132 5636 sed

556 5652 766 5726 Cynici,
798 5660 849 5713 id
889 5671 970 5715 est
1008 5671 1225 5731 propter
1247 5664 1630 5733 impudentiam
1676 5671 1859 5724 canini
1892 5672 2133 5728 haeretici

561 5751 689 5802 Sunt
720 5746 969 5823 habendi,
1011 5752 1147 5809 sicut
1175 5763 1396 5811 sanctus
1426 5755 1783 5825 Hieronymus
1808 5761 1862 5816 in
1894 5760 2134 5824 Epistola

2249 4647 2394 4702 enim
2447 4646 2752 4705 fornicandi
2824 4650 2972 4705 varia
3032 4651 3324 4722 gignuntur
3370 4649 3600 4721 ﬂagitia,
3639 4649 3820 4721 quiin:

2248 4751 2475 4810 regnum
2504 4739 2599 4795 Dei
2619 4739 2904 4808 clauditur,
2929 4748 2984 4798 et
3004 4743 3166 4797 homo
3187 4757 3218 4795 a
3240 4741 3352 4797 Deo
3377 4750 3684 4811 separatur.
3718 4762 3736 4793 ι
3762 4740 3819 4798 Et

2248 4840 2466 4886 sanctus
2477 4830 2710 4904 Prosper
2729 4833 2783 4888 in
2804 4833 2942 4889 libro
2955 4835 3021 4890 de
3042 4832 3345 4891 Virtutibus
3364 4844 3418 4891 et
3432 4834 3628 4891 Vitiis:
3653 4857 3670 4889 ‹
3692 4836 3815 4892 Hinc

2247 4922 2391 4994 quod
2425 4921 2514 4978 ille
2551 4924 2795 4994 corporis
2839 4923 3038 4990 ﬂuxus,
3089 4926 3180 4995 qui
3222 4925 3280 4980 lit
3335 4926 3388 4980 in
3433 4926 3820 4984 dormientibus

2251 5017 2369 5074 sine
2391 5016 2566 5087 culpa,
2598 5017 2865 5073 interdum
2891 5018 3236 5088 vigilantibus
3262 5018 3428 5090 630
3456 5023 3739 5093 contingat
3759 5036 3815 5077 ex

2250 5108 2426 5179 culpa.
2449 5108 2525 5165 Ibi
2550 5109 2868 5165 naturaliter
2888 5093 3221 5180 plenitudine
3248 5112 3493 5166 humoris
3516 5113 3816 5183 expellitur,

2247 5202 2338 5257 hic
2367 5200 2595 5270 turpiter
2614 5202 3046 5272 concupiscentia
3069 5203 3389 5273 publicatur.
3424 5202 3532 5258 Sed
3558 5207 3676 5260 haec
3703 5221 3819 5259 con-

2248 5294 2579 5363 cupiscentia
2604 5295 2705 5349 illis
2731 5294 3077 5365 vigilantibus
3101 5297 3244 5350 hunc
3271 5295 3418 5350 elicit
3449 5293 3684 5361 ﬂuxum,
3709 5298 3819 5368 qui-

2245 5384 2347 5436 bus
2369 5398 2462 5451 per
2498 5384 2638 5437 fteda
2683 5383 2948 5452 colloquia
2988 5386 3263 5439 sordidum
3298 5396 3612 5441 commovet
3665 5401 3818 5458 appe-

2244 5474 2420 5528 titum.
2453 5494 2470 5525 ι
2502 5474 2651 5529 [huic
2678 5477 2954 5529 sordidum
2978 5478 3273 5546 appetitum
3307 5477 3510 5532 habent
3547 5479 3714 5533 etiam
3742 5478 3815 5533 fe-

2247 5566 2420 5627 mina),
2453 5574 2509 5618 ut
2553 5582 2827 5635 exponens
2874 5567 3185 5637 Apostolum
3219 5569 3345 5623 dicit
3393 5569 3736 5635 Ambrosius,
3764 5573 3811 5626 in

2243 5654 2472 5710 feminas
2500 5659 2883 5726 turpitudinem
2910 5668 3196 5728 operantes
3230 5659 3401 5729 (Rom.
3438 5665 3502 5730 ι).
3537 5663 3669 5730 Quae
3696 5678 3807 5719 car-

2246 5761 2368 5803 nem
2412 5747 2479 5803 ad
2532 5763 2770 5815 carnem,
2804 5764 2907 5804 non
2945 5760 3121 5806 autem
3162 5751 3396 5822 genitale
3421 5756 3607 5810 carnis
3650 5767 3793 5810 metu-
