4026 6340
1130 379 1582 445 DEDIVORTIO
1621 378 1954 438 LOTHARll
1995 381 2085 436 ET
2127 381 2541 465 ΤΕΤΒΕΒΟΆΕτ

3351 390 3457 449 694

185 504 357 560 brum
384 499 535 556 intra
560 512 777 555 carnem
807 497 1050 560 alterius,
1082 498 1290 552 factura
1331 495 1649 568 prohibente
1675 511 1772 551 na-
1801 499 1852 560 Α
1877 510 2069 549 verum
2100 504 2155 551 ct
2184 497 2517 563 idololatrize,
2564 498 2716 569 cujus
2763 499 2998 557 mercedi
3048 482 3174 557 sunt
3222 503 3454 573 reddita,

186 604 349 659 tune,
380 594 603 650 mittunt
631 611 643 648 :
670 591 763 648 sed
791 590 1089 646 naturalem
1120 590 1344 662 hujusce
1376 589 1544 661 partis
1582 604 1778 660 corpo-

189 703 305 744 rea:
354 703 510 744 nsunt
548 688 604 741 in
650 701 775 743 eum
804 701 963 740 usum
1017 684 1108 755 qui
1163 694 1247 740 est
1296 693 1486 740 contra
1526 691 1777 738 naturam

185 786 533 834 commutant
564 797 576 832 :
608 793 728 849 mue
752 778 1006 833 dicuntur
1041 778 1303 849 quasdam
1334 776 1613 832 machinas
1659 776 1775 831 dia-

184 872 384 927 halica:
408 856 738 941 operationis
765 871 1116 927 nihilominus
1143 872 1209 925 ad
1225 872 1626 926 exmstuandam
1656 870 1775 926 libi-

184 966 374 1020 dinem
396 965 638 1037 operari;
661 972 717 1020 et
738 974 915 1020 tamen
945 965 1278 1021 fornicantes
1309 966 1360 1019 in
1393 980 1590 1035 corpus
1616 978 1773 1020 suum
1812 952 1815 955 ’

184 1064 442 1126 peccant.
471 1053 733 1111 Similiter
760 1063 816 1110 et
838 1055 1065 1110 masculi
1096 1056 1151 1110 in
1183 1056 1456 1113 masculos
1491 1055 1776 1125 turpitudi-

184 1164 317 1207 nem
345 1158 655 1227 operantes,
696 1150 750 1206 id
774 1157 859 1206 est
887 1148 1139 1207 ardorem
1194 1148 1430 1204 libidinis
1472 1136 1773 1219 evaporan-

186 1252 307 1307 tes,
352 1250 408 1297 et
454 1240 777 1314 voluptatem
835 1243 1038 1307 carnis,
1087 1258 1206 1314 qua:
1275 1258 1334 1298 se
1379 1241 1631 1305 delectat,
1677 1257 1773 1295 cx-

181 1333 421 1404 plentes,
467 1336 560 1404 qui
592 1334 658 1390 ab
698 1333 956 1405 Apostolo
987 1334 1347 1390 masculorum
1388 1330 1770 1389 concubitores

185 1424 550 1495 appellantur,
574 1435 630 1479 et
659 1425 850 1481 molles
870 1425 923 1496 (Ι
950 1424 1073 1480 Cor.
1112 1423 1211 1495 vr),
1241 1425 1330 1495 qui
1379 1424 1505 1479 huic
1538 1424 1769 1495 turpitu-

183 1514 299 1570 dini
331 1514 649 1584 voluptuose
670 1515 1047 1573 succumbunt.
1084 1516 1189 1572 Sed
1228 1525 1280 1572 et
1303 1517 1393 1587 qui
1428 1514 1565 1572 tollit
1592 1530 1767 1571 mem-

180 1603 282 1659 bra
312 1602 516 1660 Christi
545 1605 677 1680 facit
704 1606 948 1662 membra
979 1608 1305 1673 meretricis,
1336 1609 1619 1663 adhzerens
1651 1621 1766 1663 me-
1798 1601 1803 1607 ’

183 1701 394 1767 retrici,
442 1716 563 1757 cum
616 1718 722 1773 qua
788 1718 953 1757 unum
1012 1718 1207 1772 corpus
1256 1699 1504 1757 ellicitur.
1560 1700 1623 1754 Et
1670 1700 1763 1770 qui

182 1809 306 1851 cum
339 1795 451 1849 Deo
476 1802 703 1860 sacrata,
740 1794 827 1849 vel
854 1810 977 1851 cum
1016 1803 1266 1863 cognata,
1290 1803 1343 1849 et
1370 1810 1491 1849 cum
1514 1809 1575 1850 ea
1598 1808 1762 1864 quam

1877 596 1937 642 ut
1964 588 2202 644 ostendit
2252 590 2559 660 Apostolus,
2610 594 2960 663 deputantur,
3003 594 3145 650 sicut
3192 596 3455 666 scriptum

1876 690 1958 736 est
1976 682 2041 735 de
2060 680 2289 752 gulosis:
2308 681 2544 747 Quorum
2561 682 2704 738 Deus
2725 693 2899 739 venter
2914 694 2988 739 est
3005 685 3223 757 (Philip.
3240 703 3323 750 ιιι,
3340 687 3451 759 l5),

1876 781 1932 829 et
1957 773 2022 828 de
2043 772 2357 841 luxuriosis,
2388 784 2436 827 et
2460 775 2627 845 gloria
2658 778 2713 831 in
2735 779 3044 848 confusione
3083 782 3317 850 ipsorum
3361 781 3455 851 qui

1874 870 2079 918 terrena
2094 866 2305 935 sapiunt
2325 862 2549 935 (Philip.
2568 883 2623 932 v,
2640 867 2748 934 l9):
2766 868 2935 924 Deum
2951 870 3150 941 quippe
3173 870 3453 940 Scriptura

1875 956 2100 1027 gloriam
2152 958 2461 1028 appellavit,
2491 974 2611 1030 quae
2648 960 2817 1016 dicit:
2850 961 3181 1018 Mutaverunt
3229 963 3455 1035 gloriam

1872 1064 2023 1102 suam
2045 1049 2101 1103 in
2122 1049 2521 1105 similitudinem
2545 1050 2693 1106 vituli
2719 1054 3034 1109 comedenti:
3061 1055 3240 1125 fenum
3278 1054 3450 1126 (Prol.

1872 1128 1957 1205 (ἐν,
1988 1141 2113 1211 20);
2160 1152 2215 1198 et
2250 1142 2317 1198 de
2346 1142 2594 1209 avaritia,
2647 1159 2764 1214 qua:
2811 1154 2887 1198 est
2930 1144 3195 1199 idolorum
3233 1146 3453 1201 servitus

1873 1233 2090 1306 (Ephes.
2117 1251 2171 1300 v,
2196 1232 2272 1306 5),
2302 1234 2586 1307 Scriptura
2614 1244 2865 1292 testatur.
2910 1236 3003 1293 Sic
3029 1246 3085 1292 et
3110 1238 3176 1293 de
3202 1238 3340 1302 aliis,
3367 1247 3452 1293 at-

1870 1339 1976 1393 que
2010 1338 2075 1381 ex
2107 1325 2245 1389 aliis,
2276 1326 2553 1383 studiosus
2580 1327 2751 1384 lector
2779 1329 2833 1382 in
2863 1328 3164 1400 Scripturis
3193 1329 3450 1384 inveniet.

1869 1414 1947 1470 De
1975 1418 2175 1471 aborsu
2222 1432 2352 1474 vero
2396 1419 2448 1473 in
2495 1419 2684 1476 Exodo
2726 1421 2988 1491 scriptum
3029 1430 3150 1475 est:
3183 1420 3244 1477 Si
3280 1420 3455 1491 litiga-

1870 1506 1995 1560 bunt
2024 1508 2128 1561 duo
2158 1509 2272 1576 viri,
2299 1519 2349 1564 et
2373 1512 2682 1579 percusserit
2704 1512 2977 1567 mulierem
3001 1514 3057 1567 in
3083 1522 3229 1567 utero
3258 1513 3455 1568 haben-

1867 1606 1988 1661 tem,
2019 1608 2067 1653 et
2093 1601 2275 1655 exierit
2322 1600 2502 1670 infans
2542 1602 2656 1671 ejus
2702 1604 2932 1657 nondum
2973 1604 3251 1674 famulus,
3292 1603 3455 1657 detri-

1867 1705 2098 1749 mentum
2145 1696 2375 1765 patietur
2416 1708 2670 1768 quantum
2714 1700 2966 1755 indixerit
3002 1702 3079 1754 vir
3105 1700 3360 1765 mulieris,
3402 1710 3455 1755 et

1865 1785 2011 1841 dabit
2055 1803 2172 1840 cum
2212 1787 2583 1856 postulatione.
2629 1787 2688 1845 Si
2730 1800 2904 1845 autem
2960 1792 3219 1862 formatus
3269 1792 3449 1861 fuerit,

182 1895 448 1958 cognatus
494 1888 697 1953 habuit,
733 1887 816 1943 vel
864 1904 986 1943 cum
1016 1860 1182 1942 uxore
1228 1860 1474 1953 alterius,
1517 1860 1763 1941 aut—cum
1791 1860 1841 1922 Β
1867 1875 2013 1930 dabit
2044 1878 2277 1932 animum
2309 1896 2403 1949 pro
2444 1882 2621 1935 anima
2653 1879 2850 1952 (Exod.
2878 1860 2988 1942 xxi.
3018 1882 3108 1947 22,
3138 1860 3273 1953 25).
3296 1884 3361 1936 Et
3383 1884 3453 1939 de

180 1993 403 2050 pecore,
451 1995 544 2036 seu
583 1995 707 2049 cum
750 1979 950 2050 femina
989 1990 1177 2037 contra
1222 1988 1465 2037 naturam
1502 1978 1765 2052 ﬂagitiose

182 2083 398 2146 peccat,
444 2075 530 2130 vel
554 2076 644 2146 qui
673 2076 1046 2146 semetipsum,
1094 2090 1189 2147 per
1215 2090 1294 2138 se,
1348 2090 1509 2128 manu
1543 2072 1628 2129 vel
1659 2073 1764 2128 alio

182 2168 425 2238 quolibet
442 2169 600 2224 modo
625 2169 834 2238 polluit,
859 2169 1109 2226 ardorem
1133 2169 1369 2225 libidinis
1388 2166 1632 2238 explens,
1657 2164 1764 2221 for-

180 2262 420 2326 nicatur,
442 2272 496 2318 et
527 2271 679 2318 tanto
708 2263 1089 2329 damnabilius,
1114 2270 1169 2317 et
1207 2263 1331 2318 inde
1363 2262 1416 2316 in
1438 2260 1613 2332 poenis
1640 2275 1760 2332 gra-

176 2352 320 2418 vius,
353 2352 401 2411 si
427 2352 587 2423 digne
615 2368 722 2408 non
755 2353 1092 2424 paenituerit,
1120 2354 1553 2419 tormentandus,
1580 2368 1760 2422 quan-

180 2444 490 2515 toquisque
531 2452 723 2500 contra
768 2454 1022 2500 naturam
1069 2445 1387 2501 sceleratius
1450 2445 1503 2499 in
1564 2458 1764 2514 corpus

172 2551 331 2591 suum
364 2545 555 2606 peccat
581 2554 594 2590 :
624 2536 753 2608 quia
776 2546 837 2593 ut
865 2546 1087 2594 sanctus
1110 2536 1462 2610 Augustinus,
1495 2546 1550 2592 et
1576 2536 1761 2594 caeteri

172 2627 427 2683 doctores
470 2636 771 2699 exponunt,
810 2628 862 2684 in
913 2630 1218 2699 cxpletione
1267 2630 1645 2685 fornicationis
1684 2631 1761 2685 ita

172 2733 301 2773 cum
327 2734 558 2789 corpore
595 2727 652 2775 et
686 2734 837 2775 mens
893 2722 1128 2777 carnalis
1158 2721 1371 2793 penitus
1412 2722 1759 2790 absorbetur,

171 2819 235 2865 ut
270 2810 407 2865 nihil
436 2810 580 2866 aliud
621 2819 750 2869 tunc
796 2812 880 2867 vel
909 2816 1150 2885 cogitare
1193 2815 1500 2888 praevaleat.
1542 2814 1608 2871 Et
1636 2828 1764 2884 pec-

175 2909 362 2959 catum
406 2902 510 2959 hoc
538 2918 649 2959 non
679 2911 882 2977 tantum
912 2905 1195 2977 conﬁngit,
1232 2914 1494 2976 quantum
1521 2904 1763 2977 possidet

171 2996 467 3067 polluendo
491 3011 689 3067 corpus
716 3005 771 3053 et
797 2998 1035 3052 animam
1064 3015 1076 3051 :
1108 2999 1175 3052 de
1201 3013 1307 3068 quo
1332 3013 1454 3052 cum
1485 3006 1760 3068 pertrans-

174 3088 241 3144 iit
273 3097 451 3153 actus,
480 3088 618 3144 adeo
659 3097 842 3146 manet
876 3100 1079 3155 reatus,
1110 3096 1171 3143 ut
1206 3098 1262 3142 ct
1286 3089 1426 3144 inter
1448 3090 1615 3160 ipsius
1642 3102 1759 3158 poe-

173 3181 421 3237 nitentiae
452 3182 684 3254 gemitus
731 3182 935 3247 stimuli
966 3181 1212 3253 pristiam
1260 3180 1636 3237 delectationis
1661 3179 1758 3234 mi-

171 3275 484 3333 serabiliter
523 3276 733 3333 soleant
756 3276 1007 3343 excitari,
1039 3284 1095 3331 et
1124 3273 1310 3330 talium
1356 3274 1598 3329 Omnium
1629 3272 1759 3329 faci-

172 3383 373 3424 norum
420 3376 752 3438 patratores,
799 3368 940 3424 sicut
984 3373 1216 3421 testatur
1245 3363 1555 3437 Apostolus,
1581 3361 1762 3419 exclu-

169 3461 426 3517 duntura
441 3476 610 3533 regno
630 3460 750 3527 Dei,
767 3460 872 3517 nisi
889 3467 1181 3530 antequam
1201 3458 1265 3513 de
1287 3471 1513 3528 corpore
1537 3465 1754 3520 exeant,

169 3567 273 3625 per
313 3550 617 3609 luctuosam
666 3550 1062 3609 confessionem
1092 3558 1148 3607 et
1191 3547 1440 3621 profusas
1467 3548 1757 3620 lacrymas,

172 3656 344 3717 atauo
366 3645 833 3717 eleemosynarum
878 3644 1245 3717 largitionem,
1268 3643 1562 3715 dignosque
1584 3640 1761 3712 paeni-

170 3738 362 3794 tentia
385 3735 617 3803 fructus,
643 3752 769 3795 cum
803 3736 971 3793 multa
1006 3734 1296 3792 alllictione
1319 3734 1523 3798 carnis,
1547 3742 1602 3789 et
1630 3746 1760 3787 con-

172 3829 401 3886 tritione
444 3829 688 3899 spiritus,
720 3837 996 3885 tantorum
1036 3828 1256 3884 abluere
1288 3824 1595 3882 studuerint
1643 3838 1758 3878 ma-

171 3919 328 3975 culas
363 3918 675 3975 criminum.
713 3916 883 3974 Nemo
912 3918 1079 3989 igitur
1100 3918 1264 3984 dicat,
1294 3932 1409 3986 ,non
1440 3922 1757 3986 perpetrare

171 4024 301 4064 eum
343 4016 625 4079 peccatum
659 4008 1090 4074 Sodomitanum,
1131 4008 1223 4077 qui
1268 4015 1458 4062 contra
1506 4014 1754 4060 naturam

171 4101 229 4157 in
258 4100 558 4157 masculum
585 4100 668 4156 vel
692 4102 747 4157 in
771 4099 1029 4159 feminam
1058 4100 1446 4170 turpitudinem
1476 4106 1753 4170 operatur,

172 4199 231 4246 et
264 4190 475 4257 attritu,
502 4190 587 4248 vel
623 4198 849 4257 attactu,
884 4206 977 4247 seu
1010 4200 1155 4246 motu
1186 4188 1479 4259 impudico,
1517 4203 1587 4244 ex
1624 4186 1754 4242 deli-

170 4283 460 4339 beratione
489 4291 547 4339 et
571 4284 750 4339 studio
780 4283 1089 4338 immundus
1113 4280 1345 4337 efﬁcitur
1373 4297 1386 4334 :
1421 4280 1534 4351 qui,
1568 4289 1626 4333 ut
1660 4279 1756 4336 do-

168 4380 263 4430 cet
310 4372 625 4443 Apostolus,
670 4390 701 4427 a
748 4388 913 4444 regno
965 4372 1059 4428 Dei
1110 4371 1437 4436 excluditur,
1485 4385 1608 4425 cum
1649 4368 1754 4425 alia

166 4464 338 4520 etiam
363 4475 609 4535 peccata,
633 4475 828 4523 contra
844 4463 966 4533 jura
981 4471 1188 4519 natura:
1213 4471 1488 4533 usurpata,
1505 4461 1756 4517 Sodoma:

166 4562 423 4624 reputata
466 4553 795 4610 Sodomitica
822 4553 1178 4625 appellentur,
1206 4553 1418 4608 dicente
1459 4553 1525 4609 ad
1553 4551 1744 4607 civita-

1867 1974 2129 2036 conceptu
2156 1966 2213 2021 in
2244 1966 2536 2040 Evangelio
2579 1969 2839 2041 scriptum
2871 1978 2994 2025 est:
3029 1971 3181 2036 Quod
3216 1972 3353 2025 enim
3394 1972 3451 2027 in

1864 2070 1925 2121 ea
1948 2068 2133 2110 natum
2164 2066 2241 2111 est
2279 2056 2496 2129 (Matth.
2530 2075 2570 2125 ι,
2597 2058 2713 2137 29),
2740 2061 2885 2131 quod
2910 2061 3027 2115 sine
3050 2060 3236 2126 dubio,
3268 2070 3326 2116 ut
3352 2078 3451 2118 ex-

1862 2147 2020 2218 ponit
2056 2145 2375 2219 Gregorius,
2418 2160 2722 2221 eoneeptum
2765 2160 2840 2205 est
2877 2152 3093 2207 dicitur.
3135 2150 3269 2207 Nam
3321 2162 3450 2209 tunc

1862 2238 2102 2309 primum
2155 2237 2354 2312 Ioseph
2412 2242 2667 2299 haesitare
2718 2245 2918 2313 erepit,
2968 2244 3096 2315 quia
3149 2254 3452 2300 tumentem

1864 2346 2080 2402 sponsa:
2117 2347 2228 2389 suae
2259 2343 2473 2390 uterum
2516 2335 2668 2391 vidit.
2701 2335 2840 2392 Hinc
2869 2334 3210 2392 revolvamus
3229 2352 3297 2392 ex
3330 2336 3451 2408 lego

1864 2423 2136 2493 quomodo
2172 2424 2268 2480 fiat
2299 2427 2597 2482 secundum
2625 2437 2877 2483 natumut
2901 2429 3199 2500 conceptio.
3232 2428 3446 2496 Mulier,

1864 2514 2060 2586 inquit,
2089 2533 2207 2588 qua:
2232 2526 2470 2590 suscepto
2499 2519 2696 2575 semine
2725 2521 2980 2592 pepererit
3014 2520 3307 2575 masculum
3338 2523 3449 2577 sive

1864 2604 2112 2673 {culinam
2166 2602 2309 2680 (Leu.
2339 2626 2438 2677 xu,
2466 2610 2543 2683 Ι),
2594 2620 2650 2666 et
2692 2613 2758 2668 de
2791 2613 3156 2683 parturitione
3186 2613 3297 2668 sive
3327 2613 3438 2668 for-

1862 2698 2018 2763 mati,
2044 2700 2176 2766 sive,
2210 2712 2269 2756 ut
2305 2702 2686 2772 praemisimus,
2717 2703 3012 2772 informati,
3055 2706 3199 2774 quod
3219 2705 3440 2774 mulier,

1863 2782 1979 2843 sive
2012 2789 2317 2855 masculini,
2350 2792 2464 2848 sive
2499 2792 2745 2850 feminini
2775 2795 3011 2866 generis,
3061 2796 3202 2867 parit
3230 2796 3314 2852 vel
3347 2798 3447 2854 ab-

1861 2881 2011 2948 ortit,
2041 2884 2298 2953 scriptum
2327 2894 2410 2941 est
2435 2905 2447 2940 :
2477 2885 2643 2943 Omne
2662 2888 2802 2959 quod
2821 2891 2988 2960 aperit
3009 2888 3211 2944 vulvam
3241 2887 3442 2962 (Exod.

1862 2986 2049 3038 xxxrv,
2075 2972 2182 3045 l9).
2215 2974 2518 3032 Notandum
2549 2978 2674 3048 quia
2708 2978 2987 3049 Scriptura
3026 2980 3277 3051 perhibet
3322 2996 3441 3037 mu-

1859 3060 2050 3119 lierem
2088 3066 2364 3137 suscipere
2400 3084 2604 3133 semen,
2655 3068 2862 3126 scilicet
2890 3071 3034 3127 coitu
3058 3072 3202 3128 virili
3225 3088 3324 3143 per
3353 3089 3446 3146 ge-

1861 3155 2082 3211 nitalem
2120 3173 2312 3213 venam
2356 3159 2658 3217 immissum
2686 3161 2740 3216 in
2766 3161 2939 3218 vulva;
2968 3171 3255 3230 secretum,
3288 3164 3442 3235 baju-

1783 3235 1831 3298 C
1866 3247 2013 3303 lantc
2037 3251 2283 3317 matrice,
2309 3252 2451 3307 sicut
2468 3263 2523 3307 ct
2544 3252 2767 3326 physica
2797 3253 3029 3311 lectione
3049 3246 3437 3327 comperimus,

1867 3349 1922 3398 et
1956 3358 2085 3409 non,
2132 3352 2192 3399 ut
2226 3345 2343 3401 haec
2376 3345 2685 3403 adinventio
2716 3346 2863 3413 dicit,
2906 3364 3090 3405 semen
3128 3350 3230 3406 sibi
3273 3358 3441 3406 attra-

1863 3428 2014 3503 here,
2045 3435 2129 3490 vcl
2158 3452 2437 3494 assumere
2461 3437 2612 3505 alibi,
2636 3438 2719 3494 vel
2736 3439 2958 3511 aliunde
2983 3440 3240 3497 emissum
3264 3458 3277 3495 :
3308 3449 3364 3497 et
3381 3441 3440 3497 in

1861 3527 2184 3595 emissione,
2242 3530 2385 3601 quod
2439 3531 2506 3586 de
2550 3529 2794 3586 immisso
2835 3531 3041 3587 semine
3089 3538 3437 3603 conceperat,

1859 3618 2075 3674 vulvam
2102 3619 2372 3691 adaperirl
2414 3620 2602 3677 eadem
2642 3619 2922 3693 Scriptura
2959 3629 3209 3688 testatur,
3248 3621 3441 3680 videli-

1859 3719 1947 3767 cet
1975 3726 2072 3781 pro
2098 3711 2272 3782 primo
2305 3720 2485 3782 partu,
2515 3727 2635 3783 quae
2663 3726 2882 3769 servare
2912 3712 3184 3768 clausura;
3209 3712 3432 3784 integri-

1860 3809 2029 3857 tatem
2060 3818 2166 3859 non
2195 3805 2390 3873 potuit,
2421 3804 2586 3860 etiam
2623 3805 2676 3859 in
2712 3805 2887 3874 primo
2916 3802 3239 3862 naturaliter
3266 3807 3433 3862 coitu.

1846 3893 2157 3955 Credamus
2189 3896 2354 3967 igitur
2376 3895 2517 3966 quod
2546 3896 2794 3967 legimus,
2824 3907 2880 3953 et
2906 3898 3048 3969 quod
3077 3912 3184 3955 non
3208 3898 3438 3970 legimus

1859 3996 2106 4044 astruere
2151 3988 2304 4045 nefas
2348 3988 2651 4045 credamus.
2697 3988 2742 4044 Α
2787 3989 2986 4045 saeculo
3028 3991 3171 4046 enim
3206 4006 3315 4047 non
3351 3998 3436 4047 est

1859 4078 2125 4145 auditum,
2154 4094 2253 4134 nec
2281 4078 2348 4134 de
2372 4078 2473 4134 sub
2498 4078 2600 4135 isto
2632 4078 2770 4134 caelo
2800 4079 2853 4133 in
2885 4078 3163 4148 Scriptura
3193 4080 3437 4136 veritatis

1859 4180 1941 4227 est
1969 4171 2193 4237 lectum,
2220 4179 2279 4226 ut
2305 4171 2461 4226 vulva
2493 4170 2705 4226 femina:
2729 4170 2846 4226 sine
2870 4170 3015 4226 coitu
3044 4185 3226 4226 semen
3254 4184 3435 4227 susce-

1857 4263 2019 4335 perit,
2045 4272 2208 4333 atque
2234 4263 2563 4332 conceperit,
2600 4270 2653 4318 et
2687 4262 2872 4318 clauso
2900 4271 3079 4327 utero,
3106 4269 3160 4316 et
3188 4261 3434 4330 inaperta

1856 4348 2038 4421 vulva,
2068 4368 2163 4410 seu
2194 4354 2403 4425 integra
2435 4368 2619 4419 carne,
2669 4353 2848 4408 vivum
2889 4352 2973 4409 vel
3016 4353 3320 4408 abortivum
3340 4367 3433 4421 pe-

1856 4450 2079 4521 pererit,
2117 4456 2339 4519 excepta
2368 4447 2480 4504 sola
2506 4445 2852 4518 singulariter
2883 4445 3039 4502 beata
3070 4453 3125 4502 et
3150 4445 3433 4526 benedicta

1858 4532 2080 4611 Virgine
2106 4538 2295 4606 Maria,
2324 4537 2478 4609 cujus
2508 4537 2792 4607 conceptio
2818 4552 2924 4593 non
2952 4544 3158 4592 natura:
3188 4534 3309 4601 fuit,
3336 4535 3433 4590 sed

166 4603 795 4719 gggggg;
815 4603 1525 4718 533,“,3‘,;,',;.:,;,,;,1,.;;
1557 4603 1746 4701 ζ’ἀξέξε
1772 4603 1824 4664 Ι)
1855 4603 2073 4703 δηῦτε,
2123 4603 2337 4689 dicente
2381 4603 2450 4687 ad
2494 4645 2614 4686 eam
2660 4603 2984 4700 archangelo
3024 4645 3039 4682 ε
3087 4629 3211 4695 Ave,
3248 4626 3432 4699 gratia

167 4740 300 4810 fuit,
320 4740 518 4809 inquit,
538 4739 789 4812 iniquitas
814 4739 1012 4799 sororis
1032 4747 1136 4794 tute
1156 4736 1421 4805 Sodomis,
1449 4740 1636 4804 otium,
1661 4754 1751 4792 sa-

166 4833 368 4888 turitas
393 4833 566 4903 panis,
598 4841 648 4887 et
678 4832 1005 4891 abundantia
1031 4830 1247 4903 (Ezech.
1276 4846 1388 4895 xvi,
1427 4829 1544 4899 49).
1567 4829 1635 4885 Et
1659 4826 1751 4884 Ju-

167 4926 275 4981 daei
304 4934 593 4997 peccantes
634 4941 821 4982 coram
880 4925 1128 4992 Domino,
1179 4923 1248 4979 ab
1290 4921 1427 4979 Isaia
1481 4920 1754 4992 principes

170 5017 535 5073 Sodomorum
567 5056 584 5085 ,
644 5026 697 5073 et
741 5017 970 5090 populus
1024 5016 1340 5074 Gomorrha:
1391 5014 1570 5071 vocati
1627 5021 1753 5069 sunt

169 5110 310 5181 (lea.
365 5126 403 5175 ι,
460 5110 549 5180 i0)
607 5127 621 5165 :
673 5110 767 5181 qui
815 5109 958 5165 inter
980 5108 1084 5165 alia
1131 5106 1477 5177 iniquitatum
1529 5119 1750 5161 suarum

165 5199 334 5271 631
370 5197 577 5255 nefaria
624 5207 919 5271 posuerunt
957 5213 1183 5269 puerum
1232 5198 1288 5253 in
1334 5195 1658 5268 prostibulo,
1698 5202 1755 5250 et

168 5295 508 5364 epheborum
539 5294 772 5363 pretium
795 5294 850 5349 in
879 5292 1170 5363 marsupiis
1194 5310 1206 5345 :
1233 5305 1469 5363 quorum
1490 5286 1752 5345 dominati

169 5395 303 5443 sunt
339 5384 654 5453 effeminati,
685 5387 778 5458 qui
809 5387 928 5443 loco
956 5385 1312 5457 epheborum,
1354 5383 1505 5453 quasi
1537 5382 1605 5437 ad
1632 5396 1749 5436 ma-

170 5489 456 5536 tronarum
478 5479 778 5537 custodiam
806 5479 1070 5549 spadones
1094 5476 1291 5539 effecti,
1322 5474 1671 5545 impudicitiae
1695 5481 1755 5528 et

169 5571 535 5629 immunditiis
560 5571 737 5638 asciti,
765 5582 926 5641 atque
950 5569 1157 5627 subacti
1183 5568 1412 5632 libidini,
1439 5583 1560 5638 quae
1587 5568 1750 5622 etiam

171 5663 385 5722 ferreas
422 5672 630 5722 mentes
666 5672 727 5719 ut
757 5664 954 5719 dicitur
993 5663 1215 5717 domare
1251 5660 1410 5726 solet,
1460 5660 1664 5715 servire
1699 5667 1754 5716 et
1788 5685 1794 5693 ε

172 5756 484 5816 libidinosis
533 5757 803 5815 dominari
854 5756 1121 5813 diabolica
1168 5755 1551 5811 adinventione
1600 5753 1752 5809 fuere

175 5853 405 5928 reperti.
431 5852 499 5911 Et
536 5851 844 5928 huiusmodi
891 5850 1021 5910 vitia
1057 5864 1164 5906 non
1216 5848 1389 5906 solum
1443 5848 1748 5923 sacrilegio,

1853 4726 2006 4799 plena
2030 4726 2183 4800 (Luc.
2207 4726 2386 4800 1,28),
2419 4726 2475 4782 ἢ]
2515 4741 2677 4798 quam
2721 4724 2956 4795 Spiritus
2997 4731 3215 4779 sanctus
3242 4737 3433 4795 super-

1852 4820 2021 4884 venit,
2062 4820 2153 4891 qui
2181 4819 2230 4876 ei
2256 4835 2324 4875 ex
2361 4819 2603 4891 virgineo
2637 4817 2867 4885 semine,
2915 4816 3265 4888 virgineoque
3306 4830 3433 4869 san-

1855 4914 2043 4983 guine,
2087 4911 2205 4967 sine
2229 4908 2510 4965 voluntate
2541 4908 2741 4975 carnis,
2769 4917 2826 4964 et
2854 4908 2971 4963 sine
3001 4906 3276 4961 voluntate
3302 4902 3429 4969 viri,

1855 4999 2237 5056 fecunditatem
2275 5000 2446 5072 prolis
2482 4998 2732 5067 contulit,
2766 4999 3129 5069 virginitatem
3158 5010 3265 5051 non
3305 4994 3431 5051 abs-

1862 5089 2025 5145 tulit:
2074 5106 2193 5160 quze
2231 5091 2374 5147 sicut
2415 5106 2581 5147 carne
2629 5090 2857 5162 integra,
2900 5096 2955 5144 et
2988 5087 3144 5143 vulva
3188 5084 3294 5141 non
3339 5082 3432 5140 ad;

1859 5189 2069 5250 aperta,
2102 5166 2262 5236 id'cst
2305 5181 2492 5237 clauso
2521 5188 2676 5236 utero
2703 5179 2968 5249 concepit,
3015 5177 3089 5232 ita
3111 5192 3218 5232 non
3248 5181 3432 5244 aperta

1860 5274 2036 5341 vulva,
2070 5275 2163 5330 sed
2192 5273 2377 5330 clauso
2419 5280 2574 5329 utero
2612 5273 2840 5344 peperit,
2883 5270 3149 5339 simulque
3176 5277 3232 5322 et
3258 5272 3433 5321 mater

1859 5360 2088 5434 exstitit,
2116 5376 2170 5423 et
2195 5375 2453 5438 perpetuo
2485 5382 2549 5421 ac
2572 5379 2786 5436 semper
2809 5362 2971 5432 Virgo
2992 5360 3156 5433 632
3179 5366 3430 5428 perman-

1842 5443 1949 5514 .sit.
1994 5457 2308 5529 Virgineum
2348 5456 2565 5528 quippe,
2612 5464 2674 5510 ut
2712 5452 2959 5524 legimus,
3014 5452 3154 5506 unde
3198 5447 3435 5519 virgines

1856 5554 1976 5624 qua:
2010 5567 2174 5608 carne
2210 5551 2430 5623 integra!
2470 5556 2595 5605 sunt
2629 5547 2956 5610 vocitantur,
2992 5545 3044 5599 id
3085 5538 3427 5613 est-pellicu-

1855 5646 1987 5711 lam,
2021 5661 2141 5715 qure
2165 5642 2219 5698 in
2245 5643 2326 5699 eis
2358 5643 2410 5696 in
2442 5638 2728 5695 concubitu
2759 5638 2934 5709 primo
2959 5634 3343 5705 corrumpitur,
3375 5630 3431 5685 in

1855 5737 2150 5794 emissione
2206 5732 2497 5804 cujuslibet
2559 5739 2747 5801 partus
2799 5730 3062 5801 integram
3115 5728 3433 5797 permanere

1860 5838 2052 5885 natura
2097 5841 2200 5882 non
2256 5824 2480 5898 patitur,
2525 5832 2580 5879 et
2623 5830 2907 5894 postquam
2954 5818 3251 5891 virgineum
3299 5811 3431 5871 illud
