4026 6340
615 405 722 460 695

1594 393 1924 450 illNCMARl
1961 389 2354 448 RHEMENSIS
2390 383 2904 444 ARClllEPlSCOPl
3695 381 3770 447 396

620 518 1005 587 corrumpitur,
1053 525 1207 582 virgo
1251 507 1450 564 femina
1497 522 1601 560 non
1638 507 1886 562 habetur.
1919 503 2028 559 Sed
2055 510 2110 557 et
2140 502 2195 555 in
2223 505 2275 564 Α
2299 507 2354 556 et
2388 499 2670 554 veritatem
2697 511 2819 551 cum
2867 496 3016 550 omni
3059 493 3268 550 studeat
3295 493 3560 552 subtilitate
3606 505 3772 572 perqui.

623 606 905 676 Scriptura
944 605 1168 675 legimus
1214 599 1478 663 veritatis,
1519 599 1771 667 quoniam
1801 598 1904 651 hac
1931 593 2193 651 diabolica

623 698 1020 759 adinventione,
1064 709 1184 764 quae
1227 692 1293 746 de
1335 692 1434 744 ista
1477 689 1676 743 femina
1711 699 1765 743 et
1795 703 1894 743 suo
1920 687 2086 740 fratre
2109 699 2198 738 re-

623 786 814 850 fertur,
857 785 1008 842 Onan
1037 798 1158 838 cum
1188 796 1355 834 uxore
1380 795 1475 833 sua
1501 793 1748 847 quaerens
1782 777 1999 848 explere
2017 772 2195 828 libidi-

623 891 771 941 nem,
800 885 853 929 et
885 875 1074 929 nolens
1103 871 1253 928 nasci
1281 871 1444 934 filios,
1476 868 1886 932 concumbebat,
1912 880 2018 936 qua
2043 863 2110 918 de
2135 877 2196 916 re

624 983 656 1021 a
707 966 936 1021 Domino
974 977 1264 1036 percussus
1306 960 1516 1015 interiit
1558 957 1710 1031 (Gen.
1744 959 1995 1027 χχχνιιι).
2041 953 2197 1010 Unde

623 1073 733 1112 non
784 1058 1054 1114 credimus
1089 1055 1182 1110 tali
1211 1054 1494 1110 concubitu
1521 1053 1644 1106 hinc
1673 1051 1928 1106 feminam
1957 1048 2198 1119 potuisse

626 1149 930 1219 concipere.
981 1145 1274 1202 Haecheo
1320 1143 1557 1214 episcopi
1605 1143 1851 1207 dicimus,
1904 1155 2011 1196 non
2052 1139 2198 1210 quod

623 1241 926 1312 puellarum
970 1237 1252 1308 virginalia
1293 1236 1378 1291 vel
1423 1235 1744 1290 feminarum
1787 1243 2030 1298 secreta,
2077 1246 2197 1301 qua:

624 1332 1000 1400 experimento
1048 1327 1349 1393 nescimus,
1407 1327 1703 1381 scientibus
1760 1323 2039 1387 revelare,
2103 1330 2197 1376 aut

623 1423 991 1479 nescientibus
1008 1420 1284 1476 insinuare
1300 1417 1548 1484 velimus;
1563 1417 1655 1473 sed
1671 1416 1921 1486 quoniam
1939 1415 2199 1486 scriptum

625 1521 708 1567 est
739 1531 752 1566 :
781 1511 1009 1566 Causam
1047 1525 1207 1580 quam
1248 1507 1536 1562 nesciebam
1576 1506 1969 1578 diligentissime
1990 1505 2200 1559 investi-

626 1601 812 1673 gabam
845 1601 966 1673 (Job
1012 1618 1166 1667 χχιχ,
1201 1600 1312 1671 16),
1344 1601 1547 1656 idcirco
1575 1616 1694 1669 quae
1726 1599 1777 1652 in
1809 1597 2063 1652 Ecclesia:
2088 1612 2202 1650 ma-

625 1693 913 1762 gistrorum
955 1692 1174 1762 scriptis
1225 1692 1533 1762 relegimus,
1583 1700 1708 1746 ante
1745 1689 1930 1744 oculos
1978 1702 2203 1742 revoca-

626 1799 768 1850 mus,
807 1791 865 1837 ut
894 1784 939 1838 si
977 1783 1032 1838 in
1071 1783 1377 1854 hujusmodi
1407 1783 1762 1852 deprehensa,
1804 1781 1870 1835 ad
1902 1796 1998 1834 nos
2025 1780 2092 1834 de
2113 1779 2202 1850 ju-

2295 606 2438 656 rere,
2483 599 2538 644 et
2566 589 2640 643 ita
2675 587 3110 644 contentionibus
3154 587 3380 657 partium
3430 592 3680 648 secundum
3709 596 3774 665 ju-

2297 681 2502 738 stitiam
2531 680 2692 734 citius
2735 678 2896 732 linem
2953 678 3245 748 imponere,
3270 692 3336 733 ne
3375 693 3492 749 pars
3531 686 3774 753 qmequeiu

2292 773 2498 845 judicio
2527 786 2588 826 se
2616 771 2725 840 pati
2755 767 3124 840 praeiudicium
3154 779 3515 840 conqueratur.
3540 770 3653 827 Nam
3675 775 3777 832 sicut

2299 863 2421 918 sine
2468 860 2674 931 judicio
2721 875 3046 930 quemquam
3081 857 3326 914 nolumus
3369 861 3690 929 condemnari,
3725 866 3778 919 ita

2298 970 2418 1025 quae
2443 951 2668 1009 diﬂinita
2716 951 2938 1016 fuerint,
2970 953 3112 1008 nulla
3141 953 3370 1023 patimur
3393 955 3692 1011 excusatione
3711 958 3780 1012 dil-

2299 1047 2450 1104 ferri.
2485 1067 2506 1101 ι
2538 1047 2608 1101 Et
2646 1046 2716 1101 ad
2744 1045 3117 1101 Constantium
3163 1046 3464 1116 episcopum
3496 1046 3782 1103 Mediolaneu-

2301 1155 2415 1194 sem
2443 1138 2650 1204 scribit,
2682 1137 2824 1194 unde
2851 1137 2904 1192 in
2957 1137 3058 1192 hac
3087 1151 3247 1192 causa
3286 1139 3502 1208 quisque
3539 1153 3688 1203 sanus,
3722 1155 3784 1194 sa-

2298 1231 2474 1303 piens,
2499 1237 2555 1284 et
2609 1235 2758 1284 recte
2805 1228 3107 1292 intendens,
3139 1226 3531 1281 similitudinem
3571 1236 3619 1282 et
3651 1245 3785 1284 exem-

2297 1324 2421 1394 plar
2467 1338 2574 1377 non
2631 1321 2987 1392 incongruum
3039 1320 3245 1389 poterit
3295 1333 3517 1373 sumere.
3565 1319 3641 1373 Ait
3682 1320 3785 1375 enim

2301 1415 2481 1486 (ibid.,
2520 1417 2672 1484 epist.
2706 1411 2838 1474 31):
2884 1427 2904 1462 ι
2960 1409 3016 1464 Si
3067 1409 3243 1478 qualis
3287 1407 3387 1464 fuit
3419 1408 3469 1462 in
3513 1409 3788 1478 requisitions

2301 1523 2450 1573 cura,
2482 1506 2606 1561 talis
2635 1505 2826 1560 fuisset
2857 1503 2912 1556 in
2936 1501 3274 1557 discussione
3318 1499 3588 1564 subtilitas,
3615 1499 3787 1554 nihilex

2301 1601 2428 1665 hoc,
2454 1600 2594 1669 quod
2616 1599 2682 1653 de
2707 1596 2877 1654 fratre
2912 1603 3098 1652 nostro
3128 1594 3333 1650 dictum
3365 1601 3464 1658 est,
3486 1591 3651 1648 fuisset
3668 1594 3789 1648 ambi-

2302 1708 2488 1764 gnum,
2525 1690 2618 1746 sed
2645 1698 2828 1744 utrum
2851 1704 3064 1753 verum,
3107 1703 3175 1741 an
3205 1695 3349 1742 esset
3375 1685 3705 1755 compositum,
3726 1699 3790 1754 pt-

2304 1783 2512 1846 tuisset,
2529 1783 2654 1851 quia
2674 1781 2786 1849 jam
2816 1790 3003 1835 contra
3026 1779 3201 1849 ipsum
3225 1777 3420 1832 dudum
3437 1777 3486 1830 in
3511 1774 3790 1844 Sicilia,apud

625 1874 768 1930 dicio
804 1872 1071 1943 iustorum
1107 1872 1346 1942 judicum
1387 1882 1579 1942 petens
1621 1871 1993 1940 paenitentiam
2033 1884 2198 1926 vene-
2231 1858 2279 1918 Β
2308 1873 2614 1928 reverendae
2662 1872 2936 1926 memoria-
2963 1869 3187 1926 fratrem
3227 1878 3464 1926 nostrum
3489 1867 3789 1922 Maximianum

621 1966 716 2032 rit,
752 1967 868 2020 sine
893 1979 1079 2020 errore
1106 1980 1224 2021 eam
1255 1965 1500 2036 judicare
1535 1966 1820 2035 possimus.

694 2057 1031 2128 Quapropter
1066 2065 1123 2112 et
1167 2055 1432 2122 addimus,
1471 2064 1528 2110 ut
1555 2056 1601 2110 si
1627 2057 1856 2110 domnus
1885 2063 2072 2111 noster
2100 2070 2199 2110 rex

622 2149 930 2218 praedictam
968 2147 1224 2204 feminam
1270 2148 1476 2202 invenit
1517 2147 1804 2216 virginem,
1831 2164 1929 2203 cur
1956 2162 2076 2202 eam
2107 2148 2198 2202 de-

624 2237 802 2293 notari
850 2239 1006 2310 quasi
1055 2245 1350 2308 stupratam
1401 2237 1710 2292 consentit?
1765 2236 1823 2292 Si
1865 2252 1995 2293 vero
2048 2237 2197 2292 illam

623 2328 886 2398 virginem
936 2343 1042 2382 non
1093 2328 1319 2393 invenit,
1367 2342 1534 2398 quare
1583 2327 1772 2382 tandiu
1801 2341 1921 2382 eam
1952 2327 2195 2393 retinuit,

623 2418 709 2472 vel
739 2433 834 2472 cur
859 2419 926 2474 de
961 2418 1049 2472 illa
1080 2419 1343 2489 judicium
1375 2417 1793 2472 examinationis
1826 2417 2064 2486 recepit?
2102 2416 2194 2471 Ve-

625 2523 747 2564 rum
773 2509 850 2566 illi
878 2511 1198 2567 nobilissimi
1236 2511 1359 2565 laici
1382 2511 1676 2582 conjugati,
1707 2518 1762 2565 et
1789 2509 2085 2580 aequissimi
2104 2506 2201 2576 ju-

591 2600 793 2668 -dices,
825 2603 919 2672 qui
951 2603 1018 2658 de
1055 2603 1160 2658 hoc
1192 2601 1439 2672 judicare
1469 2601 1782 2665 debebunt,
1826 2599 2021 2656 melius
2045 2598 2202 2654 nobis

625 2702 682 2748 et
721 2694 882 2750 citius
916 2710 1014 2765 per
1040 2709 1098 2749 se
1127 2693 1289 2759 scire,
1320 2701 1376 2748 et
1401 2692 1618 2748 licentia
1654 2688 1885 2746 maritali
1916 2691 1984 2746 ab
2014 2686 2198 2744 uxori-

623 2785 726 2840 bus
750 2785 958 2841 discere
982 2785 1370 2855 praavalebunt,
1408 2794 1589 2839 utrum
1624 2784 1714 2838 tali
1744 2783 1924 2849 modo,
1963 2782 2104 2837 sicut
2133 2781 2200 2836 de

623 2877 730 2932 ista
771 2877 1095 2942 audivimus,
1142 2877 1344 2932 femina
1380 2877 1634 2947 quaalibet
1681 2875 1853 2946 poscit
1891 2874 2196 2944 concipere.

612 2972 695 3032 .Et
736 2988 959 3028 necesse
985 2981 1071 3028 est
1097 2950 1211 3026 [illis
1247 2972 1351 3026 hoc
1382 2969 1634 3026 solertius
1657 2979 1713 3050 et
1739 2967 2008 3022 curiosius
2032 2967 2201 3020 vesti-

626 3077 775 3130 gare,
823 3077 889 3116 ne
933 3063 1074 3117 forte
1119 3061 1173 3116 in
1217 3062 1319 3117 hoc
1352 3060 1576 3130 justitia:
1603 3069 1659 3115 et
1685 3058 1956 3128 aequitatis
1994 3055 2200 3125 judicio

622 3155 1164 3225 passintquocunque
1177 3151 1869 3222 erroreinterprchendere,
1898 3149 2039 3220 quod
2057 3157 2118 3200 ut
2136 3147 2204 3201 de

2302 1969 2635 2039 episcopum,
2669 1965 2788 2020 talis
2831 1965 3078 2036 quaestio,
3111 1972 3170 2018 ut
3189 1962 3547 2034 cognovimus,
3568 1970 3685 2014 mota
3707 1969 3789 2015 est:

2303 2062 2398 2116 sed
2423 2061 2548 2130 quia
2587 2075 2749 2115 causa
2777 2058 2945 2128 ipsius
2984 2057 3165 2112 subtili
3194 2057 3416 2112 omnino
3462 2054 3791 2124 investigatione

2303 2152 2528 2222 quwsita
2580 2159 2686 2216 est,
2740 2149 2959 2204 omnino
3009 2147 3266 2202 inventus
3322 2154 3404 2200 est
3457 2145 3694 2207 innocens,
3730 2142 3790 2210 qui

2303 2243 2477 2298 fuerat
2504 2252 2788 2298 accusatus
2816 2241 2871 2295 in
2901 2239 3152 2295 crimine.
3208 2237 3362 2293 Nunc
3409 2237 3578 2308 igitur,
3605 2235 3791 2305 quoniam

2304 2332 2392 2387 illa
2418 2349 2538 2402 (pla:
2575 2341 2763 2387 contra
2807 2347 2930 2386 eum
2959 2331 3101 2386 dicta
3153 2339 3306 2396 sunt,
3355 2343 3458 2384 non
3506 2329 3594 2384 sub
3633 2326 3703 2382 illa
3722 2339 3793 2396 qua

2305 2424 2484 2479 decuit
2511 2423 2848 2478 districtione
2874 2423 3099 2491 quaesita
3149 2429 3303 2488 sunt,
3331 2431 3386 2476 et
3434 2427 3588 2490 gesta,
3616 2433 3710 2488 quae
3727 2432 3793 2472 ex-

2306 2518 2433 2572 inde
2458 2517 2601 2586 apud
2647 2515 3042 2570 fraternitatem
3070 2523 3310 2572 vestram
3335 2512 3564 2571 confecta
3590 2522 3707 2577 sunt,
3733 2526 3797 2566 ne-

2306 2624 2411 2680 que
2463 2612 2530 2665 ad
2577 2609 3106 2675 condemnationem,
3153 2622 3334 2678 neque
3376 2607 3444 2662 ad
3491 2604 3795 2662 absolutionem

2307 2700 2423 2769 ejus
2448 2703 2747 2770 probantur
2765 2714 2925 2770 posse
2974 2698 3243 2764 sufﬁcere,
3276 2713 3382 2754 non
3406 2697 3530 2754 levis
3556 2711 3632 2751 res
3652 2695 3794 2764 agitur,

2307 2809 2427 2864 quze
2457 2802 2549 2848 aut
2575 2794 2807 2856 incaute,
2835 2791 2920 2846 vel
2968 2792 3023 2846 in
3063 2800 3383 2847 transcursu
3410 2790 3588 2846 debeat
3620 2784 3794 2841 dilliniri.

2307 2885 2444 2941 Nam
2483 2901 2645 2955 grave
2692 2895 2777 2940 est
2831 2884 2965 2939 satis
2993 2892 3048 2938 et
3081 2883 3365 2948 indecens,
3413 2891 3471 2936 ut
3517 2881 3565 2935 in
3611 2893 3658 2932 re
3681 2874 3792 2931 dubia

2309 2989 2457 3034 certa
2486 2979 2696 3034 dicatur
2723 2977 3010 3031 sententia.
3061 2975 3126 3029 Et
3153 2976 3273 3031 haec
3302 2974 3512 3045 quidem
3555 2978 3679 3042 gesta
3718 2980 3798 3021 esse

2308 3078 2559 3138 poterant
2589 3069 2652 3122 ad
2691 3064 3060 3122 diliiniendum
3095 3063 3314 3132 idonea,
3350 3065 3394 3120 si
3415 3061 3630 3120 accusati
3652 3069 3785 3112 eacon

2310 3158 2480 3216 fessio
2509 3167 2845 3228 sequeretur,
2893 3157 2938 3213 si
2977 3165 3156 3211 tamen
3199 3156 3445 3212 eamdem
3493 3149 3798 3208 confessionem

628 3210 822 3302 ialibus
861 3210 1106 3316 personis
1146 3246 1214 3300 ad
1256 3210 1531 3301 tantorum
1564 3242 1815 3300 notitiam
1851 3210 2053 3312 poterit
2082 3252 2206 3310 per-

2192 3268 2206 3282 '
2231 3210 2280 3274 C
2312 3251 2580 3308 subtilitas
2607 3248 2872 3304 examinis
2895 3263 2962 3303 ex
2991 3247 3221 3304 occultis
3261 3249 3496 3319 ejiceret,
3522 3254 3572 3299 et
3609 3257 3693 3296 non
3712 3234 3782 3310 allii

625 3339 833 3404 venire,
873 3347 929 3392 et
955 3353 1063 3408 quo
1084 3338 1149 3392 de
1170 3336 1377 3407 judicio
1411 3337 1628 3407 plurimi
1675 3334 1979 3405 exemplum
2025 3333 2208 3387 stude-

626 3433 762 3489 bunt
784 3433 1050 3502 accipere.
1078 3431 1188 3487 Nos
1217 3442 1418 3496 autem,
1441 3442 1498 3485 ut
1526 3429 1683 3499 hujus
1705 3429 1901 3500 negotii
1933 3437 2205 3498 expertes,

628 3541 748 3595 qua:
796 3525 1024 3595 legimus
1058 3526 1307 3590 dicimus,
1351 3535 1406 3579 et
1430 3540 1532 3580 non
1559 3523 1681 3579 inde
1700 3521 1931 3592 amplius
1953 3519 2208 3575 autscire

627 3622 944 3690 quaerimus,
975 3629 1069 3674 aut
1104 3621 1431 3689 investigare
1457 3619 1715 3674 volemus.
1747 3618 1994 3674 Viderint
2023 3625 2206 3671 autem

627 3712 804 3782 legum
843 3711 1072 3782 judices,
1121 3713 1167 3767 si
1207 3727 1390 3765 verum
1436 3712 1711 3765 inventum
1759 3708 1921 3763 fuerit
1965 3708 2107 3778 quod
2139 3708 2207 3764 de

629 3801 731 3856 bac
758 3800 952 3856 femina
978 3801 1195 3866 dicitur,
1229 3801 1436 3856 scilicet
1462 3809 1521 3854 ut
1550 3809 1676 3853 ante
1705 3799 2202 3868 desponsationem,

631 3893 868 3963 quandiu
912 3893 964 3947 in
1007 3909 1101 3949 sua
1135 3891 1222 3948 vel
1250 3890 1366 3960 ejus
1395 3891 1460 3946 de
1489 3905 1596 3960 quo
1625 3891 1911 3944 denotatur
1938 3896 2205 3958 potestate

631 3984 857 4048 exstitit,
908 3983 1166 4039 indecens
1213 3981 1342 4052 quid
1393 3979 1501 4036 tale
1544 3981 1779 4046 admisit,
1827 3990 1882 4034 et
1917 3988 2205 4049 postquam

628 4073 747 4128 viro
788 4071 974 4142 juncta
1019 4082 1130 4134 est,
1177 4073 1253 4127 illi
1297 4088 1356 4129 se
1401 4071 1498 4126 soli
1543 4072 1812 4136 servavit,
1861 4079 2042 4124 utrum
2083 4084 2204 4124 eam

629 4172 804 4218 morte
851 4163 1200 4218 condemnari
1246 4163 1557 4228 decernent,
1611 4163 1724 4216 sive
1759 4177 1856 4233 per
1894 4161 2065 4232 legem
2095 4161 2205 4216 Ro-

628 4268 868 4318 manam,
912 4263 1006 4308 aut
1049 4268 1144 4322 per
1186 4253 1400 4308 illorum
1445 4253 1613 4324 leges,
1643 4252 1727 4306 vel
1757 4253 1954 4322 quibus
1989 4252 2080 4306 illa
2119 4251 2202 4308 fe-

630 4344 772 4398 mina
808 4352 892 4397 est
936 4342 1196 4410 subjecta,
1236 4342 1322 4398 vel
1356 4357 1454 4412 per
1491 4357 1626 4411 quas
1669 4341 1744 4395 illi
1781 4357 1900 4396 eam
1935 4341 2205 4399 voluerint

623 4433 886 4501 judicare.
939 4433 1079 4489 Sunt
1119 4435 1264 4489 enim
1303 4435 1528 4488 diversae
1577 4443 1636 4488 ut
1681 4443 1891 4506 gentes,
1931 4435 2004 4490 ita
2034 4446 2089 4491 et
2113 4453 2204 4492 ea-

631 4539 752 4578 rum
800 4523 962 4593 leges,
1002 4539 1159 4594 quas,
1196 4526 1242 4580 si
1277 4523 1601 4580 Christianae
1649 4533 1806 4592 sunt,
1863 4525 1918 4580 in
1966 4527 2078 4582 suis
2115 4543 2204 4582 or-

629 4613 865 4680 dinibus,
906 4629 1023 4683 quas
1050 4613 1206 4682 juxta
1238 4624 1363 4670 sunt
1400 4615 1779 4679 decernentes,
1811 4614 2052 4671 Ecclesia
2083 4631 2208 4672 san-

631 4709 717 4757 cta
763 4717 871 4758 non
911 4702 1106 4770 rejicit.
1146 4703 1256 4760 Nos
1302 4712 1520 4771 autem,
1570 4704 1727 4759 sicuti
1769 4705 1940 4762 Balaa:
1983 4717 2200 4775 notam,

627 4801 684 4849 et
711 4794 954 4850 criminis
985 4809 1199 4865 poenam
1245 4811 1407 4853 nosse
1451 4797 1545 4867 qui
1586 4797 1651 4852 de
1690 4798 1917 4853 concilio
1941 4808 2064 4869 post
2090 4801 2203 4856 edi-

628 4892 773 4939 ctum
823 4885 1036 4941 Domini
1081 4886 1209 4941 dato
1255 4886 1572 4960 refugimus,
1626 4888 1700 4942 ita
1745 4889 2014 4943 neminem
2063 4891 2200 4945 mori

627 4974 986 5041 decernimus,
1037 4977 1129 5032 sed
1165 4993 1354 5034 omnes
1396 4978 1576 5033 salvos
1629 4978 1747 5033 fieri
1799 4979 2067 5045 volumus,
2105 4980 2198 5050 qui

625 5066 898 5120 neminem
942 5067 1120 5135 perire
1162 5066 1575 5122 desideramus:
1607 5082 1781 5138 neque
1827 5067 2034 5137 legibus
2077 5083 2204 5124 san-

626 5158 728 5212 etis
755 5165 805 5212 ct
829 5158 1011 5227 justis,
1043 5174 1177 5228 quas
1213 5159 1478 5213 hactenus
1509 5169 1696 5212 sancta
1733 5158 1977 5213 Ecclesia
2003 5166 2058 5213 et
2088 5159 2203 5230 epi-

624 5248 857 5316 scopalis
897 5248 1086 5320 religio
1125 5258 1235 5302 tum
1274 5249 1592 5318 acceptavil,
1633 5258 1747 5303 tum
1783 5249 2058 5315 sustinuit,
2093 5235 2204 5308 vio-

622 5336 848 5392 lentiam
918 5339 1078 5394 ullam
1151 5339 1352 5396 inferre
1411 5340 1679 5394 molimur.
1748 5340 2202 5398 Sedtenendam

624 5442 764 5492 esse,
805 5430 1008 5499 absque
1050 5440 1295 5501 respectu
1339 5429 1703 5500 cujuscunque
1745 5447 2024 5501 personae,
2052 5434 2195 5488 viam

626 5521 830 5589 regiam
859 5521 1020 5592 633
1051 5522 1102 5575 in
1147 5523 1481 5590 exquirendo
1523 5521 1726 5591 judicio
1769 5537 2192 5590 commonemus,

623 5610 765 5665 sicut
801 5615 1119 5684 magniﬁcus
1154 5616 1344 5670 doctor
1379 5615 1670 5685 Gregorius
1715 5617 1782 5671 ad
1831 5615 2194 5672 Domitianum

623 5704 1098 5772 metropolitanum
1144 5709 1455 5777 episcopum
1485 5708 1673 5763 scribit
1717 5710 1830 5769 (lib.
1883 5725 1999 5775 vm,
2041 5711 2190 5780 epist.

621 5791 748 5864 50):
781 5810 798 5844 ι
835 5793 1145 5866 Hortamur,
1184 5799 1450 5870 inquiens,
1487 5798 1880 5858 fraternitatem
1923 5812 2092 5869 tuam,
2137 5813 2197 5859 ut

2310 3344 2418 3400 ctio
2443 3342 2734 3397 vehemens
2761 3347 3125 3410 extorqueret,
3150 3354 3274 3410 quae
3301 3338 3595 3408 frequenter
3610 3333 3694 3387 hoc
3712 3327 3800 3396 agit.

2309 3444 2369 3489 ut
2399 3434 2586 3489 noxios
2623 3448 2681 3488 se
2732 3432 2889 3486 fateri
2943 3431 3106 3486 etiam
3159 3439 3430 3501 cogantur
3470 3423 3666 3482 innoxii.
3710 3417 3801 3471 Nam

2308 3538 2595 3600 postquam
2646 3528 2904 3597 praelatus
2938 3525 3251 3595 episcopus,
3291 3532 3354 3579 ut
3396 3522 3593 3585 dicitur,
3638 3507 3802 3572 cruciari

2311 3620 2576 3685 custodia,
2609 3620 2951 3688 cremarique
2975 3615 3120 3674 fame
3148 3632 3214 3673 se
3239 3617 3459 3682 asserit,
3487 3613 3612 3669 scire
3639 3603 3800 3663 debetis.

2309 3711 2353 3765 si
2386 3711 2459 3764 ita
2490 3719 2592 3776 est,
2622 3719 2804 3764 utrmn
2837 3717 3028 3763 noceat
3082 3708 3128 3763 si
3176 3709 3264 3764 sic
3311 3707 3471 3764 fuerit
3503 3709 3683 3761 extorta
3721 3709 3790 3752 con

2307 3798 2492 3855 fessio.
2523 3799 2774 3870 Nunquid
2807 3800 3022 3870 quando
3065 3800 3397 3855 sententiam
3422 3797 3550 3854 tales
3586 3800 3786 3849 causast

2308 3890 2564 3959 scipiunt,
2595 3901 2650 3946 et
2671 3890 2735 3943 ad
2761 3890 2942 3944 sedem
2972 3889 3332 3960 apostolicam
3357 3887 3652 3961 appellatur,
3673 3894 3749 3935 non
3769 3883 3800 3930 el

2306 3996 2537 4052 persona
2563 3995 2682 4050 quae
2725 3978 3001 4046 iudicatur
3057 3995 3304 4050 praesens
3349 3988 3450 4044 est,
3500 3987 3550 4032 et
3579 3968 3800 4029 districtis-

2308 4072 2443 4126 sime
2464 4080 2625 4139 atque
2651 4071 2718 4124 ab
2746 4069 2894 4124 omni
2922 4068 3091 4124 latere
3131 4069 3342 4124 veritas
3366 4065 3626 4139 quaeritur,
3646 4067 3694 4114 ut
3716 4065 3802 4110 tunc

2308 4165 2354 4219 si
2383 4165 2575 4222 debeat
2627 4178 2795 4218 necne
2849 4175 3069 4216 manere
3112 4162 3386 4217 sententia
3428 4144 3804 4214 decernaturlEl

2308 4258 2430 4315 ideo
2478 4267 2765 4328 postquam
2793 4265 2847 4309 et
2877 4268 3104 4324 persona
3135 4253 3336 4310 absens
3379 4261 3478 4317 est,
3504 4259 3554 4305 et
3573 4254 3698 4320 gesta
3721 4249 3803 4309 ll“

2308 4347 2375 4402 ad
2426 4362 2525 4402 nos
2572 4344 2978 4407 transmisistis,
3019 4343 3197 4408 nobis,
3243 4343 3388 4399 sicut
3429 4337 3619 4413 praefati
3655 4341 3803 4389 sumus,

2307 4438 2499 4493 idonee
2541 4433 2860 4490 satisfacere
2890 4449 2996 4488 non
3043 4433 3319 4498 videntur,
3354 4441 3546 4488 temere
3584 4420 3743 4494 aliquid
3761 4416 3805 4470 de

2313 4527 2500 4582 fratris
2534 4540 2766 4596 persona
2808 4525 3100 4580 decernere
3135 4538 3239 4579 nec
3286 4522 3556 4585 debemus,
3598 4529 3681 4571 nec
3715 4522 3804 4580 p09

2315 4633 2520 4683 sumus,
2546 4633 2616 4673 ne
2639 4616 2780 4686 quod
2805 4617 2947 4671 absit
2995 4602 3445 4686 repreliensibiles
3470 4609 3751 4668 inveniamur
3767 4597 3804 4651 in

2315 4709 2538 4775 nostris,
2594 4708 2788 4778 quibus
2834 4707 3062 4762 aliorum
3111 4707 3236 4777 jure
3289 4705 3539 4776 competit
3579 4704 3808 4756 retractare

2313 4801 2627 4859 sententias.
2658 4817 2687 4856 ι,
2715 4799 2781 4852 Et
2826 4798 2893 4852 ad
2944 4797 3228 4868 Virgilium
3273 4797 3624 4852 Arelatensem
3656 4785 3806 4856 episco-

2310 4908 2446 4963 pum
2478 4889 2610 4946 dicit
2661 4886 2775 4958 (Iib.
2803 4903 2885 4951 tu,
2925 4887 3076 4956 epist.
3098 4885 3225 4958 63):
3261 4903 3281 4937 ι
3315 4882 3616 4941 Emendatio
3656 4885 3698 4931 et
3729 4870 3807 4963 viu-

2311 4957 2456 5038 dicta
2481 4957 2802 5048 culpabilem
2836 4976 3013 5041 feriat,
3055 4985 3112 5031 et
3160 4957 3498 5031 innocentem
3539 4970 3654 5026 falsa
3676 4957 3805 5033 opinio

2304 5086 2415 5127 non
2451 5067 2669 5140 afﬂigat.
2703 5088 2722 5121 ›
2764 5067 2830 5121 Ει
2874 5066 2940 5120 ad
2979 5064 3298 5121 Columbam
3338 5066 3630 5135 episcopum
3669 5048 3805 5111 scribit

2307 5161 2422 5235 (lib.
2454 5177 2509 5227 χ,
2549 5159 2700 5230 epist.
2727 5158 2819 5228 8):
2851 5175 2870 5210 ι
2910 5156 3048 5224 Quia
3094 5157 3226 5212 satis
3253 5169 3559 5228 perversum
3597 5158 3643 5205 et
3667 5151 3803 5201 contra

2306 5252 2731 5309 ecclesiasticam
2779 5251 3041 5320 probatur
3064 5263 3187 5304 esse
3215 5261 3522 5311 censuram,
3566 5250 3616 5298 ut
3659 5236 3803 5292 frusm

2305 5361 2406 5416 pro
2452 5344 2808 5415 quorumdam
2842 5340 3209 5397 voluntatibus
3246 5341 3370 5410 quis
3411 5339 3648 5409 privetur,
3689 5336 3802 5416 (ιυεξυ

2307 5409 2404 5493 sua
2449 5409 2601 5506 culpa
2633 5434 2718 5490 vel
2760 5433 2970 5488 facinus
2997 5433 3064 5486 ab
3093 5409 3392 5500 o'lliciiiquo
3440 5424 3656 5495 fungitur
3679 5409 3800 5506 grati"

2304 5545 2410 5587 non
2449 5500 2652 5598 dejicit.
2689 5546 2705 5578 ›
2739 5525 2874 5578 Hinc
2899 5540 3027 5594 ergo
3062 5523 3316 5592 colligant
3338 5520 3560 5587 judices,
3585 5500 3802 5600 ᾳυὶλξδίξίθ

2305 5630 2494 5688 stupro
2524 5618 2720 5672 femina
2743 5615 2908 5688 635
2934 5623 3227 5685 reputatur,
3278 5611 3444 5665 isdem
3469 5605 3552 5676 qui
3579 5603 3621 5656 ei
3645 5598 3728 5650 vim

2309 5684 2455 5773 tulit,
2482 5709 2567 5763 vel
2599 5725 2716 5764 eam
2745 5684 3008 5761 aid—scelus
3039 5702 3277 5774 pellexit,
3301 5692 3650 5756 accersiendus
3668 5684 3800 5742 est.“

2305 5803 2478 5872 magis
2521 5819 2616 5873 per
2669 5804 2815 5857 illum
2849 5818 3007 5856 causa
3060 5794 3443 5878 investiganda,
3474 5799 3525 5868 et
3555 5787 3652 5858 ἱρεθ
3687 5777 3794 5831 in"
