  <div class='ocr_page' id='page_1' title='image "/cluster/home/n/w/nwhite01/storage/ocr_20150623/125/hvd.32044015471667/354.png"; bbox 0 0 4026 6340; ppageno 0'>
   <div class='ocr_carea' id='block_1_1' title="bbox 219 384 329 445">
    <p class='ocr_par' dir='ltr' id='par_1_1' title="bbox 219 384 329 445">
     <span class='ocr_line' id='line_1_1' title="bbox 219 384 329 445; baseline -0.009 0"><span class='ocrx_word' id='word_1_1' title='bbox 219 384 329 445; x_wconf 76' lang='grc'><strong>697</strong></span> 
     </span>
    </p>
   </div>
   <div class='ocr_carea' id='block_1_2' title="bbox 1129 392 2555 467">
    <p class='ocr_par' dir='ltr' id='par_1_2' title="bbox 1129 392 2555 467">
     <span class='ocr_line' id='line_1_2' title="bbox 1129 392 2555 467; baseline 0.011 -18"><span class='ocrx_word' id='word_1_2' title='bbox 1129 394 1248 450; x_wconf 66' lang='lat' dir='ltr'><strong>‘DE</strong></span> <span class='ocrx_word' id='word_1_3' title='bbox 1287 394 1612 454; x_wconf 82' lang='lat' dir='ltr'><strong>DIVORTIO</strong></span> <span class='ocrx_word' id='word_1_4' title='bbox 1650 392 1976 455; x_wconf 81' lang='lat' dir='ltr'><strong>LOTHARli</strong></span> <span class='ocrx_word' id='word_1_5' title='bbox 2019 400 2106 457; x_wconf 87' lang='grc' dir='ltr'><strong>ΕΤ</strong></span> <span class='ocrx_word' id='word_1_6' title='bbox 2145 405 2555 467; x_wconf 69' lang='grc' dir='ltr'><strong>ΤΕΤΒΕΒΕᾸΞ.</strong></span> 
     </span>
    </p>
   </div>
   <div class='ocr_carea' id='block_1_3' title="bbox 3378 422 3483 484">
    <p class='ocr_par' dir='ltr' id='par_1_3' title="bbox 3378 422 3483 484">
     <span class='ocr_line' id='line_1_3' title="bbox 3378 422 3483 484; baseline 0.048 -4"><span class='ocrx_word' id='word_1_7' title='bbox 3378 422 3483 484; x_wconf 83' lang='grc'><strong>698</strong></span> 
     </span>
    </p>
   </div>
   <div class='ocr_carea' id='block_1_4' title="bbox 218 503 3487 612">
    <p class='ocr_par' dir='ltr' id='par_1_4' title="bbox 218 503 3487 612">
     <span class='ocr_line' id='line_1_4' title="bbox 218 503 3487 612; baseline 0.011 -53"><span class='ocrx_word' id='word_1_8' title='bbox 218 503 458 565; x_wconf 88' lang='lat' dir='ltr'><strong>hendus,</strong></span> <span class='ocrx_word' id='word_1_9' title='bbox 509 511 670 573; x_wconf 82' lang='lat' dir='ltr'><strong>atque.</strong></span> <span class='ocrx_word' id='word_1_10' title='bbox 720 504 1013 562; x_wconf 91' lang='lat' dir='ltr'><strong>secundum</strong></span> <span class='ocrx_word' id='word_1_11' title='bbox 1067 505 1237 580; x_wconf 86' lang='lat' dir='ltr'><strong>legem</strong></span> <span class='ocrx_word' id='word_1_12' title='bbox 1266 514 1661 569; x_wconf 81' lang='lat' dir='ltr'><strong>examinandus</strong></span> <span class='ocrx_word' id='word_1_13' title='bbox 1694 524 1798 579; x_wconf 91' lang='lat' dir='ltr'><strong>est,</strong></span> <span class='ocrx_word' id='word_1_14' title='bbox 1831 517 1884 576; x_wconf 84' lang='lat' dir='ltr'><strong>A</strong></span> <span class='ocrx_word' id='word_1_15' title='bbox 1906 518 2070 586; x_wconf 79' lang='lat' dir='ltr'><strong>prius,</strong></span> <span class='ocrx_word' id='word_1_16' title='bbox 2101 530 2147 573; x_wconf 88' lang='lat' dir='ltr'><strong>et</strong></span> <span class='ocrx_word' id='word_1_17' title='bbox 2179 527 2469 593; x_wconf 86' lang='lat' dir='ltr'><strong>cognoverit</strong></span> <span class='ocrx_word' id='word_1_18' title='bbox 2516 529 2643 598; x_wconf 87' lang='lat' dir='ltr'><strong>quid</strong></span> <span class='ocrx_word' id='word_1_19' title='bbox 2673 529 2833 598; x_wconf 78' lang='lat' dir='ltr'><strong>faciat</strong></span> <span class='ocrx_word' id='word_1_20' title='bbox 2858 537 2884 586; x_wconf 75' lang='lat'><strong>2&#39;</strong></span> <span class='ocrx_word' id='word_1_21' title='bbox 2910 533 3090 602; x_wconf 80' lang='lat' dir='ltr'><strong>(Joan.</strong></span> <span class='ocrx_word' id='word_1_22' title='bbox 3123 552 3218 598; x_wconf 84' lang='lat' dir='ltr'><strong>vlt,</strong></span> <span class='ocrx_word' id='word_1_23' title='bbox 3253 538 3337 600; x_wconf 85' lang='lat'><strong>50,</strong></span> <span class='ocrx_word' id='word_1_24' title='bbox 3372 540 3487 612; x_wconf 83' lang='lat' dir='ltr'><strong>5i.)</strong></span> 
     </span>
    </p>
   </div>
   <div class='ocr_carea' id='block_1_5' title="bbox 217 596 1805 674">
    <p class='ocr_par' dir='ltr' id='par_1_5' title="bbox 217 596 1805 674">
     <span class='ocr_line' id='line_1_5' title="bbox 217 596 1805 674; baseline 0.005 -21"><span class='ocrx_word' id='word_1_25' title='bbox 217 609 279 653; x_wconf 87' lang='lat' dir='ltr'><strong>et</strong></span> <span class='ocrx_word' id='word_1_26' title='bbox 307 598 396 651; x_wconf 89' lang='lat' dir='ltr'><strong>vel</strong></span> <span class='ocrx_word' id='word_1_27' title='bbox 445 597 601 667; x_wconf 85' lang='lat' dir='ltr'><strong>legali</strong></span> <span class='ocrx_word' id='word_1_28' title='bbox 646 596 852 666; x_wconf 89' lang='lat' dir='ltr'><strong>judicio</strong></span> <span class='ocrx_word' id='word_1_29' title='bbox 902 600 1206 656; x_wconf 87' lang='lat' dir='ltr'><strong>liberandus</strong></span> <span class='ocrx_word' id='word_1_30' title='bbox 1237 604 1318 658; x_wconf 90' lang='lat' dir='ltr'><strong>vel</strong></span> <span class='ocrx_word' id='word_1_31' title='bbox 1349 606 1647 674; x_wconf 73' lang='lat' dir='ltr'><strong>puniendus</strong></span> <span class='ocrx_word' id='word_1_32' title='bbox 1687 617 1805 662; x_wconf 91' lang='lat' dir='ltr'><strong>est:</strong></span> 
     </span>
    </p>
   </div>
   <div class='ocr_carea' id='block_1_6' title="bbox 223 690 1810 768">
    <p class='ocr_par' dir='ltr' id='par_1_6' title="bbox 223 690 1810 768">
     <span class='ocr_line' id='line_1_6' title="bbox 223 690 1810 768; baseline 0.008 -26"><span class='ocrx_word' id='word_1_33' title='bbox 223 690 531 759; x_wconf 63' lang='lat' dir='ltr'><strong>praesertim</strong></span> <span class='ocrx_word' id='word_1_34' title='bbox 561 706 682 744; x_wconf 89' lang='lat' dir='ltr'><strong>cum</strong></span> <span class='ocrx_word' id='word_1_35' title='bbox 719 692 856 745; x_wconf 91' lang='lat' dir='ltr'><strong>sicut</strong></span> <span class='ocrx_word' id='word_1_36' title='bbox 887 693 1188 748; x_wconf 86' lang='lat' dir='ltr'><strong>audivimus</strong></span> <span class='ocrx_word' id='word_1_37' title='bbox 1209 705 1520 766; x_wconf 46' lang='lat' dir='ltr'><strong>,parentum</strong></span> <span class='ocrx_word' id='word_1_38' title='bbox 1552 697 1669 752; x_wconf 90' lang='lat' dir='ltr'><strong>loco</strong></span> <span class='ocrx_word' id='word_1_39' title='bbox 1697 699 1810 768; x_wconf 87' lang='lat' dir='ltr'><strong>ipse</strong></span> 
     </span>
    </p>
   </div>
   <div class='ocr_carea' id='block_1_7' title="bbox 223 780 1806 858">
    <p class='ocr_par' dir='ltr' id='par_1_7' title="bbox 223 780 1806 858">
     <span class='ocr_line' id='line_1_7' title="bbox 223 780 1806 858; baseline 0.006 -23"><span class='ocrx_word' id='word_1_40' title='bbox 223 797 348 835; x_wconf 85' lang='lat' dir='ltr'><strong>eam</strong></span> <span class='ocrx_word' id='word_1_41' title='bbox 407 780 651 852; x_wconf 84' lang='lat' dir='ltr'><strong>legaliter</strong></span> <span class='ocrx_word' id='word_1_42' title='bbox 702 784 898 838; x_wconf 91' lang='lat' dir='ltr'><strong>marito</strong></span> <span class='ocrx_word' id='word_1_43' title='bbox 950 787 1252 851; x_wconf 91' lang='lat' dir='ltr'><strong>tradiderit,</strong></span> <span class='ocrx_word' id='word_1_44' title='bbox 1308 805 1469 858; x_wconf 91' lang='lat' dir='ltr'><strong>quem</strong></span> <span class='ocrx_word' id='word_1_45' title='bbox 1516 792 1806 846; x_wconf 84' lang='lat' dir='ltr'><strong>secundum</strong></span> 
     </span>
    </p>
   </div>
   <div class='ocr_carea' id='block_1_8' title="bbox 225 869 1809 945">
    <p class='ocr_par' dir='ltr' id='par_1_8' title="bbox 225 869 1809 945">
     <span class='ocr_line' id='line_1_8' title="bbox 225 869 1809 945; baseline 0.009 -22"><span class='ocrx_word' id='word_1_46' title='bbox 225 871 444 924; x_wconf 85' lang='lat' dir='ltr'><strong>Domini</strong></span> <span class='ocrx_word' id='word_1_47' title='bbox 498 887 593 941; x_wconf 91' lang='lat' dir='ltr'><strong>per</strong></span> <span class='ocrx_word' id='word_1_48' title='bbox 639 869 853 944; x_wconf 81' lang='lat' dir='ltr'><strong>Moysen</strong></span> <span class='ocrx_word' id='word_1_49' title='bbox 884 885 1235 945; x_wconf 65' lang='lat' dir='ltr'><strong>praeceptum,</strong></span> <span class='ocrx_word' id='word_1_50' title='bbox 1269 889 1502 945; x_wconf 80' lang='lat' dir='ltr'><strong>oportet,</strong></span> <span class='ocrx_word' id='word_1_51' title='bbox 1550 881 1710 936; x_wconf 89' lang='lat' dir='ltr'><strong>etiam</strong></span> <span class='ocrx_word' id='word_1_52' title='bbox 1763 883 1809 937; x_wconf 90' lang='lat' dir='ltr'><strong>si</strong></span> 
     </span>
    </p>
   </div>
   <div class='ocr_carea' id='block_1_9' title="bbox 225 965 1807 1036">
    <p class='ocr_par' dir='ltr' id='par_1_9' title="bbox 225 965 1807 1036">
     <span class='ocr_line' id='line_1_9' title="bbox 225 965 1807 1036; baseline 0.01 -21"><span class='ocrx_word' id='word_1_53' title='bbox 225 967 384 1036; x_wconf 78' lang='lat' dir='ltr'><strong>virgo</strong></span> <span class='ocrx_word' id='word_1_54' title='bbox 412 965 462 1018; x_wconf 92' lang='lat' dir='ltr'><strong>in</strong></span> <span class='ocrx_word' id='word_1_55' title='bbox 492 966 636 1020; x_wconf 88' lang='lat' dir='ltr'><strong>coitu</strong></span> <span class='ocrx_word' id='word_1_56' title='bbox 668 968 842 1035; x_wconf 90' lang='lat' dir='ltr'><strong>primo</strong></span> <span class='ocrx_word' id='word_1_57' title='bbox 891 967 1106 1025; x_wconf 87' lang='lat' dir='ltr'><strong>inventa</strong></span> <span class='ocrx_word' id='word_1_58' title='bbox 1161 987 1264 1026; x_wconf 91' lang='lat' dir='ltr'><strong>non</strong></span> <span class='ocrx_word' id='word_1_59' title='bbox 1319 983 1422 1035; x_wconf 90' lang='lat' dir='ltr'><strong>est,</strong></span> <span class='ocrx_word' id='word_1_60' title='bbox 1477 984 1568 1030; x_wconf 91' lang='lat' dir='ltr'><strong>aut</strong></span> <span class='ocrx_word' id='word_1_61' title='bbox 1607 976 1807 1032; x_wconf 91' lang='lat' dir='ltr'><strong>indicia</strong></span> 
     </span>
    </p>
   </div>
   <div class='ocr_carea' id='block_1_10' title="bbox 224 1056 1810 1132">
    <p class='ocr_par' dir='ltr' id='par_1_10' title="bbox 224 1056 1810 1132">
     <span class='ocr_line' id='line_1_10' title="bbox 224 1056 1810 1132; baseline 0.006 -21"><span class='ocrx_word' id='word_1_62' title='bbox 224 1066 394 1111; x_wconf 71' lang='lat' dir='ltr'><strong>certa:</strong></span> <span class='ocrx_word' id='word_1_63' title='bbox 442 1056 768 1126; x_wconf 88' lang='lat' dir='ltr'><strong>virginitatis</strong></span> <span class='ocrx_word' id='word_1_64' title='bbox 797 1059 1101 1125; x_wconf 72' lang='lat' dir='ltr'><strong>ostendere,</strong></span> <span class='ocrx_word' id='word_1_65' title='bbox 1137 1072 1230 1118; x_wconf 89' lang='lat' dir='ltr'><strong>aut</strong></span> <span class='ocrx_word' id='word_1_66' title='bbox 1283 1062 1674 1132; x_wconf 87' lang='lat' dir='ltr'><strong>objectionihus</strong></span> <span class='ocrx_word' id='word_1_67' title='bbox 1697 1078 1810 1122; x_wconf 87' lang='lat' dir='ltr'><strong>stu-</strong></span> 
     </span>
    </p>
   </div>
   <div class='ocr_carea' id='block_1_11' title="bbox 227 1146 1809 1224">
    <p class='ocr_par' dir='ltr' id='par_1_11' title="bbox 227 1146 1809 1224">
     <span class='ocr_line' id='line_1_11' title="bbox 227 1146 1809 1224; baseline 0.008 -24"><span class='ocrx_word' id='word_1_68' title='bbox 227 1149 311 1216; x_wconf 91' lang='lat' dir='ltr'><strong>pri</strong></span> <span class='ocrx_word' id='word_1_69' title='bbox 350 1148 692 1210; x_wconf 82' lang='lat' dir='ltr'><strong>concredere,</strong></span> <span class='ocrx_word' id='word_1_70' title='bbox 726 1163 791 1203; x_wconf 89' lang='lat' dir='ltr'><strong>ne</strong></span> <span class='ocrx_word' id='word_1_71' title='bbox 829 1146 969 1204; x_wconf 89' lang='lat' dir='ltr'><strong>forte</strong></span> <span class='ocrx_word' id='word_1_72' title='bbox 997 1166 1090 1206; x_wconf 89' lang='lat' dir='ltr'><strong>eos</strong></span> <span class='ocrx_word' id='word_1_73' title='bbox 1133 1153 1222 1222; x_wconf 92' lang='lat' dir='ltr'><strong>qui</strong></span> <span class='ocrx_word' id='word_1_74' title='bbox 1264 1152 1408 1222; x_wconf 86' lang='lat' dir='ltr'><strong>juste</strong></span> <span class='ocrx_word' id='word_1_75' title='bbox 1448 1154 1692 1224; x_wconf 89' lang='lat' dir='ltr'><strong>judicare</strong></span> <span class='ocrx_word' id='word_1_76' title='bbox 1715 1173 1809 1212; x_wconf 88' lang='lat' dir='ltr'><strong>cu-</strong></span> 
     </span>
    </p>
   </div>
   <div class='ocr_carea' id='block_1_12' title="bbox 225 1238 1808 1317">
    <p class='ocr_par' dir='ltr' id='par_1_12' title="bbox 225 1238 1808 1317">
     <span class='ocr_line' id='line_1_12' title="bbox 225 1238 1808 1317; baseline 0.008 -27"><span class='ocrx_word' id='word_1_77' title='bbox 225 1238 406 1305; x_wconf 91' lang='lat' dir='ltr'><strong>piunt,</strong></span> <span class='ocrx_word' id='word_1_78' title='bbox 443 1241 782 1306; x_wconf 69' lang='lat' dir='ltr'><strong>quaecunque</strong></span> <span class='ocrx_word' id='word_1_79' title='bbox 829 1240 1063 1308; x_wconf 89' lang='lat' dir='ltr'><strong>suspicio</strong></span> <span class='ocrx_word' id='word_1_80' title='bbox 1108 1244 1375 1308; x_wconf 78' lang='lat' dir='ltr'><strong>mordeat,</strong></span> <span class='ocrx_word' id='word_1_81' title='bbox 1424 1255 1479 1300; x_wconf 92' lang='lat' dir='ltr'><strong>et</strong></span> <span class='ocrx_word' id='word_1_82' title='bbox 1507 1247 1598 1316; x_wconf 87' lang='lat' dir='ltr'><strong>qui</strong></span> <span class='ocrx_word' id='word_1_83' title='bbox 1628 1249 1808 1317; x_wconf 78' lang='lat' dir='ltr'><strong>potius</strong></span> 
     </span>
    </p>
   </div>
   <div class='ocr_carea' id='block_1_13' title="bbox 226 1329 1811 1408">
    <p class='ocr_par' dir='ltr' id='par_1_13' title="bbox 226 1329 1811 1408">
     <span class='ocr_line' id='line_1_13' title="bbox 226 1329 1811 1408; baseline 0.008 -24"><span class='ocrx_word' id='word_1_84' title='bbox 226 1329 451 1384; x_wconf 89' lang='lat' dir='ltr'><strong>student</strong></span> <span class='ocrx_word' id='word_1_85' title='bbox 475 1337 531 1384; x_wconf 92' lang='lat' dir='ltr'><strong>et</strong></span> <span class='ocrx_word' id='word_1_86' title='bbox 553 1329 732 1385; x_wconf 87' lang='lat' dir='ltr'><strong>valent</strong></span> <span class='ocrx_word' id='word_1_87' title='bbox 769 1331 958 1388; x_wconf 86' lang='lat' dir='ltr'><strong>alienis</strong></span> <span class='ocrx_word' id='word_1_88' title='bbox 986 1335 1298 1403; x_wconf 85' lang='lat' dir='ltr'><strong>detrahere,</strong></span> <span class='ocrx_word' id='word_1_89' title='bbox 1345 1355 1506 1408; x_wconf 90' lang='lat' dir='ltr'><strong>quam</strong></span> <span class='ocrx_word' id='word_1_90' title='bbox 1553 1356 1649 1395; x_wconf 89' lang='lat' dir='ltr'><strong>sua</strong></span> <span class='ocrx_word' id='word_1_91' title='bbox 1698 1350 1811 1397; x_wconf 83' lang='lat' dir='ltr'><strong>sta—</strong></span> 
     </span>
    </p>
   </div>
   <div class='ocr_carea' id='block_1_14' title="bbox 229 1419 1810 1495">
    <p class='ocr_par' dir='ltr' id='par_1_14' title="bbox 229 1419 1810 1495">
     <span class='ocr_line' id='line_1_14' title="bbox 229 1419 1810 1495; baseline 0.009 -21"><span class='ocrx_word' id='word_1_92' title='bbox 229 1429 403 1482; x_wconf 88' lang='lat' dir='ltr'><strong>tuere,</strong></span> <span class='ocrx_word' id='word_1_93' title='bbox 428 1419 604 1476; x_wconf 89' lang='lat' dir='ltr'><strong>locum</strong></span> <span class='ocrx_word' id='word_1_94' title='bbox 635 1423 926 1495; x_wconf 88' lang='lat' dir='ltr'><strong>derogandi</strong></span> <span class='ocrx_word' id='word_1_95' title='bbox 955 1426 1246 1491; x_wconf 90' lang='lat' dir='ltr'><strong>inveniant,</strong></span> <span class='ocrx_word' id='word_1_96' title='bbox 1274 1430 1513 1486; x_wconf 84' lang='lat' dir='ltr'><strong>dicentes</strong></span> <span class='ocrx_word' id='word_1_97' title='bbox 1539 1450 1552 1485; x_wconf 89' lang='lat'><strong>:</strong></span> <span class='ocrx_word' id='word_1_98' title='bbox 1588 1433 1810 1488; x_wconf 85' lang='lat' dir='ltr'><strong>Femina</strong></span> 
     </span>
    </p>
   </div>
   <div class='ocr_carea' id='block_1_15' title="bbox 228 1512 1812 1591">
    <p class='ocr_par' dir='ltr' id='par_1_15' title="bbox 228 1512 1812 1591">
     <span class='ocr_line' id='line_1_15' title="bbox 228 1512 1812 1591; baseline 0.009 -27"><span class='ocrx_word' id='word_1_99' title='bbox 228 1512 284 1564; x_wconf 92' lang='lat' dir='ltr'><strong>in</strong></span> <span class='ocrx_word' id='word_1_100' title='bbox 327 1513 574 1567; x_wconf 87' lang='lat' dir='ltr'><strong>custodia</strong></span> <span class='ocrx_word' id='word_1_101' title='bbox 607 1515 768 1568; x_wconf 92' lang='lat' dir='ltr'><strong>minis</strong></span> <span class='ocrx_word' id='word_1_102' title='bbox 819 1525 873 1569; x_wconf 90' lang='lat' dir='ltr'><strong>et</strong></span> <span class='ocrx_word' id='word_1_103' title='bbox 905 1516 1283 1574; x_wconf 79' lang='lat' dir='ltr'><strong>afﬂictionibus</strong></span> <span class='ocrx_word' id='word_1_104' title='bbox 1333 1523 1641 1591; x_wconf 89' lang='lat' dir='ltr'><strong>perterrita,</strong></span> <span class='ocrx_word' id='word_1_105' title='bbox 1678 1524 1812 1579; x_wconf 86' lang='lat' dir='ltr'><strong>nihil</strong></span> 
     </span>
    </p>
   </div>
   <div class='ocr_carea' id='block_1_16' title="bbox 227 1605 1807 1676">
    <p class='ocr_par' dir='ltr' id='par_1_16' title="bbox 227 1605 1807 1676">
     <span class='ocr_line' id='line_1_16' title="bbox 227 1605 1807 1676; baseline 0.011 -20"><span class='ocrx_word' id='word_1_106' title='bbox 227 1605 376 1658; x_wconf 80' lang='lat' dir='ltr'><strong>aliud</strong></span> <span class='ocrx_word' id='word_1_107' title='bbox 407 1605 508 1659; x_wconf 90' lang='lat' dir='ltr'><strong>nisi</strong></span> <span class='ocrx_word' id='word_1_108' title='bbox 539 1607 679 1676; x_wconf 89' lang='lat' dir='ltr'><strong>quod</strong></span> <span class='ocrx_word' id='word_1_109' title='bbox 729 1607 778 1663; x_wconf 90' lang='lat' dir='ltr'><strong>ei</strong></span> <span class='ocrx_word' id='word_1_110' title='bbox 818 1608 1041 1675; x_wconf 87' lang='lat' dir='ltr'><strong>jubetur</strong></span> <span class='ocrx_word' id='word_1_111' title='bbox 1086 1613 1247 1668; x_wconf 86' lang='lat' dir='ltr'><strong>audet</strong></span> <span class='ocrx_word' id='word_1_112' title='bbox 1281 1625 1373 1669; x_wconf 90' lang='lat' dir='ltr'><strong>aut</strong></span> <span class='ocrx_word' id='word_1_113' title='bbox 1412 1615 1554 1670; x_wconf 90' lang='lat' dir='ltr'><strong>valet</strong></span> <span class='ocrx_word' id='word_1_114' title='bbox 1608 1617 1807 1672; x_wconf 84' lang='lat' dir='ltr'><strong>dicere.</strong></span> 
     </span>
    </p>
   </div>
   <div class='ocr_carea' id='block_1_17' title="bbox 229 1693 1814 1778">
    <p class='ocr_par' dir='ltr' id='par_1_17' title="bbox 229 1693 1814 1778">
     <span class='ocr_line' id='line_1_17' title="bbox 229 1693 1814 1778; baseline 0.009 -30"><span class='ocrx_word' id='word_1_115' title='bbox 229 1693 430 1750; x_wconf 75' lang='lat' dir='ltr'><strong>Veniat</strong></span> <span class='ocrx_word' id='word_1_116' title='bbox 453 1696 540 1751; x_wconf 87' lang='lat' dir='ltr'><strong>ille</strong></span> <span class='ocrx_word' id='word_1_117' title='bbox 569 1699 659 1766; x_wconf 87' lang='lat' dir='ltr'><strong>qui</strong></span> <span class='ocrx_word' id='word_1_118' title='bbox 704 1699 756 1753; x_wconf 90' lang='lat' dir='ltr'><strong>in</strong></span> <span class='ocrx_word' id='word_1_119' title='bbox 781 1716 874 1754; x_wconf 91' lang='lat' dir='ltr'><strong>sua</strong></span> <span class='ocrx_word' id='word_1_120' title='bbox 902 1702 1153 1759; x_wconf 85' lang='lat' dir='ltr'><strong>libertate</strong></span> <span class='ocrx_word' id='word_1_121' title='bbox 1180 1714 1286 1770; x_wconf 88' lang='lat' dir='ltr'><strong>est,</strong></span> <span class='ocrx_word' id='word_1_122' title='bbox 1317 1714 1371 1761; x_wconf 91' lang='lat' dir='ltr'><strong>et</strong></span> <span class='ocrx_word' id='word_1_123' title='bbox 1423 1706 1690 1778; x_wconf 83' lang='lat' dir='ltr'><strong>legaliter,</strong></span> <span class='ocrx_word' id='word_1_124' title='bbox 1719 1716 1814 1762; x_wconf 88' lang='lat' dir='ltr'><strong>aut</strong></span> 
     </span>
    </p>
   </div>
   <div class='ocr_carea' id='block_1_18' title="bbox 227 1791 1811 1867">
    <p class='ocr_par' dir='ltr' id='par_1_18' title="bbox 227 1791 1811 1867">
     <span class='ocr_line' id='line_1_18' title="bbox 227 1791 1811 1867; baseline 0.009 -25"><span class='ocrx_word' id='word_1_125' title='bbox 227 1791 374 1860; x_wconf 90' lang='lat' dir='ltr'><strong>quod</strong></span> <span class='ocrx_word' id='word_1_126' title='bbox 405 1791 454 1845; x_wconf 93' lang='lat' dir='ltr'><strong>ei</strong></span> <span class='ocrx_word' id='word_1_127' title='bbox 496 1792 807 1862; x_wconf 81' lang='lat' dir='ltr'><strong>impingitur</strong></span> <span class='ocrx_word' id='word_1_128' title='bbox 832 1795 1121 1853; x_wconf 88' lang='lat' dir='ltr'><strong>defendens</strong></span> <span class='ocrx_word' id='word_1_129' title='bbox 1161 1798 1440 1867; x_wconf 78' lang='lat' dir='ltr'><strong>liberetur,</strong></span> <span class='ocrx_word' id='word_1_130' title='bbox 1476 1812 1569 1857; x_wconf 88' lang='lat' dir='ltr'><strong>aut</strong></span> <span class='ocrx_word' id='word_1_131' title='bbox 1609 1802 1714 1857; x_wconf 90' lang='lat' dir='ltr'><strong>illis</strong></span> <span class='ocrx_word' id='word_1_132' title='bbox 1742 1801 1811 1856; x_wconf 89' lang='lat' dir='ltr'><strong>de</strong></span> 
     </span>
    </p>
   </div>
   <div class='ocr_carea' id='block_1_19' title="bbox 1916 609 3488 697">
    <p class='ocr_par' dir='ltr' id='par_1_19' title="bbox 1916 609 3488 697">
     <span class='ocr_line' id='line_1_19' title="bbox 1916 609 3488 697; baseline 0.014 -35"><span class='ocrx_word' id='word_1_133' title='bbox 1916 609 1983 663; x_wconf 87' lang='lat' dir='ltr'><strong>Et</strong></span> <span class='ocrx_word' id='word_1_134' title='bbox 2022 611 2278 697; x_wconf 72' lang='lat' dir='ltr'><strong>Dominus</strong></span> <span class='ocrx_word' id='word_1_135' title='bbox 2312 633 2325 668; x_wconf 89' lang='lat'><strong>:</strong></span> <span class='ocrx_word' id='word_1_136' title='bbox 2372 615 2550 672; x_wconf 82' lang='lat' dir='ltr'><strong>Nolite</strong></span> <span class='ocrx_word' id='word_1_137' title='bbox 2570 623 2852 674; x_wconf 79' lang='lat' dir='ltr'><strong>secundum</strong></span> <span class='ocrx_word' id='word_1_138' title='bbox 2879 623 3068 691; x_wconf 82' lang='lat' dir='ltr'><strong>faciem</strong></span> <span class='ocrx_word' id='word_1_139' title='bbox 3104 627 3370 695; x_wconf 84' lang='lat' dir='ltr'><strong>judicare,</strong></span> <span class='ocrx_word' id='word_1_140' title='bbox 3397 609 3488 684; x_wconf 79' lang='lat' dir='ltr'><strong>sed</strong></span> 
     </span>
    </p>
   </div>
   <div class='ocr_carea' id='block_1_20' title="bbox 1904 699 3486 785">
    <p class='ocr_par' dir='ltr' id='par_1_20' title="bbox 1904 699 3486 785">
     <span class='ocr_line' id='line_1_20' title="bbox 1904 699 3486 785; baseline 0.015 -35"><span class='ocrx_word' id='word_1_141' title='bbox 1904 699 2110 768; x_wconf 84' lang='lat' dir='ltr'><strong>justum</strong></span> <span class='ocrx_word' id='word_1_142' title='bbox 2167 703 2428 771; x_wconf 82' lang='lat' dir='ltr'><strong>judicium</strong></span> <span class='ocrx_word' id='word_1_143' title='bbox 2465 707 2700 776; x_wconf 86' lang='lat' dir='ltr'><strong>judicale</strong></span> <span class='ocrx_word' id='word_1_144' title='bbox 2724 710 2918 779; x_wconf 82' lang='lat' dir='ltr'><strong>l(ibid.,</strong></span> <span class='ocrx_word' id='word_1_145' title='bbox 2997 714 3109 785; x_wconf 78' lang='grc'><strong>24).</strong></span> <span class='ocrx_word' id='word_1_146' title='bbox 3163 715 3227 770; x_wconf 83' lang='lat' dir='ltr'><strong>Et</strong></span> <span class='ocrx_word' id='word_1_147' title='bbox 3267 730 3486 774; x_wconf 88' lang='lat' dir='ltr'><strong>sanctus</strong></span> 
     </span>
    </p>
   </div>
   <div class='ocr_carea' id='block_1_21' title="bbox 1915 789 3484 878">
    <p class='ocr_par' dir='ltr' id='par_1_21' title="bbox 1915 789 3484 878">
     <span class='ocr_line' id='line_1_21' title="bbox 1915 789 3484 878; baseline 0.013 -36"><span class='ocrx_word' id='word_1_148' title='bbox 1915 789 2211 858; x_wconf 80' lang='lat' dir='ltr'><strong>Gregorius</strong></span> <span class='ocrx_word' id='word_1_149' title='bbox 2234 793 2300 847; x_wconf 89' lang='lat' dir='ltr'><strong>ab</strong></span> <span class='ocrx_word' id='word_1_150' title='bbox 2349 793 2610 851; x_wconf 87' lang='lat' dir='ltr'><strong>Sabinum</strong></span> <span class='ocrx_word' id='word_1_151' title='bbox 2642 799 3026 856; x_wconf 89' lang='lat' dir='ltr'><strong>subdiaconum</strong></span> <span class='ocrx_word' id='word_1_152' title='bbox 3055 805 3121 859; x_wconf 91' lang='lat' dir='ltr'><strong>de</strong></span> <span class='ocrx_word' id='word_1_153' title='bbox 3147 809 3484 878; x_wconf 87' lang='lat' dir='ltr'><strong>presbytero,</strong></span> 
     </span>
    </p>
   </div>
   <div class='ocr_carea' id='block_1_22' title="bbox 1915 880 3482 952">
    <p class='ocr_par' dir='ltr' id='par_1_22' title="bbox 1915 880 3482 952">
     <span class='ocr_line' id='line_1_22' title="bbox 1915 880 3482 952; baseline 0.013 -22"><span class='ocrx_word' id='word_1_154' title='bbox 1915 880 2003 947; x_wconf 91' lang='lat' dir='ltr'><strong>qui</strong></span> <span class='ocrx_word' id='word_1_155' title='bbox 2039 880 2304 935; x_wconf 76' lang='lat' dir='ltr'><strong>Sodomizr</strong></span> <span class='ocrx_word' id='word_1_156' title='bbox 2327 883 2532 938; x_wconf 85' lang='lat' dir='ltr'><strong>nefario</strong></span> <span class='ocrx_word' id='word_1_157' title='bbox 2563 889 2764 943; x_wconf 81' lang='lat' dir='ltr'><strong>scelere</strong></span> <span class='ocrx_word' id='word_1_158' title='bbox 2786 901 2839 944; x_wconf 88' lang='lat' dir='ltr'><strong>et</strong></span> <span class='ocrx_word' id='word_1_159' title='bbox 2869 892 3166 950; x_wconf 81' lang='lat' dir='ltr'><strong>idololatria</strong></span> <span class='ocrx_word' id='word_1_160' title='bbox 3191 897 3482 952; x_wconf 86' lang='lat' dir='ltr'><strong>denotaba-</strong></span> 
     </span>
    </p>
   </div>
   <div class='ocr_carea' id='block_1_23' title="bbox 1915 973 3480 1056">
    <p class='ocr_par' dir='ltr' id='par_1_23' title="bbox 1915 973 3480 1056">
     <span class='ocr_line' id='line_1_23' title="bbox 1915 973 3480 1056; baseline 0.012 -33"><span class='ocrx_word' id='word_1_161' title='bbox 1915 979 2022 1036; x_wconf 91' lang='lat' dir='ltr'><strong>tur,</strong></span> <span class='ocrx_word' id='word_1_162' title='bbox 2037 973 2226 1027; x_wconf 88' lang='lat' dir='ltr'><strong>scribit</strong></span> <span class='ocrx_word' id='word_1_163' title='bbox 2247 973 2483 1044; x_wconf 85' lang='lat' dir='ltr'><strong>(lib.vnt,</strong></span> <span class='ocrx_word' id='word_1_164' title='bbox 2499 979 2649 1045; x_wconf 81' lang='lat' dir='ltr'><strong>epist.</strong></span> <span class='ocrx_word' id='word_1_165' title='bbox 2667 979 2721 1049; x_wconf 83' lang='lat'><strong>5)</strong></span> <span class='ocrx_word' id='word_1_166' title='bbox 2743 1000 2755 1034; x_wconf 87' lang='lat'>:</span> <span class='ocrx_word' id='word_1_167' title='bbox 2777 981 3192 1049; x_wconf 70' lang='lat' dir='ltr'><strong>«Quorumdam,</strong></span> <span class='ocrx_word' id='word_1_168' title='bbox 3213 987 3480 1056; x_wconf 86' lang='lat' dir='ltr'><strong>inquiens,</strong></span> 
     </span>
    </p>
   </div>
   <div class='ocr_carea' id='block_1_24' title="bbox 1912 1063 3480 1144">
    <p class='ocr_par' dir='ltr' id='par_1_24' title="bbox 1912 1063 3480 1144">
     <span class='ocr_line' id='line_1_24' title="bbox 1912 1063 3480 1144; baseline 0.01 -26"><span class='ocrx_word' id='word_1_169' title='bbox 1912 1063 2176 1120; x_wconf 86' lang='lat' dir='ltr'><strong>relatione</strong></span> <span class='ocrx_word' id='word_1_170' title='bbox 2198 1066 2459 1135; x_wconf 90' lang='lat' dir='ltr'><strong>perlatum</strong></span> <span class='ocrx_word' id='word_1_171' title='bbox 2485 1078 2586 1134; x_wconf 83' lang='lat' dir='ltr'><strong>est,</strong></span> <span class='ocrx_word' id='word_1_172' title='bbox 2615 1072 2740 1140; x_wconf 88' lang='lat' dir='ltr'><strong>quia</strong></span> <span class='ocrx_word' id='word_1_173' title='bbox 2763 1072 3032 1129; x_wconf 89' lang='lat' dir='ltr'><strong>Sisinnius</strong></span> <span class='ocrx_word' id='word_1_174' title='bbox 3057 1075 3332 1144; x_wconf 77' lang='lat' dir='ltr'><strong>Regitame</strong></span> <span class='ocrx_word' id='word_1_175' title='bbox 3353 1080 3480 1133; x_wconf 89' lang='lat' dir='ltr'><strong>civi-</strong></span> 
     </span>
    </p>
   </div>
   <div class='ocr_carea' id='block_1_25' title="bbox 1917 1154 3484 1232">
    <p class='ocr_par' dir='ltr' id='par_1_25' title="bbox 1917 1154 3484 1232">
     <span class='ocr_line' id='line_1_25' title="bbox 1917 1154 3484 1232; baseline 0.012 -28"><span class='ocrx_word' id='word_1_176' title='bbox 1917 1154 2044 1207; x_wconf 84' lang='lat' dir='ltr'><strong>tatis</strong></span> <span class='ocrx_word' id='word_1_177' title='bbox 2075 1155 2377 1225; x_wconf 90' lang='lat' dir='ltr'><strong>presbyter,</strong></span> <span class='ocrx_word' id='word_1_178' title='bbox 2409 1157 2550 1226; x_wconf 92' lang='lat' dir='ltr'><strong>quod</strong></span> <span class='ocrx_word' id='word_1_179' title='bbox 2576 1160 2761 1215; x_wconf 90' lang='lat' dir='ltr'><strong>auditu</strong></span> <span class='ocrx_word' id='word_1_180' title='bbox 2802 1162 2919 1232; x_wconf 89' lang='lat' dir='ltr'><strong>ipso</strong></span> <span class='ocrx_word' id='word_1_181' title='bbox 2954 1163 3292 1220; x_wconf 87' lang='lat' dir='ltr'><strong>intolerabile</strong></span> <span class='ocrx_word' id='word_1_182' title='bbox 3323 1168 3484 1223; x_wconf 91' lang='lat' dir='ltr'><strong>nimis</strong></span> 
     </span>
    </p>
   </div>
   <div class='ocr_carea' id='block_1_26' title="bbox 1911 1246 3486 1322">
    <p class='ocr_par' dir='ltr' id='par_1_26' title="bbox 1911 1246 3486 1322">
     <span class='ocr_line' id='line_1_26' title="bbox 1911 1246 3486 1322; baseline 0.01 -24"><span class='ocrx_word' id='word_1_183' title='bbox 1911 1253 2018 1310; x_wconf 89' lang='lat' dir='ltr'><strong>est,</strong></span> <span class='ocrx_word' id='word_1_184' title='bbox 2061 1246 2324 1302; x_wconf 90' lang='lat' dir='ltr'><strong>idolorum</strong></span> <span class='ocrx_word' id='word_1_185' title='bbox 2383 1259 2672 1305; x_wconf 79' lang='lat' dir='ltr'><strong>venerator</strong></span> <span class='ocrx_word' id='word_1_186' title='bbox 2709 1268 2774 1308; x_wconf 90' lang='lat' dir='ltr'><strong>ac</strong></span> <span class='ocrx_word' id='word_1_187' title='bbox 2823 1253 3000 1310; x_wconf 90' lang='lat' dir='ltr'><strong>cultor</strong></span> <span class='ocrx_word' id='word_1_188' title='bbox 3043 1256 3138 1322; x_wconf 89' lang='lat' dir='ltr'><strong>sit,</strong></span> <span class='ocrx_word' id='word_1_189' title='bbox 3169 1259 3302 1313; x_wconf 89' lang='lat' dir='ltr'><strong>adeo</strong></span> <span class='ocrx_word' id='word_1_190' title='bbox 3339 1268 3398 1312; x_wconf 91' lang='lat' dir='ltr'><strong>ut</strong></span> <span class='ocrx_word' id='word_1_191' title='bbox 3434 1259 3486 1313; x_wconf 92' lang='lat' dir='ltr'><strong>in</strong></span> 
     </span>
    </p>
   </div>
   <div class='ocr_carea' id='block_1_27' title="bbox 1912 1335 3487 1417">
    <p class='ocr_par' dir='ltr' id='par_1_27' title="bbox 1912 1335 3487 1417">
     <span class='ocr_line' id='line_1_27' title="bbox 1912 1335 3487 1417; baseline 0.01 -29"><span class='ocrx_word' id='word_1_192' title='bbox 1912 1335 2074 1391; x_wconf 92' lang='lat' dir='ltr'><strong>domo</strong></span> <span class='ocrx_word' id='word_1_193' title='bbox 2115 1354 2210 1392; x_wconf 86' lang='lat' dir='ltr'><strong>sua</strong></span> <span class='ocrx_word' id='word_1_194' title='bbox 2242 1338 2456 1408; x_wconf 87' lang='lat' dir='ltr'><strong>aliquod</strong></span> <span class='ocrx_word' id='word_1_195' title='bbox 2486 1341 2687 1396; x_wconf 88' lang='lat' dir='ltr'><strong>idolum</strong></span> <span class='ocrx_word' id='word_1_196' title='bbox 2719 1345 2945 1414; x_wconf 91' lang='lat' dir='ltr'><strong>positum</strong></span> <span class='ocrx_word' id='word_1_197' title='bbox 2978 1348 3178 1403; x_wconf 89' lang='lat' dir='ltr'><strong>habere</strong></span> <span class='ocrx_word' id='word_1_198' title='bbox 3199 1364 3487 1417; x_wconf 67' lang='lat' dir='ltr'><strong>praesume-</strong></span> 
     </span>
    </p>
   </div>
   <div class='ocr_carea' id='block_1_28' title="bbox 1913 1429 3489 1504">
    <p class='ocr_par' dir='ltr' id='par_1_28' title="bbox 1913 1429 3489 1504">
     <span class='ocr_line' id='line_1_28' title="bbox 1913 1429 3489 1504; baseline 0.01 -22"><span class='ocrx_word' id='word_1_199' title='bbox 1913 1438 2016 1483; x_wconf 86' lang='lat' dir='ltr'><strong>ret.</strong></span> <span class='ocrx_word' id='word_1_200' title='bbox 2047 1429 2151 1484; x_wconf 91' lang='lat' dir='ltr'><strong>Sed</strong></span> <span class='ocrx_word' id='word_1_201' title='bbox 2178 1439 2232 1484; x_wconf 90' lang='lat' dir='ltr'><strong>et</strong></span> <span class='ocrx_word' id='word_1_202' title='bbox 2269 1432 2411 1501; x_wconf 86' lang='lat' dir='ltr'><strong>quod</strong></span> <span class='ocrx_word' id='word_1_203' title='bbox 2456 1449 2561 1488; x_wconf 90' lang='lat' dir='ltr'><strong>non</strong></span> <span class='ocrx_word' id='word_1_204' title='bbox 2608 1435 2867 1493; x_wconf 89' lang='lat' dir='ltr'><strong>dissimile</strong></span> <span class='ocrx_word' id='word_1_205' title='bbox 2909 1437 3059 1494; x_wconf 80' lang='lat' dir='ltr'><strong>nefas</strong></span> <span class='ocrx_word' id='word_1_206' title='bbox 3093 1450 3198 1504; x_wconf 88' lang='lat' dir='ltr'><strong>est,</strong></span> <span class='ocrx_word' id='word_1_207' title='bbox 3222 1439 3489 1498; x_wconf 65' lang='lat' dir='ltr'><strong>Sodomita</strong></span> 
     </span>
    </p>
   </div>
   <div class='ocr_carea' id='block_1_29' title="bbox 1914 1519 3488 1600">
    <p class='ocr_par' dir='ltr' id='par_1_29' title="bbox 1914 1519 3488 1600">
     <span class='ocr_line' id='line_1_29' title="bbox 1914 1519 3488 1600; baseline 0.009 -26"><span class='ocrx_word' id='word_1_208' title='bbox 1914 1519 2062 1575; x_wconf 88' lang='lat' dir='ltr'><strong>illum</strong></span> <span class='ocrx_word' id='word_1_209' title='bbox 2087 1522 2287 1576; x_wconf 82' lang='lat' dir='ltr'><strong>scelere</strong></span> <span class='ocrx_word' id='word_1_210' title='bbox 2319 1525 2662 1579; x_wconf 87' lang='lat' dir='ltr'><strong>maculatum.</strong></span> <span class='ocrx_word' id='word_1_211' title='bbox 2699 1528 2764 1580; x_wconf 89' lang='lat' dir='ltr'><strong>Et</strong></span> <span class='ocrx_word' id='word_1_212' title='bbox 2787 1528 2904 1584; x_wconf 91' lang='lat' dir='ltr'><strong>ideo</strong></span> <span class='ocrx_word' id='word_1_213' title='bbox 2938 1531 3064 1600; x_wconf 88' lang='lat' dir='ltr'><strong>quia</strong></span> <span class='ocrx_word' id='word_1_214' title='bbox 3111 1532 3243 1585; x_wconf 90' lang='lat' dir='ltr'><strong>tanti</strong></span> <span class='ocrx_word' id='word_1_215' title='bbox 3289 1532 3488 1588; x_wconf 86' lang='lat' dir='ltr'><strong>facino-</strong></span> 
     </span>
    </p>
   </div>
   <div class='ocr_carea' id='block_1_30' title="bbox 1918 1612 3489 1692">
    <p class='ocr_par' dir='ltr' id='par_1_30' title="bbox 1918 1612 3489 1692">
     <span class='ocr_line' id='line_1_30' title="bbox 1918 1612 3489 1692; baseline 0.009 -28"><span class='ocrx_word' id='word_1_216' title='bbox 1918 1612 1992 1666; x_wconf 86' lang='lat' dir='ltr'><strong>ris</strong></span> <span class='ocrx_word' id='word_1_217' title='bbox 2021 1612 2274 1681; x_wconf 89' lang='lat' dir='ltr'><strong>iniquitas</strong></span> <span class='ocrx_word' id='word_1_218' title='bbox 2305 1615 2545 1670; x_wconf 90' lang='lat' dir='ltr'><strong>districta</strong></span> <span class='ocrx_word' id='word_1_219' title='bbox 2595 1633 2657 1671; x_wconf 88' lang='lat' dir='ltr'><strong>ac</strong></span> <span class='ocrx_word' id='word_1_220' title='bbox 2685 1618 2862 1672; x_wconf 89' lang='lat' dir='ltr'><strong>subtili</strong></span> <span class='ocrx_word' id='word_1_221' title='bbox 2911 1620 3319 1690; x_wconf 81' lang='lat' dir='ltr'><strong>investigatione</strong></span> <span class='ocrx_word' id='word_1_222' title='bbox 3342 1638 3489 1692; x_wconf 71' lang='lat' dir='ltr'><strong>quaa-</strong></span> 
     </span>
    </p>
   </div>
   <div class='ocr_carea' id='block_1_31' title="bbox 1920 1703 3485 1784">
    <p class='ocr_par' dir='ltr' id='par_1_31' title="bbox 1920 1703 3485 1784">
     <span class='ocr_line' id='line_1_31' title="bbox 1920 1703 3485 1784; baseline 0.008 -29"><span class='ocrx_word' id='word_1_223' title='bbox 1920 1703 2081 1756; x_wconf 89' lang='lat' dir='ltr'><strong>renda</strong></span> <span class='ocrx_word' id='word_1_224' title='bbox 2109 1714 2270 1774; x_wconf 87' lang='lat' dir='ltr'><strong>atque</strong></span> <span class='ocrx_word' id='word_1_225' title='bbox 2299 1705 2576 1774; x_wconf 90' lang='lat' dir='ltr'><strong>plectenda</strong></span> <span class='ocrx_word' id='word_1_226' title='bbox 2597 1718 2705 1773; x_wconf 91' lang='lat' dir='ltr'><strong>est,</strong></span> <span class='ocrx_word' id='word_1_227' title='bbox 2733 1710 2832 1762; x_wconf 92' lang='lat' dir='ltr'><strong>hac</strong></span> <span class='ocrx_word' id='word_1_228' title='bbox 2862 1711 2955 1764; x_wconf 92' lang='lat' dir='ltr'><strong>tibi</strong></span> <span class='ocrx_word' id='word_1_229' title='bbox 2997 1712 3319 1768; x_wconf 87' lang='lat' dir='ltr'><strong>auctoritate</strong></span> <span class='ocrx_word' id='word_1_230' title='bbox 3345 1730 3485 1784; x_wconf 80' lang='lat' dir='ltr'><strong>prae-</strong></span> 
     </span>
    </p>
   </div>
   <div class='ocr_carea' id='block_1_32' title="bbox 1920 1795 3486 1880">
    <p class='ocr_par' dir='ltr' id='par_1_32' title="bbox 1920 1795 3486 1880">
     <span class='ocr_line' id='line_1_32' title="bbox 1920 1795 3486 1880; baseline 0.008 -33"><span class='ocrx_word' id='word_1_231' title='bbox 1920 1795 2168 1865; x_wconf 90' lang='lat' dir='ltr'><strong>cipimus,</strong></span> <span class='ocrx_word' id='word_1_232' title='bbox 2224 1805 2282 1850; x_wconf 92' lang='lat' dir='ltr'><strong>ut</strong></span> <span class='ocrx_word' id='word_1_233' title='bbox 2340 1799 2582 1867; x_wconf 82' lang='lat' dir='ltr'><strong>vigilanti</strong></span> <span class='ocrx_word' id='word_1_234' title='bbox 2627 1801 2908 1880; x_wconf 59' lang='lat' dir='ltr'><strong>studio..et</strong></span> <span class='ocrx_word' id='word_1_235' title='bbox 2956 1803 3191 1875; x_wconf 84' lang='lat' dir='ltr'><strong>diligenti</strong></span> <span class='ocrx_word' id='word_1_236' title='bbox 3267 1805 3486 1862; x_wconf 86' lang='lat' dir='ltr'><strong>omnino</strong></span> 
     </span>
    </p>
   </div>
   <div class='ocr_carea' id='block_1_33' title="bbox 228 1873 3483 1965">
    <p class='ocr_par' dir='ltr' id='par_1_33' title="bbox 228 1873 3483 1965">
     <span class='ocr_line' id='line_1_33' title="bbox 228 1873 3483 1965; baseline 0.006 -31"><span class='ocrx_word' id='word_1_237' title='bbox 228 1880 428 1951; x_wconf 87' lang='lat' dir='ltr'><strong>quibus</strong></span> <span class='ocrx_word' id='word_1_238' title='bbox 449 1891 748 1952; x_wconf 89' lang='lat' dir='ltr'><strong>reputatur,</strong></span> <span class='ocrx_word' id='word_1_239' title='bbox 777 1889 1032 1954; x_wconf 85' lang='lat' dir='ltr'><strong>quoniam</strong></span> <span class='ocrx_word' id='word_1_240' title='bbox 1052 1907 1158 1945; x_wconf 87' lang='lat' dir='ltr'><strong>non</strong></span> <span class='ocrx_word' id='word_1_241' title='bbox 1195 1891 1366 1946; x_wconf 83' lang='lat' dir='ltr'><strong>solum</strong></span> <span class='ocrx_word' id='word_1_242' title='bbox 1395 1894 1686 1965; x_wconf 76' lang='lat' dir='ltr'><strong>particeps,</strong></span> <span class='ocrx_word' id='word_1_243' title='bbox 1711 1893 1807 1948; x_wconf 81' lang='lat' dir='ltr'><strong>sed</strong></span> <span class='ocrx_word' id='word_1_244' title='bbox 1837 1873 1883 1932; x_wconf 85' lang='grc' dir='ltr'><strong>Β</strong></span> <span class='ocrx_word' id='word_1_245' title='bbox 1912 1902 2040 1942; x_wconf 88' lang='lat' dir='ltr'><strong>cura</strong></span> <span class='ocrx_word' id='word_1_246' title='bbox 2074 1889 2354 1958; x_wconf 87' lang='lat' dir='ltr'><strong>perquiras</strong></span> <span class='ocrx_word' id='word_1_247' title='bbox 2383 1909 2392 1942; x_wconf 93' lang='lat'><strong>:</strong></span> <span class='ocrx_word' id='word_1_248' title='bbox 2419 1901 2471 1944; x_wconf 90' lang='lat' dir='ltr'><strong>et</strong></span> <span class='ocrx_word' id='word_1_249' title='bbox 2499 1893 2544 1944; x_wconf 94' lang='lat' dir='ltr'><strong>si</strong></span> <span class='ocrx_word' id='word_1_250' title='bbox 2581 1907 2684 1960; x_wconf 89' lang='lat' dir='ltr'><strong>qua</strong></span> <span class='ocrx_word' id='word_1_251' title='bbox 2720 1873 2916 1948; x_wconf 75' lang='lat' dir='ltr'><strong>indicia</strong></span> <span class='ocrx_word' id='word_1_252' title='bbox 2945 1896 3348 1964; x_wconf 86' lang='lat' dir='ltr'><strong>apprehendere</strong></span> <span class='ocrx_word' id='word_1_253' title='bbox 3380 1897 3483 1952; x_wconf 90' lang='lat' dir='ltr'><strong>hu-</strong></span> 
     </span>
    </p>
   </div>
   <div class='ocr_carea' id='block_1_34' title="bbox 230 1975 1811 2048">
    <p class='ocr_par' dir='ltr' id='par_1_34' title="bbox 230 1975 1811 2048">
     <span class='ocr_line' id='line_1_34' title="bbox 230 1975 1811 2048; baseline 0.008 -19"><span class='ocrx_word' id='word_1_254' title='bbox 230 1975 401 2029; x_wconf 88' lang='lat' dir='ltr'><strong>etiam</strong></span> <span class='ocrx_word' id='word_1_255' title='bbox 445 1983 638 2030; x_wconf 88' lang='lat' dir='ltr'><strong>auctor</strong></span> <span class='ocrx_word' id='word_1_256' title='bbox 675 1987 729 2040; x_wconf 81' lang='lat' dir='ltr'><strong>et</strong></span> <span class='ocrx_word' id='word_1_257' title='bbox 756 1990 1043 2036; x_wconf 88' lang='lat' dir='ltr'><strong>exsecutor</strong></span> <span class='ocrx_word' id='word_1_258' title='bbox 1071 1983 1310 2038; x_wconf 88' lang='lat' dir='ltr'><strong>criminis</strong></span> <span class='ocrx_word' id='word_1_259' title='bbox 1336 1993 1434 2048; x_wconf 87' lang='lat' dir='ltr'><strong>est,</strong></span> <span class='ocrx_word' id='word_1_260' title='bbox 1477 1987 1811 2042; x_wconf 86' lang='lat' dir='ltr'><strong>concredens</strong></span> 
     </span>
    </p>
   </div>
   <div class='ocr_carea' id='block_1_35' title="bbox 229 2067 1810 2140">
    <p class='ocr_par' dir='ltr' id='par_1_35' title="bbox 229 2067 1810 2140">
     <span class='ocr_line' id='line_1_35' title="bbox 229 2067 1810 2140; baseline 0.008 -20"><span class='ocrx_word' id='word_1_261' title='bbox 229 2067 483 2137; x_wconf 85' lang='lat' dir='ltr'><strong>legaliter</strong></span> <span class='ocrx_word' id='word_1_262' title='bbox 509 2069 796 2137; x_wconf 88' lang='lat' dir='ltr'><strong>puniatur:</strong></span> <span class='ocrx_word' id='word_1_263' title='bbox 825 2080 877 2126; x_wconf 91' lang='lat' dir='ltr'><strong>et</strong></span> <span class='ocrx_word' id='word_1_264' title='bbox 919 2082 1013 2126; x_wconf 89' lang='lat' dir='ltr'><strong>aut</strong></span> <span class='ocrx_word' id='word_1_265' title='bbox 1055 2075 1107 2128; x_wconf 90' lang='lat' dir='ltr'><strong>in</strong></span> <span class='ocrx_word' id='word_1_266' title='bbox 1149 2073 1468 2130; x_wconf 86' lang='lat' dir='ltr'><strong>liberatione</strong></span> <span class='ocrx_word' id='word_1_267' title='bbox 1505 2076 1667 2140; x_wconf 89' lang='lat' dir='ltr'><strong>illius,</strong></span> <span class='ocrx_word' id='word_1_268' title='bbox 1707 2078 1810 2132; x_wconf 85' lang='lat' dir='ltr'><strong>ista</strong></span> 
     </span>
    </p>
   </div>
   <div class='ocr_carea' id='block_1_36' title="bbox 223 2159 1812 2241">
    <p class='ocr_par' dir='ltr' id='par_1_36' title="bbox 223 2159 1812 2241">
     <span class='ocr_line' id='line_1_36' title="bbox 223 2159 1812 2241; baseline 0.009 -30"><span class='ocrx_word' id='word_1_269' title='bbox 223 2174 348 2227; x_wconf 70' lang='lat' dir='ltr'><strong>qua:</strong></span> <span class='ocrx_word' id='word_1_270' title='bbox 403 2159 457 2213; x_wconf 91' lang='lat' dir='ltr'><strong>in</strong></span> <span class='ocrx_word' id='word_1_271' title='bbox 489 2162 726 2216; x_wconf 91' lang='lat' dir='ltr'><strong>custodia</strong></span> <span class='ocrx_word' id='word_1_272' title='bbox 777 2173 879 2227; x_wconf 90' lang='lat' dir='ltr'><strong>est,</strong></span> <span class='ocrx_word' id='word_1_273' title='bbox 925 2174 977 2219; x_wconf 92' lang='lat' dir='ltr'><strong>et</strong></span> <span class='ocrx_word' id='word_1_274' title='bbox 1008 2175 1226 2237; x_wconf 89' lang='lat' dir='ltr'><strong>propter</strong></span> <span class='ocrx_word' id='word_1_275' title='bbox 1277 2169 1526 2225; x_wconf 90' lang='lat' dir='ltr'><strong>timorem</strong></span> <span class='ocrx_word' id='word_1_276' title='bbox 1555 2185 1717 2241; x_wconf 90' lang='lat' dir='ltr'><strong>super</strong></span> <span class='ocrx_word' id='word_1_277' title='bbox 1752 2185 1812 2226; x_wconf 87' lang='lat' dir='ltr'><strong>se</strong></span> 
     </span>
    </p>
   </div>
   <div class='ocr_carea' id='block_1_37' title="bbox 225 2251 1812 2332">
    <p class='ocr_par' dir='ltr' id='par_1_37' title="bbox 225 2251 1812 2332">
     <span class='ocr_line' id='line_1_37' title="bbox 225 2251 1812 2332; baseline 0.009 -29"><span class='ocrx_word' id='word_1_278' title='bbox 225 2251 577 2306; x_wconf 88' lang='lat' dir='ltr'><strong>mendacium</strong></span> <span class='ocrx_word' id='word_1_279' title='bbox 623 2252 774 2318; x_wconf 86' lang='lat' dir='ltr'><strong>dicit,</strong></span> <span class='ocrx_word' id='word_1_280' title='bbox 830 2255 1075 2327; x_wconf 88' lang='lat' dir='ltr'><strong>legaliter</strong></span> <span class='ocrx_word' id='word_1_281' title='bbox 1123 2259 1396 2325; x_wconf 88' lang='lat' dir='ltr'><strong>liberetur,</strong></span> <span class='ocrx_word' id='word_1_282' title='bbox 1440 2270 1531 2316; x_wconf 91' lang='lat' dir='ltr'><strong>aut</strong></span> <span class='ocrx_word' id='word_1_283' title='bbox 1566 2262 1618 2316; x_wconf 91' lang='lat' dir='ltr'><strong>in</strong></span> <span class='ocrx_word' id='word_1_284' title='bbox 1655 2264 1812 2332; x_wconf 86' lang='lat' dir='ltr'><strong>puni-</strong></span> 
     </span>
    </p>
   </div>
   <div class='ocr_carea' id='block_1_38' title="bbox 221 2340 1810 2421">
    <p class='ocr_par' dir='ltr' id='par_1_38' title="bbox 221 2340 1810 2421">
     <span class='ocr_line' id='line_1_38' title="bbox 221 2340 1810 2421; baseline 0.011 -29"><span class='ocrx_word' id='word_1_285' title='bbox 221 2340 373 2395; x_wconf 87' lang='lat' dir='ltr'><strong>tione</strong></span> <span class='ocrx_word' id='word_1_286' title='bbox 412 2340 554 2396; x_wconf 91' lang='lat' dir='ltr'><strong>illius</strong></span> <span class='ocrx_word' id='word_1_287' title='bbox 593 2342 837 2414; x_wconf 88' lang='lat' dir='ltr'><strong>legaliter</strong></span> <span class='ocrx_word' id='word_1_288' title='bbox 874 2348 1150 2416; x_wconf 87' lang='lat' dir='ltr'><strong>puniatur,</strong></span> <span class='ocrx_word' id='word_1_289' title='bbox 1197 2352 1338 2406; x_wconf 90' lang='lat' dir='ltr'><strong>sicut</strong></span> <span class='ocrx_word' id='word_1_290' title='bbox 1368 2352 1420 2406; x_wconf 93' lang='lat' dir='ltr'><strong>in</strong></span> <span class='ocrx_word' id='word_1_291' title='bbox 1462 2352 1641 2421; x_wconf 90' lang='lat' dir='ltr'><strong>primo</strong></span> <span class='ocrx_word' id='word_1_292' title='bbox 1670 2353 1810 2408; x_wconf 88' lang='lat' dir='ltr'><strong>libro</strong></span> 
     </span>
    </p>
   </div>
   <div class='ocr_carea' id='block_1_39' title="bbox 217 2430 1809 2512">
    <p class='ocr_par' dir='ltr' id='par_1_39' title="bbox 217 2430 1809 2512">
     <span class='ocr_line' id='line_1_39' title="bbox 217 2430 1809 2512; baseline 0.011 -29"><span class='ocrx_word' id='word_1_293' title='bbox 217 2430 358 2500; x_wconf 84' lang='lat' dir='ltr'><strong>legis</strong></span> <span class='ocrx_word' id='word_1_294' title='bbox 386 2431 640 2488; x_wconf 70' lang='lat' dir='ltr'><strong>Romana:</strong></span> <span class='ocrx_word' id='word_1_295' title='bbox 659 2435 894 2504; x_wconf 90' lang='lat' dir='ltr'><strong>capitulo</strong></span> <span class='ocrx_word' id='word_1_296' title='bbox 937 2446 1088 2494; x_wconf 81' lang='lat' dir='ltr'><strong>sexto</strong></span> <span class='ocrx_word' id='word_1_297' title='bbox 1114 2440 1178 2494; x_wconf 91' lang='lat' dir='ltr'><strong>de</strong></span> <span class='ocrx_word' id='word_1_298' title='bbox 1227 2443 1640 2512; x_wconf 86' lang='lat' dir='ltr'><strong>stupratoribus,</strong></span> <span class='ocrx_word' id='word_1_299' title='bbox 1674 2455 1727 2500; x_wconf 88' lang='lat' dir='ltr'><strong>et</strong></span> <span class='ocrx_word' id='word_1_300' title='bbox 1754 2446 1809 2500; x_wconf 90' lang='lat' dir='ltr'><strong>in</strong></span> 
     </span>
    </p>
   </div>
   <div class='ocr_carea' id='block_1_40' title="bbox 218 2518 1810 2606">
    <p class='ocr_par' dir='ltr' id='par_1_40' title="bbox 218 2518 1810 2606">
     <span class='ocr_line' id='line_1_40' title="bbox 218 2518 1810 2606; baseline 0.012 -33"><span class='ocrx_word' id='word_1_301' title='bbox 218 2518 462 2590; x_wconf 89' lang='lat' dir='ltr'><strong>capitulo</strong></span> <span class='ocrx_word' id='word_1_302' title='bbox 489 2525 718 2594; x_wconf 90' lang='lat' dir='ltr'><strong>septimo</strong></span> <span class='ocrx_word' id='word_1_303' title='bbox 747 2527 812 2582; x_wconf 91' lang='lat' dir='ltr'><strong>de</strong></span> <span class='ocrx_word' id='word_1_304' title='bbox 845 2528 1063 2584; x_wconf 84' lang='lat' dir='ltr'><strong>incestis</strong></span> <span class='ocrx_word' id='word_1_305' title='bbox 1089 2539 1144 2585; x_wconf 90' lang='lat' dir='ltr'><strong>et</strong></span> <span class='ocrx_word' id='word_1_306' title='bbox 1164 2533 1408 2602; x_wconf 89' lang='lat' dir='ltr'><strong>turpibus</strong></span> <span class='ocrx_word' id='word_1_307' title='bbox 1435 2535 1636 2604; x_wconf 87' lang='lat' dir='ltr'><strong>nuptiis</strong></span> <span class='ocrx_word' id='word_1_308' title='bbox 1674 2552 1810 2606; x_wconf 65' lang='lat' dir='ltr'><strong>prte-</strong></span> 
     </span>
    </p>
   </div>
   <div class='ocr_carea' id='block_1_41' title="bbox 218 2611 1810 2695">
    <p class='ocr_par' dir='ltr' id='par_1_41' title="bbox 218 2611 1810 2695">
     <span class='ocr_line' id='line_1_41' title="bbox 218 2611 1810 2695; baseline 0.01 -30"><span class='ocrx_word' id='word_1_309' title='bbox 218 2611 442 2682; x_wconf 89' lang='lat' dir='ltr'><strong>cipitur,</strong></span> <span class='ocrx_word' id='word_1_310' title='bbox 491 2623 546 2670; x_wconf 90' lang='lat' dir='ltr'><strong>et</strong></span> <span class='ocrx_word' id='word_1_311' title='bbox 593 2615 645 2671; x_wconf 93' lang='lat' dir='ltr'><strong>in</strong></span> <span class='ocrx_word' id='word_1_312' title='bbox 699 2619 926 2684; x_wconf 68' lang='lat' dir='ltr'><strong>caeteris,</strong></span> <span class='ocrx_word' id='word_1_313' title='bbox 964 2636 1083 2690; x_wconf 67' lang='lat' dir='ltr'><strong>qua:</strong></span> <span class='ocrx_word' id='word_1_314' title='bbox 1129 2620 1433 2680; x_wconf 88' lang='lat' dir='ltr'><strong>Christiana</strong></span> <span class='ocrx_word' id='word_1_315' title='bbox 1471 2625 1594 2695; x_wconf 91' lang='lat' dir='ltr'><strong>jura</strong></span> <span class='ocrx_word' id='word_1_316' title='bbox 1619 2627 1810 2695; x_wconf 88' lang='lat' dir='ltr'><strong>depro-</strong></span> 
     </span>
    </p>
   </div>
   <div class='ocr_carea' id='block_1_42' title="bbox 218 2705 1808 2786">
    <p class='ocr_par' dir='ltr' id='par_1_42' title="bbox 218 2705 1808 2786">
     <span class='ocr_line' id='line_1_42' title="bbox 218 2705 1808 2786; baseline 0.01 -28"><span class='ocrx_word' id='word_1_317' title='bbox 218 2714 402 2772; x_wconf 89' lang='lat' dir='ltr'><strong>munt,</strong></span> <span class='ocrx_word' id='word_1_318' title='bbox 456 2705 587 2774; x_wconf 83' lang='lat' dir='ltr'><strong>justi</strong></span> <span class='ocrx_word' id='word_1_319' title='bbox 638 2709 846 2780; x_wconf 85' lang='lat' dir='ltr'><strong>judices</strong></span> <span class='ocrx_word' id='word_1_320' title='bbox 892 2712 1068 2782; x_wconf 87' lang='lat' dir='ltr'><strong>legere</strong></span> <span class='ocrx_word' id='word_1_321' title='bbox 1119 2727 1360 2786; x_wconf 89' lang='lat' dir='ltr'><strong>possunt.</strong></span> <span class='ocrx_word' id='word_1_322' title='bbox 1415 2716 1674 2785; x_wconf 89' lang='lat' dir='ltr'><strong>lnjnstum</strong></span> <span class='ocrx_word' id='word_1_323' title='bbox 1723 2728 1808 2776; x_wconf 91' lang='lat' dir='ltr'><strong>est</strong></span> 
     </span>
    </p>
   </div>
   <div class='ocr_carea' id='block_1_43' title="bbox 216 2797 1807 2881">
    <p class='ocr_par' dir='ltr' id='par_1_43' title="bbox 216 2797 1807 2881">
     <span class='ocr_line' id='line_1_43' title="bbox 216 2797 1807 2881; baseline 0.012 -32"><span class='ocrx_word' id='word_1_324' title='bbox 216 2797 368 2851; x_wconf 88' lang='lat' dir='ltr'><strong>enim</strong></span> <span class='ocrx_word' id='word_1_325' title='bbox 393 2812 703 2868; x_wconf 87' lang='lat' dir='ltr'><strong>oppressam</strong></span> <span class='ocrx_word' id='word_1_326' title='bbox 741 2803 932 2858; x_wconf 90' lang='lat' dir='ltr'><strong>iterum</strong></span> <span class='ocrx_word' id='word_1_327' title='bbox 965 2807 1218 2877; x_wconf 87' lang='lat' dir='ltr'><strong>opprimi,</strong></span> <span class='ocrx_word' id='word_1_328' title='bbox 1240 2817 1295 2864; x_wconf 90' lang='lat' dir='ltr'><strong>et</strong></span> <span class='ocrx_word' id='word_1_329' title='bbox 1324 2811 1716 2881; x_wconf 89' lang='lat' dir='ltr'><strong>opprimentem</strong></span> <span class='ocrx_word' id='word_1_330' title='bbox 1741 2813 1807 2868; x_wconf 90' lang='lat' dir='ltr'><strong>de</strong></span> 
     </span>
    </p>
   </div>
   <div class='ocr_carea' id='block_1_44' title="bbox 214 2887 1807 2967">
    <p class='ocr_par' dir='ltr' id='par_1_44' title="bbox 214 2887 1807 2967">
     <span class='ocr_line' id='line_1_44' title="bbox 214 2887 1807 2967; baseline 0.011 -25"><span class='ocrx_word' id='word_1_331' title='bbox 214 2887 472 2944; x_wconf 88' lang='lat' dir='ltr'><strong>libertate</strong></span> <span class='ocrx_word' id='word_1_332' title='bbox 500 2892 722 2949; x_wconf 88' lang='lat' dir='ltr'><strong>sceleris</strong></span> <span class='ocrx_word' id='word_1_333' title='bbox 745 2895 987 2966; x_wconf 90' lang='lat' dir='ltr'><strong>gloriari,</strong></span> <span class='ocrx_word' id='word_1_334' title='bbox 1034 2901 1176 2967; x_wconf 89' lang='lat' dir='ltr'><strong>quod</strong></span> <span class='ocrx_word' id='word_1_335' title='bbox 1226 2900 1379 2956; x_wconf 85' lang='lat' dir='ltr'><strong>valde</strong></span> <span class='ocrx_word' id='word_1_336' title='bbox 1419 2913 1640 2958; x_wconf 88' lang='lat' dir='ltr'><strong>sanctus</strong></span> <span class='ocrx_word' id='word_1_337' title='bbox 1671 2903 1807 2960; x_wconf 81' lang='lat' dir='ltr'><strong>Grc-</strong></span> 
     </span>
    </p>
   </div>
   <div class='ocr_carea' id='block_1_45' title="bbox 218 2981 1804 3059">
    <p class='ocr_par' dir='ltr' id='par_1_45' title="bbox 218 2981 1804 3059">
     <span class='ocr_line' id='line_1_45' title="bbox 218 2981 1804 3059; baseline 0.01 -25"><span class='ocrx_word' id='word_1_338' title='bbox 218 2981 411 3051; x_wconf 86' lang='lat' dir='ltr'><strong>gorius</strong></span> <span class='ocrx_word' id='word_1_339' title='bbox 442 2984 510 3038; x_wconf 90' lang='lat' dir='ltr'><strong>ad</strong></span> <span class='ocrx_word' id='word_1_340' title='bbox 535 2982 837 3042; x_wconf 88' lang='lat' dir='ltr'><strong>Goduinum</strong></span> <span class='ocrx_word' id='word_1_341' title='bbox 865 2987 1274 3059; x_wconf 84' lang='lat' dir='ltr'><strong>Neapolitanum</strong></span> <span class='ocrx_word' id='word_1_342' title='bbox 1318 2992 1506 3049; x_wconf 89' lang='lat' dir='ltr'><strong>ducem</strong></span> <span class='ocrx_word' id='word_1_343' title='bbox 1533 3004 1586 3049; x_wconf 90' lang='lat' dir='ltr'><strong>et</strong></span> <span class='ocrx_word' id='word_1_344' title='bbox 1612 2996 1804 3050; x_wconf 85' lang='lat' dir='ltr'><strong>imma-</strong></span> 
     </span>
    </p>
   </div>
   <div class='ocr_carea' id='block_1_46' title="bbox 214 3074 1805 3156">
    <p class='ocr_par' dir='ltr' id='par_1_46' title="bbox 214 3074 1805 3156">
     <span class='ocr_line' id='line_1_46' title="bbox 214 3074 1805 3156; baseline 0.01 -28"><span class='ocrx_word' id='word_1_345' title='bbox 214 3074 447 3131; x_wconf 86' lang='lat' dir='ltr'><strong>nissime</strong></span> <span class='ocrx_word' id='word_1_346' title='bbox 471 3077 788 3145; x_wconf 89' lang='lat' dir='ltr'><strong>detestatur,</strong></span> <span class='ocrx_word' id='word_1_347' title='bbox 820 3082 1004 3136; x_wconf 90' lang='lat' dir='ltr'><strong>dicens</strong></span> <span class='ocrx_word' id='word_1_348' title='bbox 1050 3085 1162 3153; x_wconf 87' lang='lat' dir='ltr'><strong>(lib.</strong></span> <span class='ocrx_word' id='word_1_349' title='bbox 1190 3101 1288 3148; x_wconf 81' lang='lat' dir='ltr'><strong>xu,</strong></span> <span class='ocrx_word' id='word_1_350' title='bbox 1313 3088 1463 3156; x_wconf 81' lang='lat' dir='ltr'><strong>epist.</strong></span> <span class='ocrx_word' id='word_1_351' title='bbox 1487 3087 1542 3156; x_wconf 82' lang='grc'><strong>5)</strong></span> <span class='ocrx_word' id='word_1_352' title='bbox 1568 3103 1582 3140; x_wconf 91' lang='lat'><strong>:</strong></span> <span class='ocrx_word' id='word_1_353' title='bbox 1611 3107 1629 3139; x_wconf 74' lang='grc' dir='ltr'><strong>ι</strong></span> <span class='ocrx_word' id='word_1_354' title='bbox 1659 3087 1805 3144; x_wconf 90' lang='lat' dir='ltr'><strong>Satis</strong></span> 
     </span>
    </p>
   </div>
   <div class='ocr_carea' id='block_1_47' title="bbox 215 3161 1801 3246">
    <p class='ocr_par' dir='ltr' id='par_1_47' title="bbox 215 3161 1801 3246">
     <span class='ocr_line' id='line_1_47' title="bbox 215 3161 1801 3246; baseline 0.01 -29"><span class='ocrx_word' id='word_1_355' title='bbox 215 3165 406 3220; x_wconf 87' lang='lat' dir='ltr'><strong>mirati</strong></span> <span class='ocrx_word' id='word_1_356' title='bbox 436 3182 624 3224; x_wconf 87' lang='lat' dir='ltr'><strong>sumus</strong></span> <span class='ocrx_word' id='word_1_357' title='bbox 657 3171 796 3240; x_wconf 91' lang='lat' dir='ltr'><strong>quod</strong></span> <span class='ocrx_word' id='word_1_358' title='bbox 857 3171 910 3226; x_wconf 89' lang='lat' dir='ltr'><strong>in</strong></span> <span class='ocrx_word' id='word_1_359' title='bbox 944 3173 1111 3228; x_wconf 88' lang='lat' dir='ltr'><strong>milite</strong></span> <span class='ocrx_word' id='word_1_360' title='bbox 1153 3175 1262 3241; x_wconf 92' lang='lat' dir='ltr'><strong>illo,</strong></span> <span class='ocrx_word' id='word_1_361' title='bbox 1297 3177 1388 3246; x_wconf 87' lang='lat' dir='ltr'><strong>qui</strong></span> <span class='ocrx_word' id='word_1_362' title='bbox 1427 3161 1676 3234; x_wconf 79' lang='lat' dir='ltr'><strong>ancillam</strong></span> <span class='ocrx_word' id='word_1_363' title='bbox 1709 3180 1801 3236; x_wconf 90' lang='lat' dir='ltr'><strong>Dei</strong></span> 
     </span>
    </p>
   </div>
   <div class='ocr_carea' id='block_1_48' title="bbox 212 3257 1802 3335">
    <p class='ocr_par' dir='ltr' id='par_1_48' title="bbox 212 3257 1802 3335">
     <span class='ocr_line' id='line_1_48' title="bbox 212 3257 1802 3335; baseline 0.009 -25"><span class='ocrx_word' id='word_1_364' title='bbox 212 3257 488 3314; x_wconf 87' lang='lat' dir='ltr'><strong>diabolica</strong></span> <span class='ocrx_word' id='word_1_365' title='bbox 545 3261 888 3333; x_wconf 86' lang='lat' dir='ltr'><strong>instigatione</strong></span> <span class='ocrx_word' id='word_1_366' title='bbox 936 3265 1188 3335; x_wconf 88' lang='lat' dir='ltr'><strong>perdidit,</strong></span> <span class='ocrx_word' id='word_1_367' title='bbox 1235 3266 1636 3324; x_wconf 86' lang='lat' dir='ltr'><strong>districtissima</strong></span> <span class='ocrx_word' id='word_1_368' title='bbox 1685 3271 1802 3325; x_wconf 90' lang='lat' dir='ltr'><strong>vin-</strong></span> 
     </span>
    </p>
   </div>
   <div class='ocr_carea' id='block_1_49' title="bbox 210 3347 1804 3416">
    <p class='ocr_par' dir='ltr' id='par_1_49' title="bbox 210 3347 1804 3416">
     <span class='ocr_line' id='line_1_49' title="bbox 210 3347 1804 3416; baseline 0.009 -15"><span class='ocrx_word' id='word_1_369' title='bbox 210 3347 362 3402; x_wconf 85' lang='lat' dir='ltr'><strong>dicta</strong></span> <span class='ocrx_word' id='word_1_370' title='bbox 401 3349 661 3406; x_wconf 91' lang='lat' dir='ltr'><strong>bactenus</strong></span> <span class='ocrx_word' id='word_1_371' title='bbox 683 3351 822 3407; x_wconf 87' lang='lat' dir='ltr'><strong>facta</strong></span> <span class='ocrx_word' id='word_1_372' title='bbox 850 3369 956 3408; x_wconf 93' lang='lat' dir='ltr'><strong>non</strong></span> <span class='ocrx_word' id='word_1_373' title='bbox 982 3353 1160 3410; x_wconf 88' lang='lat' dir='ltr'><strong>fuerit.</strong></span> <span class='ocrx_word' id='word_1_374' title='bbox 1190 3356 1323 3412; x_wconf 87' lang='lat' dir='ltr'><strong>Nam</strong></span> <span class='ocrx_word' id='word_1_375' title='bbox 1363 3367 1419 3414; x_wconf 89' lang='lat' dir='ltr'><strong>et</strong></span> <span class='ocrx_word' id='word_1_376' title='bbox 1466 3361 1708 3416; x_wconf 91' lang='lat' dir='ltr'><strong>moribus</strong></span> <span class='ocrx_word' id='word_1_377' title='bbox 1748 3371 1804 3416; x_wconf 91' lang='lat' dir='ltr'><strong>et</strong></span> 
     </span>
    </p>
   </div>
   <div class='ocr_carea' id='block_1_50' title="bbox 213 3441 1803 3515">
    <p class='ocr_par' dir='ltr' id='par_1_50' title="bbox 213 3441 1803 3515">
     <span class='ocr_line' id='line_1_50' title="bbox 213 3441 1803 3515; baseline 0.01 -23"><span class='ocrx_word' id='word_1_378' title='bbox 213 3441 445 3496; x_wconf 85' lang='lat' dir='ltr'><strong>bonitati</strong></span> <span class='ocrx_word' id='word_1_379' title='bbox 471 3452 662 3498; x_wconf 68' lang='lat' dir='ltr'><strong>vestra:</strong></span> <span class='ocrx_word' id='word_1_380' title='bbox 687 3445 838 3499; x_wconf 87' lang='lat' dir='ltr'><strong>valde</strong></span> <span class='ocrx_word' id='word_1_381' title='bbox 859 3449 1185 3504; x_wconf 88' lang='lat' dir='ltr'><strong>conveniens</strong></span> <span class='ocrx_word' id='word_1_382' title='bbox 1211 3448 1330 3515; x_wconf 91' lang='lat' dir='ltr'><strong>fuit,</strong></span> <span class='ocrx_word' id='word_1_383' title='bbox 1366 3459 1425 3504; x_wconf 91' lang='lat' dir='ltr'><strong>ut</strong></span> <span class='ocrx_word' id='word_1_384' title='bbox 1453 3461 1580 3507; x_wconf 91' lang='lat' dir='ltr'><strong>ante</strong></span> <span class='ocrx_word' id='word_1_385' title='bbox 1607 3452 1672 3506; x_wconf 89' lang='lat' dir='ltr'><strong>ad</strong></span> <span class='ocrx_word' id='word_1_386' title='bbox 1705 3467 1803 3508; x_wconf 92' lang='lat' dir='ltr'><strong>nos</strong></span> 
     </span>
    </p>
   </div>
   <div class='ocr_carea' id='block_1_51' title="bbox 215 3533 1798 3614">
    <p class='ocr_par' dir='ltr' id='par_1_51' title="bbox 215 3533 1798 3614">
     <span class='ocr_line' id='line_1_51' title="bbox 215 3533 1798 3614; baseline 0.009 -30"><span class='ocrx_word' id='word_1_387' title='bbox 215 3533 374 3597; x_wconf 71' lang='lat' dir='ltr'><strong>ultio,</strong></span> <span class='ocrx_word' id='word_1_388' title='bbox 408 3551 566 3604; x_wconf 87' lang='lat' dir='ltr'><strong>quam</strong></span> <span class='ocrx_word' id='word_1_389' title='bbox 597 3546 920 3607; x_wconf 65' lang='lat' dir='ltr'><strong>perpetrata:</strong></span> <span class='ocrx_word' id='word_1_390' title='bbox 963 3540 1132 3610; x_wconf 65' lang='lat' dir='ltr'><strong>culpae</strong></span> <span class='ocrx_word' id='word_1_391' title='bbox 1163 3541 1419 3611; x_wconf 87' lang='lat' dir='ltr'><strong>iniquitas</strong></span> <span class='ocrx_word' id='word_1_392' title='bbox 1469 3545 1798 3614; x_wconf 88' lang='lat' dir='ltr'><strong>perveniret.</strong></span> 
     </span>
    </p>
   </div>
   <div class='ocr_carea' id='block_1_52' title="bbox 216 3625 1802 3704">
    <p class='ocr_par' dir='ltr' id='par_1_52' title="bbox 216 3625 1802 3704">
     <span class='ocr_line' id='line_1_52' title="bbox 216 3625 1802 3704; baseline 0.006 -24"><span class='ocrx_word' id='word_1_393' title='bbox 216 3625 513 3682; x_wconf 77' lang='lat' dir='ltr'><strong>Hortamur</strong></span> <span class='ocrx_word' id='word_1_394' title='bbox 529 3639 585 3683; x_wconf 92' lang='lat' dir='ltr'><strong>ut</strong></span> <span class='ocrx_word' id='word_1_395' title='bbox 607 3630 724 3685; x_wconf 89' lang='lat' dir='ltr'><strong>sine</strong></span> <span class='ocrx_word' id='word_1_396' title='bbox 747 3633 1093 3686; x_wconf 79' lang='lat' dir='ltr'><strong>excusatione</strong></span> <span class='ocrx_word' id='word_1_397' title='bbox 1120 3632 1318 3703; x_wconf 90' lang='lat' dir='ltr'><strong>aliqua,</strong></span> <span class='ocrx_word' id='word_1_398' title='bbox 1345 3634 1427 3690; x_wconf 88' lang='lat' dir='ltr'><strong>vel</strong></span> <span class='ocrx_word' id='word_1_399' title='bbox 1450 3635 1606 3692; x_wconf 93' lang='lat' dir='ltr'><strong>modo</strong></span> <span class='ocrx_word' id='word_1_400' title='bbox 1628 3635 1802 3704; x_wconf 88' lang='lat' dir='ltr'><strong>qualis</strong></span> 
     </span>
    </p>
   </div>
   <div class='ocr_carea' id='block_1_53' title="bbox 217 3720 1804 3793">
    <p class='ocr_par' dir='ltr' id='par_1_53' title="bbox 217 3720 1804 3793">
     <span class='ocr_line' id='line_1_53' title="bbox 217 3720 1804 3793; baseline 0.008 -23"><span class='ocrx_word' id='word_1_401' title='bbox 217 3720 377 3774; x_wconf 80' lang='lat' dir='ltr'><strong>vobis</strong></span> <span class='ocrx_word' id='word_1_402' title='bbox 401 3720 579 3775; x_wconf 87' lang='lat' dir='ltr'><strong>fervor</strong></span> <span class='ocrx_word' id='word_1_403' title='bbox 629 3722 700 3776; x_wconf 87' lang='lat' dir='ltr'><strong>sit</strong></span> <span class='ocrx_word' id='word_1_404' title='bbox 729 3738 856 3793; x_wconf 89' lang='lat' dir='ltr'><strong>erga</strong></span> <span class='ocrx_word' id='word_1_405' title='bbox 901 3724 1182 3779; x_wconf 89' lang='lat' dir='ltr'><strong>cbaritatis</strong></span> <span class='ocrx_word' id='word_1_406' title='bbox 1229 3727 1527 3782; x_wconf 88' lang='lat' dir='ltr'><strong>custodiam</strong></span> <span class='ocrx_word' id='word_1_407' title='bbox 1581 3729 1804 3782; x_wconf 86' lang='lat' dir='ltr'><strong>demon-</strong></span> 
     </span>
    </p>
   </div>
   <div class='ocr_carea' id='block_1_54' title="bbox 213 3812 1802 3884">
    <p class='ocr_par' dir='ltr' id='par_1_54' title="bbox 213 3812 1802 3884">
     <span class='ocr_line' id='line_1_54' title="bbox 213 3812 1802 3884; baseline 0.006 -18"><span class='ocrx_word' id='word_1_408' title='bbox 213 3819 476 3876; x_wconf 87' lang='lat' dir='ltr'><strong>strantes,</strong></span> <span class='ocrx_word' id='word_1_409' title='bbox 503 3812 574 3865; x_wconf 91' lang='lat' dir='ltr'><strong>ita</strong></span> <span class='ocrx_word' id='word_1_410' title='bbox 602 3827 699 3882; x_wconf 87' lang='lat' dir='ltr'><strong>pro</strong></span> <span class='ocrx_word' id='word_1_411' title='bbox 719 3814 964 3884; x_wconf 82' lang='lat' dir='ltr'><strong>exemplo</strong></span> <span class='ocrx_word' id='word_1_412' title='bbox 990 3815 1216 3870; x_wconf 91' lang='lat' dir='ltr'><strong>aliorum</strong></span> <span class='ocrx_word' id='word_1_413' title='bbox 1247 3817 1492 3872; x_wconf 88' lang='lat' dir='ltr'><strong>districte</strong></span> <span class='ocrx_word' id='word_1_414' title='bbox 1512 3819 1802 3875; x_wconf 87' lang='lat' dir='ltr'><strong>emendare</strong></span> 
     </span>
    </p>
   </div>
   <div class='ocr_carea' id='block_1_55' title="bbox 215 3901 1802 3980">
    <p class='ocr_par' dir='ltr' id='par_1_55' title="bbox 215 3901 1802 3980">
     <span class='ocr_line' id='line_1_55' title="bbox 215 3901 1802 3980; baseline 0.008 -24"><span class='ocrx_word' id='word_1_415' title='bbox 215 3911 428 3956; x_wconf 82' lang='lat' dir='ltr'><strong>tantum</strong></span> <span class='ocrx_word' id='word_1_416' title='bbox 479 3901 688 3959; x_wconf 81' lang='lat' dir='ltr'><strong>facinus</strong></span> <span class='ocrx_word' id='word_1_417' title='bbox 733 3903 1016 3971; x_wconf 88' lang='lat' dir='ltr'><strong>festinetis,</strong></span> <span class='ocrx_word' id='word_1_418' title='bbox 1044 3917 1102 3962; x_wconf 90' lang='lat' dir='ltr'><strong>ut</strong></span> <span class='ocrx_word' id='word_1_419' title='bbox 1133 3907 1301 3962; x_wconf 91' lang='lat' dir='ltr'><strong>Deum</strong></span> <span class='ocrx_word' id='word_1_420' title='bbox 1331 3909 1507 3974; x_wconf 88' lang='lat' dir='ltr'><strong>vobis,</strong></span> <span class='ocrx_word' id='word_1_421' title='bbox 1560 3910 1612 3964; x_wconf 92' lang='lat' dir='ltr'><strong>in</strong></span> <span class='ocrx_word' id='word_1_422' title='bbox 1648 3910 1802 3980; x_wconf 89' lang='lat' dir='ltr'><strong>cujus</strong></span> 
     </span>
    </p>
   </div>
   <div class='ocr_carea' id='block_1_56' title="bbox 215 3992 1801 4072">
    <p class='ocr_par' dir='ltr' id='par_1_56' title="bbox 215 3992 1801 4072">
     <span class='ocr_line' id='line_1_56' title="bbox 215 3992 1801 4072; baseline 0.01 -28"><span class='ocrx_word' id='word_1_423' title='bbox 215 3992 307 4045; x_wconf 91' lang='lat' dir='ltr'><strong>ille</strong></span> <span class='ocrx_word' id='word_1_424' title='bbox 357 3993 456 4047; x_wconf 91' lang='lat' dir='ltr'><strong>hoc</strong></span> <span class='ocrx_word' id='word_1_425' title='bbox 507 3993 699 4064; x_wconf 88' lang='lat' dir='ltr'><strong>injuria</strong></span> <span class='ocrx_word' id='word_1_426' title='bbox 758 3999 1107 4068; x_wconf 87' lang='lat' dir='ltr'><strong>perpetravit,</strong></span> <span class='ocrx_word' id='word_1_427' title='bbox 1164 4001 1355 4056; x_wconf 91' lang='lat' dir='ltr'><strong>timore</strong></span> <span class='ocrx_word' id='word_1_428' title='bbox 1392 3999 1509 4068; x_wconf 88' lang='lat' dir='ltr'><strong>ejus</strong></span> <span class='ocrx_word' id='word_1_429' title='bbox 1557 4005 1801 4072; x_wconf 85' lang='lat' dir='ltr'><strong>neglecto</strong></span> 
     </span>
    </p>
   </div>
   <div class='ocr_carea' id='block_1_57' title="bbox 214 4083 1802 4164">
    <p class='ocr_par' dir='ltr' id='par_1_57' title="bbox 214 4083 1802 4164">
     <span class='ocr_line' id='line_1_57' title="bbox 214 4083 1802 4164; baseline 0.008 -28"><span class='ocrx_word' id='word_1_430' title='bbox 214 4083 491 4153; x_wconf 78' lang='lat' dir='ltr'><strong>despexit,</strong></span> <span class='ocrx_word' id='word_1_431' title='bbox 535 4085 849 4154; x_wconf 88' lang='lat' dir='ltr'><strong>placabilem</strong></span> <span class='ocrx_word' id='word_1_432' title='bbox 889 4087 1141 4145; x_wconf 84' lang='lat' dir='ltr'><strong>faciatis:</strong></span> <span class='ocrx_word' id='word_1_433' title='bbox 1196 4107 1319 4146; x_wconf 89' lang='lat' dir='ltr'><strong>nam</strong></span> <span class='ocrx_word' id='word_1_434' title='bbox 1357 4101 1560 4148; x_wconf 90' lang='lat' dir='ltr'><strong>tantam</strong></span> <span class='ocrx_word' id='word_1_435' title='bbox 1606 4095 1802 4164; x_wconf 90' lang='lat' dir='ltr'><strong>iniqui-</strong></span> 
     </span>
    </p>
   </div>
   <div class='ocr_carea' id='block_1_58' title="bbox 219 4176 1802 4255">
    <p class='ocr_par' dir='ltr' id='par_1_58' title="bbox 219 4176 1802 4255">
     <span class='ocr_line' id='line_1_58' title="bbox 219 4176 1802 4255; baseline 0.007 -25"><span class='ocrx_word' id='word_1_436' title='bbox 219 4185 391 4230; x_wconf 82' lang='lat' dir='ltr'><strong>tatem</strong></span> <span class='ocrx_word' id='word_1_437' title='bbox 426 4176 649 4232; x_wconf 90' lang='lat' dir='ltr'><strong>inultam</strong></span> <span class='ocrx_word' id='word_1_438' title='bbox 687 4194 972 4236; x_wconf 87' lang='lat' dir='ltr'><strong>remanere</strong></span> <span class='ocrx_word' id='word_1_439' title='bbox 1016 4181 1164 4236; x_wconf 91' lang='lat' dir='ltr'><strong>nullo</strong></span> <span class='ocrx_word' id='word_1_440' title='bbox 1191 4186 1349 4238; x_wconf 91' lang='lat' dir='ltr'><strong>modo</strong></span> <span class='ocrx_word' id='word_1_441' title='bbox 1397 4185 1652 4255; x_wconf 89' lang='lat' dir='ltr'><strong>patimur.</strong></span> <span class='ocrx_word' id='word_1_442' title='bbox 1685 4205 1704 4238; x_wconf 76' lang='grc' dir='ltr'><strong>ι</strong></span> <span class='ocrx_word' id='word_1_443' title='bbox 1739 4185 1802 4241; x_wconf 86' lang='grc' dir='ltr'>Ει</span> 
     </span>
    </p>
   </div>
   <div class='ocr_carea' id='block_1_59' title="bbox 218 4269 1801 4349">
    <p class='ocr_par' dir='ltr' id='par_1_59' title="bbox 218 4269 1801 4349">
     <span class='ocr_line' id='line_1_59' title="bbox 218 4269 1801 4349; baseline 0.009 -28"><span class='ocrx_word' id='word_1_444' title='bbox 218 4277 380 4322; x_wconf 74' lang='lat' dir='ltr'><strong>terra:</strong></span> <span class='ocrx_word' id='word_1_445' title='bbox 413 4269 681 4338; x_wconf 87' lang='lat' dir='ltr'><strong>principes</strong></span> <span class='ocrx_word' id='word_1_446' title='bbox 706 4286 813 4326; x_wconf 92' lang='lat' dir='ltr'><strong>non</strong></span> <span class='ocrx_word' id='word_1_447' title='bbox 851 4274 1012 4327; x_wconf 88' lang='lat' dir='ltr'><strong>surda</strong></span> <span class='ocrx_word' id='word_1_448' title='bbox 1042 4290 1172 4329; x_wconf 90' lang='lat' dir='ltr'><strong>aure</strong></span> <span class='ocrx_word' id='word_1_449' title='bbox 1203 4275 1400 4331; x_wconf 89' lang='lat' dir='ltr'><strong>debent</strong></span> <span class='ocrx_word' id='word_1_450' title='bbox 1443 4277 1632 4334; x_wconf 88' lang='lat' dir='ltr'><strong>audire</strong></span> <span class='ocrx_word' id='word_1_451' title='bbox 1659 4281 1801 4349; x_wconf 85' lang='lat' dir='ltr'><strong>quod</strong></span> 
     </span>
    </p>
   </div>
   <div class='ocr_carea' id='block_1_60' title="bbox 216 4359 1802 4438">
    <p class='ocr_par' dir='ltr' id='par_1_60' title="bbox 216 4359 1802 4438">
     <span class='ocr_line' id='line_1_60' title="bbox 216 4359 1802 4438; baseline 0.006 -24"><span class='ocrx_word' id='word_1_452' title='bbox 216 4360 442 4425; x_wconf 87' lang='lat' dir='ltr'><strong>dicitur,</strong></span> <span class='ocrx_word' id='word_1_453' title='bbox 480 4359 774 4416; x_wconf 80' lang='lat' dir='ltr'><strong>Anathema</strong></span> <span class='ocrx_word' id='word_1_454' title='bbox 819 4364 874 4417; x_wconf 87' lang='lat' dir='ltr'><strong>in</strong></span> <span class='ocrx_word' id='word_1_455' title='bbox 920 4365 1089 4419; x_wconf 85' lang='lat' dir='ltr'><strong>medio</strong></span> <span class='ocrx_word' id='word_1_456' title='bbox 1129 4367 1228 4428; x_wconf 87' lang='lat' dir='ltr'><strong>tui,</strong></span> <span class='ocrx_word' id='word_1_457' title='bbox 1283 4385 1384 4422; x_wconf 83' lang='lat' dir='ltr'><strong>non</strong></span> <span class='ocrx_word' id='word_1_458' title='bbox 1435 4370 1626 4438; x_wconf 85' lang='lat' dir='ltr'><strong>poteris</strong></span> <span class='ocrx_word' id='word_1_459' title='bbox 1662 4381 1802 4424; x_wconf 87' lang='lat' dir='ltr'><strong>stare</strong></span> 
     </span>
    </p>
   </div>
   <div class='ocr_carea' id='block_1_61' title="bbox 214 4453 1802 4529">
    <p class='ocr_par' dir='ltr' id='par_1_61' title="bbox 214 4453 1802 4529">
     <span class='ocr_line' id='line_1_61' title="bbox 214 4453 1802 4529; baseline 0.007 -23"><span class='ocrx_word' id='word_1_460' title='bbox 214 4468 397 4506; x_wconf 89' lang='lat' dir='ltr'><strong>coram</strong></span> <span class='ocrx_word' id='word_1_461' title='bbox 447 4453 670 4508; x_wconf 78' lang='lat' dir='ltr'><strong>inimicis</strong></span> <span class='ocrx_word' id='word_1_462' title='bbox 716 4455 818 4510; x_wconf 80' lang='lat' dir='ltr'><strong>tuis</strong></span> <span class='ocrx_word' id='word_1_463' title='bbox 873 4457 1004 4515; x_wconf 75' lang='lat' dir='ltr'><strong>(los.</strong></span> <span class='ocrx_word' id='word_1_464' title='bbox 1038 4473 1131 4522; x_wconf 85' lang='lat' dir='ltr'><strong>vn,</strong></span> <span class='ocrx_word' id='word_1_465' title='bbox 1170 4459 1280 4529; x_wconf 77' lang='lat' dir='ltr'><strong>l3).</strong></span> <span class='ocrx_word' id='word_1_466' title='bbox 1329 4461 1394 4515; x_wconf 81' lang='lat' dir='ltr'><strong>Et</strong></span> <span class='ocrx_word' id='word_1_467' title='bbox 1425 4461 1551 4516; x_wconf 88' lang='lat' dir='ltr'><strong>item</strong></span> <span class='ocrx_word' id='word_1_468' title='bbox 1581 4473 1802 4517; x_wconf 89' lang='lat' dir='ltr'><strong>sanctus</strong></span> 
     </span>
    </p>
   </div>
   <div class='ocr_carea' id='block_1_62' title="bbox 1907 1980 3487 2056">
    <p class='ocr_par' dir='ltr' id='par_1_62' title="bbox 1907 1980 3487 2056">
     <span class='ocr_line' id='line_1_62' title="bbox 1907 1980 3487 2056; baseline 0.006 -25"><span class='ocrx_word' id='word_1_469' title='bbox 1907 1980 1997 2050; x_wconf 85' lang='lat' dir='ltr'><strong>jus</strong></span> <span class='ocrx_word' id='word_1_470' title='bbox 2031 1981 2103 2034; x_wconf 86' lang='lat' dir='ltr'><strong>rei</strong></span> <span class='ocrx_word' id='word_1_471' title='bbox 2121 1981 2380 2050; x_wconf 87' lang='lat' dir='ltr'><strong>potueris,</strong></span> <span class='ocrx_word' id='word_1_472' title='bbox 2401 1997 2522 2035; x_wconf 90' lang='lat' dir='ltr'><strong>eum</strong></span> <span class='ocrx_word' id='word_1_473' title='bbox 2554 1983 2605 2036; x_wconf 92' lang='lat' dir='ltr'><strong>in</strong></span> <span class='ocrx_word' id='word_1_474' title='bbox 2640 1985 2880 2038; x_wconf 88' lang='lat' dir='ltr'><strong>custodia</strong></span> <span class='ocrx_word' id='word_1_475' title='bbox 2913 1987 3178 2051; x_wconf 83' lang='lat' dir='ltr'><strong>districta,</strong></span> <span class='ocrx_word' id='word_1_476' title='bbox 3207 2001 3487 2056; x_wconf 88' lang='lat' dir='ltr'><strong>quousque</strong></span> 
     </span>
    </p>
   </div>
   <div class='ocr_carea' id='block_1_63' title="bbox 1913 2071 3484 2147">
    <p class='ocr_par' dir='ltr' id='par_1_63' title="bbox 1913 2071 3484 2147">
     <span class='ocr_line' id='line_1_63' title="bbox 1913 2071 3484 2147; baseline 0.007 -22"><span class='ocrx_word' id='word_1_477' title='bbox 1913 2071 2068 2127; x_wconf 89' lang='lat' dir='ltr'><strong>nobis</strong></span> <span class='ocrx_word' id='word_1_478' title='bbox 2105 2075 2406 2138; x_wconf 90' lang='lat' dir='ltr'><strong>renunties,</strong></span> <span class='ocrx_word' id='word_1_479' title='bbox 2442 2076 2669 2146; x_wconf 84' lang='lat' dir='ltr'><strong>redigas,</strong></span> <span class='ocrx_word' id='word_1_480' title='bbox 2697 2085 2754 2131; x_wconf 92' lang='lat' dir='ltr'><strong>ut</strong></span> <span class='ocrx_word' id='word_1_481' title='bbox 2781 2078 3484 2147; x_wconf 89' lang='lat' dir='ltr'><strong>qualiterimmanissimum</strong></span> 
     </span>
    </p>
   </div>
   <div class='ocr_carea' id='block_1_64' title="bbox 1918 2163 3486 2242">
    <p class='ocr_par' dir='ltr' id='par_1_64' title="bbox 1918 2163 3486 2242">
     <span class='ocr_line' id='line_1_64' title="bbox 1918 2163 3486 2242; baseline 0.006 -26"><span class='ocrx_word' id='word_1_482' title='bbox 1918 2163 2128 2219; x_wconf 85' lang='lat' dir='ltr'><strong>facinus</strong></span> <span class='ocrx_word' id='word_1_483' title='bbox 2173 2165 2366 2220; x_wconf 87' lang='lat' dir='ltr'><strong>discuti</strong></span> <span class='ocrx_word' id='word_1_484' title='bbox 2419 2167 2610 2221; x_wconf 84' lang='lat' dir='ltr'><strong>debeat</strong></span> <span class='ocrx_word' id='word_1_485' title='bbox 2649 2183 2711 2223; x_wconf 87' lang='lat' dir='ltr'><strong>ac</strong></span> <span class='ocrx_word' id='word_1_486' title='bbox 2756 2171 2953 2238; x_wconf 91' lang='lat' dir='ltr'><strong>puniri,</strong></span> <span class='ocrx_word' id='word_1_487' title='bbox 2989 2170 3284 2226; x_wconf 87' lang='lat' dir='ltr'><strong>deliberare</strong></span> <span class='ocrx_word' id='word_1_488' title='bbox 3315 2172 3486 2242; x_wconf 84' lang='lat' dir='ltr'><strong>possi-</strong></span> 
     </span>
    </p>
   </div>
   <div class='ocr_carea' id='block_1_65' title="bbox 1911 2256 3485 2330">
    <p class='ocr_par' dir='ltr' id='par_1_65' title="bbox 1911 2256 3485 2330">
     <span class='ocr_line' id='line_1_65' title="bbox 1911 2256 3485 2330; baseline 0.004 -20"><span class='ocrx_word' id='word_1_489' title='bbox 1911 2271 2052 2312; x_wconf 88' lang='lat' dir='ltr'><strong>mus.</strong></span> <span class='ocrx_word' id='word_1_490' title='bbox 2091 2277 2109 2309; x_wconf 73' lang='grc' dir='ltr'><strong>ι</strong></span> <span class='ocrx_word' id='word_1_491' title='bbox 2147 2256 2214 2310; x_wconf 86' lang='grc' dir='ltr'>Ει</span> <span class='ocrx_word' id='word_1_492' title='bbox 2249 2259 2291 2311; x_wconf 91' lang='lat' dir='ltr'><strong>si</strong></span> <span class='ocrx_word' id='word_1_493' title='bbox 2327 2257 2446 2326; x_wconf 89' lang='lat' dir='ltr'><strong>quis</strong></span> <span class='ocrx_word' id='word_1_494' title='bbox 2473 2257 2674 2314; x_wconf 74' lang='lat' dir='ltr'><strong>dixerit</strong></span> <span class='ocrx_word' id='word_1_495' title='bbox 2705 2277 2718 2312; x_wconf 90' lang='lat'>:</span> <span class='ocrx_word' id='word_1_496' title='bbox 2749 2258 2865 2314; x_wconf 88' lang='lat' dir='ltr'><strong>Non</strong></span> <span class='ocrx_word' id='word_1_497' title='bbox 2897 2261 3055 2315; x_wconf 87' lang='lat' dir='ltr'><strong>audet</strong></span> <span class='ocrx_word' id='word_1_498' title='bbox 3081 2261 3247 2316; x_wconf 88' lang='lat' dir='ltr'><strong>isdem</strong></span> <span class='ocrx_word' id='word_1_499' title='bbox 3271 2277 3485 2330; x_wconf 87' lang='lat' dir='ltr'><strong>perver-</strong></span> 
     </span>
    </p>
   </div>
   <div class='ocr_carea' id='block_1_66' title="bbox 1911 2347 3483 2415">
    <p class='ocr_par' dir='ltr' id='par_1_66' title="bbox 1911 2347 3483 2415">
     <span class='ocr_line' id='line_1_66' title="bbox 1911 2347 3483 2415; baseline 0.004 -15"><span class='ocrx_word' id='word_1_500' title='bbox 1911 2361 2002 2402; x_wconf 91' lang='lat' dir='ltr'><strong>sus</strong></span> <span class='ocrx_word' id='word_1_501' title='bbox 2032 2347 2194 2402; x_wconf 90' lang='lat' dir='ltr'><strong>homo</strong></span> <span class='ocrx_word' id='word_1_502' title='bbox 2245 2348 2311 2400; x_wconf 89' lang='lat' dir='ltr'><strong>ad</strong></span> <span class='ocrx_word' id='word_1_503' title='bbox 2357 2348 2620 2403; x_wconf 89' lang='lat' dir='ltr'><strong>rationem</strong></span> <span class='ocrx_word' id='word_1_504' title='bbox 2671 2350 2878 2415; x_wconf 89' lang='lat' dir='ltr'><strong>venire,</strong></span> <span class='ocrx_word' id='word_1_505' title='bbox 2902 2351 3150 2406; x_wconf 89' lang='lat' dir='ltr'><strong>audiatur</strong></span> <span class='ocrx_word' id='word_1_506' title='bbox 3201 2353 3483 2408; x_wconf 90' lang='lat' dir='ltr'><strong>consilium</strong></span> 
     </span>
    </p>
   </div>
   <div class='ocr_carea' id='block_1_67' title="bbox 1913 2436 3483 2510">
    <p class='ocr_par' dir='ltr' id='par_1_67' title="bbox 1913 2436 3483 2510">
     <span class='ocr_line' id='line_1_67' title="bbox 1913 2436 3483 2510; baseline 0.003 -18"><span class='ocrx_word' id='word_1_507' title='bbox 1913 2438 2081 2492; x_wconf 91' lang='lat' dir='ltr'><strong>sancti</strong></span> <span class='ocrx_word' id='word_1_508' title='bbox 2114 2436 2360 2509; x_wconf 83' lang='lat' dir='ltr'><strong>Gregorii</strong></span> <span class='ocrx_word' id='word_1_509' title='bbox 2395 2437 2461 2493; x_wconf 90' lang='lat' dir='ltr'><strong>de</strong></span> <span class='ocrx_word' id='word_1_510' title='bbox 2495 2437 2940 2495; x_wconf 85' lang='lat' dir='ltr'><strong>Frontinianistis</strong></span> <span class='ocrx_word' id='word_1_511' title='bbox 2966 2441 3253 2506; x_wconf 63' lang='lat' dir='ltr'><strong>haereticis,</strong></span> <span class='ocrx_word' id='word_1_512' title='bbox 3295 2442 3385 2510; x_wconf 92' lang='lat' dir='ltr'><strong>qui</strong></span> <span class='ocrx_word' id='word_1_513' title='bbox 3417 2441 3483 2496; x_wconf 90' lang='lat' dir='ltr'><strong>ad</strong></span> 
     </span>
    </p>
   </div>
   <div class='ocr_carea' id='block_1_68' title="bbox 1911 2530 3479 2601">
    <p class='ocr_par' dir='ltr' id='par_1_68' title="bbox 1911 2530 3479 2601">
     <span class='ocr_line' id='line_1_68' title="bbox 1911 2530 3479 2601; baseline 0.003 -19"><span class='ocrx_word' id='word_1_514' title='bbox 1911 2531 2177 2584; x_wconf 89' lang='lat' dir='ltr'><strong>rationem</strong></span> <span class='ocrx_word' id='word_1_515' title='bbox 2233 2530 2598 2584; x_wconf 88' lang='lat' dir='ltr'><strong>deducendam</strong></span> <span class='ocrx_word' id='word_1_516' title='bbox 2648 2530 2808 2586; x_wconf 85' lang='lat' dir='ltr'><strong>aliter</strong></span> <span class='ocrx_word' id='word_1_517' title='bbox 2855 2532 3050 2587; x_wconf 91' lang='lat' dir='ltr'><strong>adduci</strong></span> <span class='ocrx_word' id='word_1_518' title='bbox 3080 2548 3184 2588; x_wconf 88' lang='lat' dir='ltr'><strong>non</strong></span> <span class='ocrx_word' id='word_1_519' title='bbox 3209 2541 3479 2601; x_wconf 88' lang='lat' dir='ltr'><strong>poterant,</strong></span> 
     </span>
    </p>
   </div>
   <div class='ocr_carea' id='block_1_69' title="bbox 1910 2621 3481 2694">
    <p class='ocr_par' dir='ltr' id='par_1_69' title="bbox 1910 2621 3481 2694">
     <span class='ocr_line' id='line_1_69' title="bbox 1910 2621 3481 2694; baseline 0.004 -21"><span class='ocrx_word' id='word_1_520' title='bbox 1910 2624 2052 2689; x_wconf 89' lang='lat' dir='ltr'><strong>quod</strong></span> <span class='ocrx_word' id='word_1_521' title='bbox 2073 2621 2261 2674; x_wconf 91' lang='lat' dir='ltr'><strong>scribit</strong></span> <span class='ocrx_word' id='word_1_522' title='bbox 2285 2623 2350 2674; x_wconf 89' lang='lat' dir='ltr'><strong>ad</strong></span> <span class='ocrx_word' id='word_1_523' title='bbox 2373 2621 2752 2677; x_wconf 79' lang='lat' dir='ltr'><strong>Maximianum</strong></span> <span class='ocrx_word' id='word_1_524' title='bbox 2777 2621 3149 2678; x_wconf 86' lang='lat' dir='ltr'><strong>Salonitanum</strong></span> <span class='ocrx_word' id='word_1_525' title='bbox 3172 2625 3481 2694; x_wconf 88' lang='lat' dir='ltr'><strong>episcopum</strong></span> 
     </span>
    </p>
   </div>
   <div class='ocr_carea' id='block_1_70' title="bbox 1911 2711 3479 2786">
    <p class='ocr_par' dir='ltr' id='par_1_70' title="bbox 1911 2711 3479 2786">
     <span class='ocr_line' id='line_1_70' title="bbox 1911 2711 3479 2786; baseline 0.006 -25"><span class='ocrx_word' id='word_1_526' title='bbox 1911 2711 2022 2782; x_wconf 81' lang='lat' dir='ltr'><strong>(lib.</strong></span> <span class='ocrx_word' id='word_1_527' title='bbox 2069 2727 2184 2775; x_wconf 87' lang='lat' dir='ltr'><strong>vnt,</strong></span> <span class='ocrx_word' id='word_1_528' title='bbox 2222 2713 2370 2780; x_wconf 81' lang='lat' dir='ltr'><strong>epist.</strong></span> <span class='ocrx_word' id='word_1_529' title='bbox 2415 2712 2541 2784; x_wconf 78' lang='lat'><strong>36):</strong></span> <span class='ocrx_word' id='word_1_530' title='bbox 2579 2733 2596 2764; x_wconf 79' lang='grc' dir='ltr'><strong>ι</strong></span> <span class='ocrx_word' id='word_1_531' title='bbox 2629 2713 2703 2769; x_wconf 85' lang='lat' dir='ltr'><strong>De</strong></span> <span class='ocrx_word' id='word_1_532' title='bbox 2727 2713 3182 2780; x_wconf 87' lang='lat' dir='ltr'><strong>Frontinianistis,</strong></span> <span class='ocrx_word' id='word_1_533' title='bbox 3210 2714 3479 2786; x_wconf 89' lang='lat' dir='ltr'><strong>inquiens,</strong></span> 
     </span>
    </p>
   </div>
   <div class='ocr_carea' id='block_1_71' title="bbox 1909 2802 3483 2878">
    <p class='ocr_par' dir='ltr' id='par_1_71' title="bbox 1909 2802 3483 2878">
     <span class='ocr_line' id='line_1_71' title="bbox 1909 2802 3483 2878; baseline 0.006 -24"><span class='ocrx_word' id='word_1_534' title='bbox 1909 2802 2222 2857; x_wconf 87' lang='lat' dir='ltr'><strong>fraternitas</strong></span> <span class='ocrx_word' id='word_1_535' title='bbox 2254 2811 2342 2857; x_wconf 92' lang='lat' dir='ltr'><strong>tua</strong></span> <span class='ocrx_word' id='word_1_536' title='bbox 2370 2803 2440 2858; x_wconf 89' lang='lat' dir='ltr'><strong>sit</strong></span> <span class='ocrx_word' id='word_1_537' title='bbox 2467 2805 2688 2861; x_wconf 89' lang='lat' dir='ltr'><strong>omnino</strong></span> <span class='ocrx_word' id='word_1_538' title='bbox 2745 2805 3070 2871; x_wconf 80' lang='lat' dir='ltr'><strong>sollieita,et</strong></span> <span class='ocrx_word' id='word_1_539' title='bbox 3123 2806 3265 2861; x_wconf 89' lang='lat' dir='ltr'><strong>sicut</strong></span> <span class='ocrx_word' id='word_1_540' title='bbox 3320 2808 3483 2878; x_wconf 72' lang='lat' dir='ltr'><strong>coapit</strong></span> 
     </span>
    </p>
   </div>
   <div class='ocr_carea' id='block_1_72' title="bbox 1909 2887 3480 2966">
    <p class='ocr_par' dir='ltr' id='par_1_72' title="bbox 1909 2887 3480 2966">
     <span class='ocr_line' id='line_1_72' title="bbox 1909 2887 3480 2966; baseline 0.002 -16"><span class='ocrx_word' id='word_1_541' title='bbox 1909 2897 2145 2962; x_wconf 88' lang='lat' dir='ltr'><strong>studeat,</strong></span> <span class='ocrx_word' id='word_1_542' title='bbox 2163 2887 2444 2966; x_wconf 63' lang='lat' dir='ltr'><strong>~quatenus</strong></span> <span class='ocrx_word' id='word_1_543' title='bbox 2491 2897 2560 2952; x_wconf 88' lang='lat' dir='ltr'><strong>ad</strong></span> <span class='ocrx_word' id='word_1_544' title='bbox 2581 2898 2756 2952; x_wconf 85' lang='lat' dir='ltr'><strong>sinum</strong></span> <span class='ocrx_word' id='word_1_545' title='bbox 2800 2905 3002 2953; x_wconf 59' lang='lat' dir='ltr'><strong>sancta:</strong></span> <span class='ocrx_word' id='word_1_546' title='bbox 3023 2897 3280 2952; x_wconf 74' lang='lat' dir='ltr'><strong>Ecclesia:</strong></span> <span class='ocrx_word' id='word_1_547' title='bbox 3326 2914 3480 2953; x_wconf 84' lang='lat' dir='ltr'><strong>revo-</strong></span> 
     </span>
    </p>
   </div>
   <div class='ocr_carea' id='block_1_73' title="bbox 1908 2986 3482 3058">
    <p class='ocr_par' dir='ltr' id='par_1_73' title="bbox 1908 2986 3482 3058">
     <span class='ocr_line' id='line_1_73' title="bbox 1908 2986 3482 3058; baseline 0.002 -17"><span class='ocrx_word' id='word_1_548' title='bbox 1908 2996 2119 3042; x_wconf 89' lang='lat' dir='ltr'><strong>centur.</strong></span> <span class='ocrx_word' id='word_1_549' title='bbox 2152 2986 2207 3041; x_wconf 91' lang='lat' dir='ltr'><strong>Si</strong></span> <span class='ocrx_word' id='word_1_550' title='bbox 2232 2987 2324 3058; x_wconf 92' lang='lat' dir='ltr'><strong>qui</strong></span> <span class='ocrx_word' id='word_1_551' title='bbox 2347 3002 2477 3044; x_wconf 89' lang='lat' dir='ltr'><strong>vero</strong></span> <span class='ocrx_word' id='word_1_552' title='bbox 2505 2987 2573 3042; x_wconf 89' lang='lat' dir='ltr'><strong>ad</strong></span> <span class='ocrx_word' id='word_1_553' title='bbox 2609 3003 2694 3043; x_wconf 90' lang='lat' dir='ltr'><strong>me</strong></span> <span class='ocrx_word' id='word_1_554' title='bbox 2740 2989 2928 3043; x_wconf 89' lang='lat' dir='ltr'><strong>venire</strong></span> <span class='ocrx_word' id='word_1_555' title='bbox 2973 2988 3259 3052; x_wconf 89' lang='lat' dir='ltr'><strong>voluerint,</strong></span> <span class='ocrx_word' id='word_1_556' title='bbox 3293 2997 3346 3043; x_wconf 90' lang='lat' dir='ltr'><strong>et</strong></span> <span class='ocrx_word' id='word_1_557' title='bbox 3395 3005 3482 3044; x_wconf 86' lang='lat' dir='ltr'><strong>ra-</strong></span> 
     </span>
    </p>
   </div>
   <div class='ocr_carea' id='block_1_74' title="bbox 1907 3078 3481 3151">
    <p class='ocr_par' dir='ltr' id='par_1_74' title="bbox 1907 3078 3481 3151">
     <span class='ocr_line' id='line_1_74' title="bbox 1907 3078 3481 3151; baseline 0.003 -19"><span class='ocrx_word' id='word_1_558' title='bbox 1907 3079 2111 3134; x_wconf 90' lang='lat' dir='ltr'><strong>tionem</strong></span> <span class='ocrx_word' id='word_1_559' title='bbox 2160 3079 2610 3149; x_wconf 88' lang='lat' dir='ltr'><strong>reciperc,prius</strong></span> <span class='ocrx_word' id='word_1_560' title='bbox 2660 3078 3040 3150; x_wconf 85' lang='lat' dir='ltr'><strong>jusjurandum</strong></span> <span class='ocrx_word' id='word_1_561' title='bbox 3089 3081 3384 3151; x_wconf 76' lang='lat' dir='ltr'><strong>przcbeanl,</strong></span> <span class='ocrx_word' id='word_1_562' title='bbox 3417 3096 3481 3137; x_wconf 89' lang='lat' dir='ltr'><strong>ac</strong></span> 
     </span>
    </p>
   </div>
   <div class='ocr_carea' id='block_1_75' title="bbox 1907 3171 3482 3242">
    <p class='ocr_par' dir='ltr' id='par_1_75' title="bbox 1907 3171 3482 3242">
     <span class='ocr_line' id='line_1_75' title="bbox 1907 3171 3482 3242; baseline 0.003 -17"><span class='ocrx_word' id='word_1_563' title='bbox 1907 3173 2244 3242; x_wconf 86' lang='lat' dir='ltr'><strong>promittant,</strong></span> <span class='ocrx_word' id='word_1_564' title='bbox 2275 3171 2415 3242; x_wconf 90' lang='lat' dir='ltr'><strong>quod</strong></span> <span class='ocrx_word' id='word_1_565' title='bbox 2444 3171 2498 3226; x_wconf 91' lang='lat' dir='ltr'><strong>in</strong></span> <span class='ocrx_word' id='word_1_566' title='bbox 2528 3187 2717 3227; x_wconf 90' lang='lat' dir='ltr'><strong>eorum</strong></span> <span class='ocrx_word' id='word_1_567' title='bbox 2743 3185 2928 3228; x_wconf 90' lang='lat' dir='ltr'><strong>errore</strong></span> <span class='ocrx_word' id='word_1_568' title='bbox 2952 3173 3116 3228; x_wconf 88' lang='lat' dir='ltr'><strong>etiam</strong></span> <span class='ocrx_word' id='word_1_569' title='bbox 3167 3174 3372 3228; x_wconf 89' lang='lat' dir='ltr'><strong>ratione</strong></span> <span class='ocrx_word' id='word_1_570' title='bbox 3402 3189 3482 3230; x_wconf 83' lang='lat' dir='ltr'><strong>rc-</strong></span> 
     </span>
    </p>
   </div>
   <div class='ocr_carea' id='block_1_76' title="bbox 1908 3262 3480 3332">
    <p class='ocr_par' dir='ltr' id='par_1_76' title="bbox 1908 3262 3480 3332">
     <span class='ocr_line' id='line_1_76' title="bbox 1908 3262 3480 3332; baseline 0.003 -18"><span class='ocrx_word' id='word_1_571' title='bbox 1908 3271 2062 3329; x_wconf 77' lang='lat' dir='ltr'><strong>ccpta</strong></span> <span class='ocrx_word' id='word_1_572' title='bbox 2093 3277 2197 3316; x_wconf 92' lang='lat' dir='ltr'><strong>non</strong></span> <span class='ocrx_word' id='word_1_573' title='bbox 2228 3262 2558 3331; x_wconf 90' lang='lat' dir='ltr'><strong>persistant;</strong></span> <span class='ocrx_word' id='word_1_574' title='bbox 2587 3271 2642 3316; x_wconf 90' lang='lat' dir='ltr'><strong>et</strong></span> <span class='ocrx_word' id='word_1_575' title='bbox 2668 3263 3008 3332; x_wconf 91' lang='lat' dir='ltr'><strong>postmodum</strong></span> <span class='ocrx_word' id='word_1_576' title='bbox 3034 3264 3112 3317; x_wconf 91' lang='lat' dir='ltr'><strong>eis</strong></span> <span class='ocrx_word' id='word_1_577' title='bbox 3138 3271 3227 3317; x_wconf 87' lang='lat' dir='ltr'><strong>tua</strong></span> <span class='ocrx_word' id='word_1_578' title='bbox 3280 3263 3480 3318; x_wconf 90' lang='lat' dir='ltr'><strong>sancti-</strong></span> 
     </span>
    </p>
   </div>
   <div class='ocr_carea' id='block_1_77' title="bbox 1909 3350 3476 3421">
    <p class='ocr_par' dir='ltr' id='par_1_77' title="bbox 1909 3350 3476 3421">
     <span class='ocr_line' id='line_1_77' title="bbox 1909 3350 3476 3421; baseline 0.002 -16"><span class='ocrx_word' id='word_1_579' title='bbox 1909 3359 1989 3405; x_wconf 88' lang='lat' dir='ltr'><strong>tas</strong></span> <span class='ocrx_word' id='word_1_580' title='bbox 2010 3351 2307 3420; x_wconf 88' lang='lat' dir='ltr'><strong>promittat,</strong></span> <span class='ocrx_word' id='word_1_581' title='bbox 2331 3351 2456 3420; x_wconf 90' lang='lat' dir='ltr'><strong>quia</strong></span> <span class='ocrx_word' id='word_1_582' title='bbox 2477 3367 2504 3403; x_wconf 93' lang='lat' dir='ltr'><strong>a</strong></span> <span class='ocrx_word' id='word_1_583' title='bbox 2531 3365 2615 3406; x_wconf 91' lang='lat' dir='ltr'><strong>me</strong></span> <span class='ocrx_word' id='word_1_584' title='bbox 2630 3350 2830 3406; x_wconf 91' lang='lat' dir='ltr'><strong>nullam</strong></span> <span class='ocrx_word' id='word_1_585' title='bbox 2855 3351 3159 3406; x_wconf 86' lang='lat' dir='ltr'><strong>violentiam</strong></span> <span class='ocrx_word' id='word_1_586' title='bbox 3176 3352 3476 3421; x_wconf 86' lang='lat' dir='ltr'><strong>patiantur,</strong></span> 
     </span>
    </p>
   </div>
   <div class='ocr_carea' id='block_1_78' title="bbox 1905 3442 3478 3514">
    <p class='ocr_par' dir='ltr' id='par_1_78' title="bbox 1905 3442 3478 3514">
     <span class='ocr_line' id='line_1_78' title="bbox 1905 3442 3478 3514; baseline 0.003 -18"><span class='ocrx_word' id='word_1_587' title='bbox 1905 3442 2001 3497; x_wconf 89' lang='lat' dir='ltr'><strong>sed</strong></span> <span class='ocrx_word' id='word_1_588' title='bbox 2053 3444 2318 3497; x_wconf 88' lang='lat' dir='ltr'><strong>rationem</strong></span> <span class='ocrx_word' id='word_1_589' title='bbox 2375 3443 2566 3507; x_wconf 91' lang='lat' dir='ltr'><strong>reddo,</strong></span> <span class='ocrx_word' id='word_1_590' title='bbox 2590 3443 2635 3498; x_wconf 91' lang='lat' dir='ltr'><strong>si</strong></span> <span class='ocrx_word' id='word_1_591' title='bbox 2688 3445 2968 3498; x_wconf 86' lang='lat' dir='ltr'><strong>veritatem</strong></span> <span class='ocrx_word' id='word_1_592' title='bbox 2993 3445 3362 3514; x_wconf 84' lang='lat' dir='ltr'><strong>cognoverint,</strong></span> <span class='ocrx_word' id='word_1_593' title='bbox 3390 3461 3478 3500; x_wconf 86' lang='lat' dir='ltr'><strong>su-</strong></span> 
     </span>
    </p>
   </div>
   <div class='ocr_carea' id='block_1_79' title="bbox 1904 3536 3478 3608">
    <p class='ocr_par' dir='ltr' id='par_1_79' title="bbox 1904 3536 3478 3608">
     <span class='ocr_line' id='line_1_79' title="bbox 1904 3536 3478 3608; baseline 0.001 -17"><span class='ocrx_word' id='word_1_594' title='bbox 1904 3536 2155 3606; x_wconf 88' lang='lat' dir='ltr'><strong>scipiant,</strong></span> <span class='ocrx_word' id='word_1_595' title='bbox 2181 3537 2225 3592; x_wconf 91' lang='lat' dir='ltr'><strong>si</strong></span> <span class='ocrx_word' id='word_1_596' title='bbox 2262 3552 2368 3591; x_wconf 93' lang='lat' dir='ltr'><strong>non</strong></span> <span class='ocrx_word' id='word_1_597' title='bbox 2407 3537 2778 3608; x_wconf 78' lang='lat' dir='ltr'><strong>cognOVerint,</strong></span> <span class='ocrx_word' id='word_1_598' title='bbox 2807 3536 3003 3592; x_wconf 67' lang='lat' dir='ltr'><strong>illaesos</strong></span> <span class='ocrx_word' id='word_1_599' title='bbox 3030 3537 3257 3592; x_wconf 88' lang='lat' dir='ltr'><strong>dimitto.</strong></span> <span class='ocrx_word' id='word_1_600' title='bbox 3291 3537 3346 3592; x_wconf 93' lang='lat' dir='ltr'><strong>Si</strong></span> <span class='ocrx_word' id='word_1_601' title='bbox 3386 3538 3478 3607; x_wconf 91' lang='lat' dir='ltr'><strong>qui</strong></span> 
     </span>
    </p>
   </div>
   <div class='ocr_carea' id='block_1_80' title="bbox 1901 3627 3480 3697">
    <p class='ocr_par' dir='ltr' id='par_1_80' title="bbox 1901 3627 3480 3697">
     <span class='ocr_line' id='line_1_80' title="bbox 1901 3627 3480 3697; baseline 0.003 -16"><span class='ocrx_word' id='word_1_602' title='bbox 1901 3644 2034 3684; x_wconf 90' lang='lat' dir='ltr'><strong>vero</strong></span> <span class='ocrx_word' id='word_1_603' title='bbox 2062 3636 2371 3683; x_wconf 81' lang='lat' dir='ltr'><strong>contra&#39;vos</strong></span> <span class='ocrx_word' id='word_1_604' title='bbox 2403 3629 2519 3683; x_wconf 91' lang='lat' dir='ltr'><strong>sine</strong></span> <span class='ocrx_word' id='word_1_605' title='bbox 2538 3627 2849 3697; x_wconf 88' lang='lat' dir='ltr'><strong>jnramento</strong></span> <span class='ocrx_word' id='word_1_606' title='bbox 2873 3645 2938 3684; x_wconf 82' lang='lat' dir='ltr'><strong>ex</strong></span> <span class='ocrx_word' id='word_1_607' title='bbox 2969 3631 3048 3685; x_wconf 91' lang='lat' dir='ltr'><strong>eis</strong></span> <span class='ocrx_word' id='word_1_608' title='bbox 3086 3630 3152 3684; x_wconf 86' lang='lat' dir='ltr'><strong>ad</strong></span> <span class='ocrx_word' id='word_1_609' title='bbox 3175 3646 3271 3686; x_wconf 92' lang='lat' dir='ltr'><strong>nos</strong></span> <span class='ocrx_word' id='word_1_610' title='bbox 3296 3632 3480 3686; x_wconf 89' lang='lat' dir='ltr'><strong>venire</strong></span> 
     </span>
    </p>
   </div>
   <div class='ocr_carea' id='block_1_81' title="bbox 1902 3724 3478 3793">
    <p class='ocr_par' dir='ltr' id='par_1_81' title="bbox 1902 3724 3478 3793">
     <span class='ocr_line' id='line_1_81' title="bbox 1902 3724 3478 3793; baseline 0 -15"><span class='ocrx_word' id='word_1_611' title='bbox 1902 3725 2190 3788; x_wconf 89' lang='lat' dir='ltr'><strong>voluerint,</strong></span> <span class='ocrx_word' id='word_1_612' title='bbox 2223 3724 2442 3779; x_wconf 92' lang='lat' dir='ltr'><strong>minime</strong></span> <span class='ocrx_word' id='word_1_613' title='bbox 2463 3740 2557 3780; x_wconf 91' lang='lat' dir='ltr'><strong>eos</strong></span> <span class='ocrx_word' id='word_1_614' title='bbox 2605 3724 2917 3781; x_wconf 88' lang='lat' dir='ltr'><strong>fraternitas</strong></span> <span class='ocrx_word' id='word_1_615' title='bbox 2957 3735 3043 3780; x_wconf 90' lang='lat' dir='ltr'><strong>tua</strong></span> <span class='ocrx_word' id='word_1_616' title='bbox 3083 3726 3329 3788; x_wconf 89' lang='lat' dir='ltr'><strong>retineat,</strong></span> <span class='ocrx_word' id='word_1_617' title='bbox 3352 3724 3478 3793; x_wconf 90' lang='lat' dir='ltr'><strong>quia</strong></span> 
     </span>
    </p>
   </div>
   <div class='ocr_carea' id='block_1_82' title="bbox 1903 3814 3479 3886">
    <p class='ocr_par' dir='ltr' id='par_1_82' title="bbox 1903 3814 3479 3886">
     <span class='ocr_line' id='line_1_82' title="bbox 1903 3814 3479 3886; baseline -0.001 -17"><span class='ocrx_word' id='word_1_618' title='bbox 1903 3817 2204 3880; x_wconf 91' lang='lat' dir='ltr'><strong>venientes,</strong></span> <span class='ocrx_word' id='word_1_619' title='bbox 2236 3826 2329 3871; x_wconf 91' lang='lat' dir='ltr'><strong>aut</strong></span> <span class='ocrx_word' id='word_1_620' title='bbox 2375 3815 2638 3871; x_wconf 88' lang='lat' dir='ltr'><strong>rationem</strong></span> <span class='ocrx_word' id='word_1_621' title='bbox 2685 3817 2969 3886; x_wconf 88' lang='lat' dir='ltr'><strong>recipient,</strong></span> <span class='ocrx_word' id='word_1_622' title='bbox 3014 3826 3107 3871; x_wconf 90' lang='lat' dir='ltr'><strong>aut</strong></span> <span class='ocrx_word' id='word_1_623' title='bbox 3165 3817 3303 3871; x_wconf 89' lang='lat' dir='ltr'><strong>scito</strong></span> <span class='ocrx_word' id='word_1_624' title='bbox 3353 3814 3479 3886; x_wconf 90' lang='lat' dir='ltr'><strong>quia</strong></span> 
     </span>
    </p>
   </div>
   <div class='ocr_carea' id='block_1_83' title="bbox 1905 3905 3478 3963">
    <p class='ocr_par' dir='ltr' id='par_1_83' title="bbox 1905 3905 3478 3963">
     <span class='ocr_line' id='line_1_83' title="bbox 1905 3905 3478 3963; baseline -0.003 0"><span class='ocrx_word' id='word_1_625' title='bbox 1905 3917 2106 3963; x_wconf 88' lang='lat' dir='ltr'><strong>terram</strong></span> <span class='ocrx_word' id='word_1_626' title='bbox 2130 3907 2272 3962; x_wconf 88' lang='lat' dir='ltr'><strong>illam</strong></span> <span class='ocrx_word' id='word_1_627' title='bbox 2302 3907 2528 3961; x_wconf 90' lang='lat' dir='ltr'><strong>ulterius</strong></span> <span class='ocrx_word' id='word_1_628' title='bbox 2562 3923 2664 3962; x_wconf 93' lang='lat' dir='ltr'><strong>non</strong></span> <span class='ocrx_word' id='word_1_629' title='bbox 2698 3908 2974 3962; x_wconf 85' lang='lat' dir='ltr'><strong>videbunt.</strong></span> <span class='ocrx_word' id='word_1_630' title='bbox 3011 3929 3030 3960; x_wconf 71' lang='grc' dir='ltr'><strong>ι</strong></span> <span class='ocrx_word' id='word_1_631' title='bbox 3060 3907 3125 3961; x_wconf 85' lang='grc' dir='ltr'>Ει</span> <span class='ocrx_word' id='word_1_632' title='bbox 3157 3908 3210 3962; x_wconf 91' lang='lat' dir='ltr'><strong>in</strong></span> <span class='ocrx_word' id='word_1_633' title='bbox 3249 3905 3478 3962; x_wconf 81' lang='lat' dir='ltr'><strong>Cartha-</strong></span> 
     </span>
    </p>
   </div>
   <div class='ocr_carea' id='block_1_84' title="bbox 1903 3997 3479 4070">
    <p class='ocr_par' dir='ltr' id='par_1_84' title="bbox 1903 3997 3479 4070">
     <span class='ocr_line' id='line_1_84' title="bbox 1903 3997 3479 4070; baseline 0 -18"><span class='ocrx_word' id='word_1_634' title='bbox 1903 3999 2112 4070; x_wconf 90' lang='lat' dir='ltr'><strong>ginensi</strong></span> <span class='ocrx_word' id='word_1_635' title='bbox 2165 3998 2392 4053; x_wconf 90' lang='lat' dir='ltr'><strong>concilio</strong></span> <span class='ocrx_word' id='word_1_636' title='bbox 2441 3997 2699 4067; x_wconf 88' lang='lat' dir='ltr'><strong>scriptum</strong></span> <span class='ocrx_word' id='word_1_637' title='bbox 2753 4008 2833 4052; x_wconf 90' lang='lat' dir='ltr'><strong>est</strong></span> <span class='ocrx_word' id='word_1_638' title='bbox 2857 3999 2996 4068; x_wconf 86' lang='lat' dir='ltr'><strong>(can.</strong></span> <span class='ocrx_word' id='word_1_639' title='bbox 3029 3998 3160 4067; x_wconf 78' lang='lat'><strong>50):</strong></span> <span class='ocrx_word' id='word_1_640' title='bbox 3195 4017 3211 4049; x_wconf 77' lang='grc' dir='ltr'><strong>ι</strong></span> <span class='ocrx_word' id='word_1_641' title='bbox 3251 3997 3479 4062; x_wconf 87' lang='lat' dir='ltr'><strong>Placuit,</strong></span> 
     </span>
    </p>
   </div>
   <div class='ocr_carea' id='block_1_85' title="bbox 1903 4087 3482 4160">
    <p class='ocr_par' dir='ltr' id='par_1_85' title="bbox 1903 4087 3482 4160">
     <span class='ocr_line' id='line_1_85' title="bbox 1903 4087 3482 4160; baseline 0 -16"><span class='ocrx_word' id='word_1_642' title='bbox 1903 4090 2215 4160; x_wconf 88' lang='lat' dir='ltr'><strong>inquit,aut</strong></span> <span class='ocrx_word' id='word_1_643' title='bbox 2238 4097 2546 4152; x_wconf 87' lang='lat' dir='ltr'><strong>accusatus,</strong></span> <span class='ocrx_word' id='word_1_644' title='bbox 2571 4087 2655 4142; x_wconf 88' lang='lat' dir='ltr'><strong>vel</strong></span> <span class='ocrx_word' id='word_1_645' title='bbox 2685 4097 2990 4152; x_wconf 88' lang='lat' dir='ltr'><strong>accusator,</strong></span> <span class='ocrx_word' id='word_1_646' title='bbox 3015 4088 3064 4140; x_wconf 94' lang='lat' dir='ltr'><strong>in</strong></span> <span class='ocrx_word' id='word_1_647' title='bbox 3095 4102 3158 4142; x_wconf 89' lang='lat' dir='ltr'><strong>eo</strong></span> <span class='ocrx_word' id='word_1_648' title='bbox 3186 4087 3482 4151; x_wconf 88' lang='lat' dir='ltr'><strong>loco,unde</strong></span> 
     </span>
    </p>
   </div>
   <div class='ocr_carea' id='block_1_86' title="bbox 1903 4179 3476 4252">
    <p class='ocr_par' dir='ltr' id='par_1_86' title="bbox 1903 4179 3476 4252">
     <span class='ocr_line' id='line_1_86' title="bbox 1903 4179 3476 4252; baseline -0.003 -15"><span class='ocrx_word' id='word_1_649' title='bbox 1903 4182 1993 4237; x_wconf 89' lang='lat' dir='ltr'><strong>ille</strong></span> <span class='ocrx_word' id='word_1_650' title='bbox 2047 4191 2132 4236; x_wconf 89' lang='lat' dir='ltr'><strong>est</strong></span> <span class='ocrx_word' id='word_1_651' title='bbox 2163 4182 2253 4252; x_wconf 94' lang='lat' dir='ltr'><strong>qui</strong></span> <span class='ocrx_word' id='word_1_652' title='bbox 2281 4190 2588 4244; x_wconf 84' lang='lat' dir='ltr'><strong>accusatur,</strong></span> <span class='ocrx_word' id='word_1_653' title='bbox 2620 4180 2662 4234; x_wconf 92' lang='lat' dir='ltr'><strong>si</strong></span> <span class='ocrx_word' id='word_1_654' title='bbox 2699 4180 2892 4234; x_wconf 87' lang='lat' dir='ltr'><strong>metuit</strong></span> <span class='ocrx_word' id='word_1_655' title='bbox 2918 4180 3156 4249; x_wconf 84' lang='lat' dir='ltr'><strong>aliquam</strong></span> <span class='ocrx_word' id='word_1_656' title='bbox 3223 4179 3331 4232; x_wconf 91' lang='lat' dir='ltr'><strong>vim</strong></span> <span class='ocrx_word' id='word_1_657' title='bbox 3393 4188 3476 4234; x_wconf 87' lang='lat' dir='ltr'><strong>te-</strong></span> 
     </span>
    </p>
   </div>
   <div class='ocr_carea' id='block_1_87' title="bbox 1902 4269 3478 4340">
    <p class='ocr_par' dir='ltr' id='par_1_87' title="bbox 1902 4269 3478 4340">
     <span class='ocr_line' id='line_1_87' title="bbox 1902 4269 3478 4340; baseline -0.004 -12"><span class='ocrx_word' id='word_1_658' title='bbox 1902 4274 2152 4328; x_wconf 75' lang='lat' dir='ltr'><strong>merarire</strong></span> <span class='ocrx_word' id='word_1_659' title='bbox 2175 4272 2551 4335; x_wconf 90' lang='lat' dir='ltr'><strong>multitudinis,</strong></span> <span class='ocrx_word' id='word_1_660' title='bbox 2586 4271 2758 4324; x_wconf 76' lang='lat' dir='ltr'><strong>lorum</strong></span> <span class='ocrx_word' id='word_1_661' title='bbox 2799 4271 2899 4326; x_wconf 90' lang='lat' dir='ltr'><strong>sibi</strong></span> <span class='ocrx_word' id='word_1_662' title='bbox 2949 4271 3111 4340; x_wconf 84' lang='lat' dir='ltr'><strong>eligat</strong></span> <span class='ocrx_word' id='word_1_663' title='bbox 3151 4269 3478 4340; x_wconf 81' lang='lat' dir='ltr'><strong>proximum,</strong></span> 
     </span>
    </p>
   </div>
   <div class='ocr_carea' id='block_1_88' title="bbox 1903 4359 3479 4434">
    <p class='ocr_par' dir='ltr' id='par_1_88' title="bbox 1903 4359 3479 4434">
     <span class='ocr_line' id='line_1_88' title="bbox 1903 4359 3479 4434; baseline -0.003 -16"><span class='ocrx_word' id='word_1_664' title='bbox 1903 4379 2009 4434; x_wconf 90' lang='lat' dir='ltr'><strong>quo</strong></span> <span class='ocrx_word' id='word_1_665' title='bbox 2062 4379 2166 4418; x_wconf 93' lang='lat' dir='ltr'><strong>non</strong></span> <span class='ocrx_word' id='word_1_666' title='bbox 2229 4363 2298 4416; x_wconf 89' lang='lat' dir='ltr'><strong>sit</strong></span> <span class='ocrx_word' id='word_1_667' title='bbox 2342 4361 2559 4416; x_wconf 87' lang='lat' dir='ltr'><strong>difficile</strong></span> <span class='ocrx_word' id='word_1_668' title='bbox 2614 4371 2778 4416; x_wconf 89' lang='lat' dir='ltr'><strong>testes</strong></span> <span class='ocrx_word' id='word_1_669' title='bbox 2825 4359 3270 4431; x_wconf 88' lang='lat' dir='ltr'><strong>perducere,ubi</strong></span> <span class='ocrx_word' id='word_1_670' title='bbox 3315 4375 3479 4415; x_wconf 90' lang='lat' dir='ltr'><strong>causa</strong></span> 
     </span>
    </p>
   </div>
   <div class='ocr_carea' id='block_1_89' title="bbox 1904 4451 3481 4526">
    <p class='ocr_par' dir='ltr' id='par_1_89' title="bbox 1904 4451 3481 4526">
     <span class='ocr_line' id='line_1_89' title="bbox 1904 4451 3481 4526; baseline -0.003 -14"><span class='ocrx_word' id='word_1_671' title='bbox 1904 4459 2138 4512; x_wconf 88' lang='lat' dir='ltr'><strong>finiatur.</strong></span> <span class='ocrx_word' id='word_1_672' title='bbox 2173 4475 2191 4507; x_wconf 74' lang='grc' dir='ltr'><strong>ι</strong></span> <span class='ocrx_word' id='word_1_673' title='bbox 2229 4456 2359 4511; x_wconf 89' lang='lat' dir='ltr'><strong>Etsi</strong></span> <span class='ocrx_word' id='word_1_674' title='bbox 2391 4455 2513 4526; x_wconf 89' lang='lat' dir='ltr'><strong>quis</strong></span> <span class='ocrx_word' id='word_1_675' title='bbox 2543 4455 2764 4518; x_wconf 80' lang='lat' dir='ltr'><strong>dixerit,</strong></span> <span class='ocrx_word' id='word_1_676' title='bbox 2790 4454 2998 4509; x_wconf 84' lang='lat' dir='ltr'><strong>Addnci</strong></span> <span class='ocrx_word' id='word_1_677' title='bbox 3054 4468 3159 4508; x_wconf 91' lang='lat' dir='ltr'><strong>non</strong></span> <span class='ocrx_word' id='word_1_678' title='bbox 3210 4462 3388 4523; x_wconf 91' lang='lat' dir='ltr'><strong>potest</strong></span> <span class='ocrx_word' id='word_1_679' title='bbox 3414 4451 3481 4507; x_wconf 87' lang='lat' dir='ltr'><strong>ad</strong></span> 
     </span>
    </p>
   </div>
   <div class='ocr_carea' id='block_1_90' title="bbox 211 4543 3483 4653">
    <p class='ocr_par' dir='ltr' id='par_1_90' title="bbox 211 4543 3483 4653">
     <span class='ocr_line' id='line_1_90' title="bbox 211 4543 3483 4653; baseline 0.001 -55"><span class='ocrx_word' id='word_1_680' title='bbox 211 4543 513 4612; x_wconf 85' lang='lat' dir='ltr'><strong>Gregorius</strong></span> <span class='ocrx_word' id='word_1_681' title='bbox 541 4545 606 4597; x_wconf 89' lang='lat' dir='ltr'><strong>al</strong></span> <span class='ocrx_word' id='word_1_682' title='bbox 634 4543 917 4616; x_wconf 83' lang='lat' dir='ltr'><strong>Syagrium</strong></span> <span class='ocrx_word' id='word_1_683' title='bbox 966 4548 1156 4603; x_wconf 90' lang='lat' dir='ltr'><strong>scribit</strong></span> <span class='ocrx_word' id='word_1_684' title='bbox 1200 4550 1511 4622; x_wconf 87' lang='lat' dir='ltr'><strong>episcopmn</strong></span> <span class='ocrx_word' id='word_1_685' title='bbox 1560 4552 1674 4624; x_wconf 85' lang='lat' dir='ltr'><strong>(lib.</strong></span> <span class='ocrx_word' id='word_1_686' title='bbox 1702 4569 1796 4615; x_wconf 89' lang='lat' dir='ltr'><strong>vn,</strong></span> <span class='ocrx_word' id='word_1_687' title='bbox 1831 4596 1878 4653; x_wconf 67' lang='grc' dir='ltr'><strong>Β</strong></span> <span class='ocrx_word' id='word_1_688' title='bbox 1897 4551 2183 4620; x_wconf 86' lang='lat' dir='ltr'><strong>judicium,</strong></span> <span class='ocrx_word' id='word_1_689' title='bbox 2208 4551 2332 4621; x_wconf 89' lang='lat' dir='ltr'><strong>quia</strong></span> <span class='ocrx_word' id='word_1_690' title='bbox 2363 4549 2527 4604; x_wconf 87' lang='lat' dir='ltr'><strong>fultus</strong></span> <span class='ocrx_word' id='word_1_691' title='bbox 2566 4547 2793 4603; x_wconf 90' lang='lat' dir='ltr'><strong>aliorum</strong></span> <span class='ocrx_word' id='word_1_692' title='bbox 2826 4547 3142 4653; x_wconf 44' lang='lat' dir='ltr'><strong>patrocinio.</strong></span> <span class='ocrx_word' id='word_1_693' title='bbox 3174 4562 3359 4650; x_wconf 79' lang='lat' dir='ltr'><strong>regum</strong></span> <span class='ocrx_word' id='word_1_694' title='bbox 3397 4561 3483 4653; x_wconf 69' lang='lat' dir='ltr'><strong>re-</strong></span> 
     </span>
    </p>
   </div>
   <div class='ocr_carea' id='block_1_91' title="bbox 210 4635 1798 4722">
    <p class='ocr_par' dir='ltr' id='par_1_91' title="bbox 210 4635 1798 4722">
     <span class='ocr_line' id='line_1_91' title="bbox 210 4635 1798 4722; baseline 0.009 -34"><span class='ocrx_word' id='word_1_695' title='bbox 210 4637 369 4704; x_wconf 77' lang='lat' dir='ltr'><strong>epist.</strong></span> <span class='ocrx_word' id='word_1_696' title='bbox 399 4635 555 4706; x_wconf 83' lang='lat' dir='ltr'><strong>H7):</strong></span> <span class='ocrx_word' id='word_1_697' title='bbox 584 4655 602 4687; x_wconf 75' lang='lat'><strong>¢</strong></span> <span class='ocrx_word' id='word_1_698' title='bbox 636 4636 768 4702; x_wconf 89' lang='lat' dir='ltr'><strong>Quia</strong></span> <span class='ocrx_word' id='word_1_699' title='bbox 797 4638 928 4692; x_wconf 85' lang='lat' dir='ltr'><strong>satis</strong></span> <span class='ocrx_word' id='word_1_700' title='bbox 971 4641 1188 4694; x_wconf 79' lang='lat' dir='ltr'><strong>noxium</strong></span> <span class='ocrx_word' id='word_1_701' title='bbox 1228 4652 1388 4712; x_wconf 89' lang='lat' dir='ltr'><strong>atque</strong></span> <span class='ocrx_word' id='word_1_702' title='bbox 1437 4647 1798 4722; x_wconf 79' lang='lat' dir='ltr'><strong>perniciosum</strong></span> 
     </span>
    </p>
   </div>
   <div class='ocr_carea' id='block_1_92' title="bbox 215 4729 1800 4809">
    <p class='ocr_par' dir='ltr' id='par_1_92' title="bbox 215 4729 1800 4809">
     <span class='ocr_line' id='line_1_92' title="bbox 215 4729 1800 4809; baseline 0.009 -27"><span class='ocrx_word' id='word_1_703' title='bbox 215 4738 325 4788; x_wconf 81' lang='lat' dir='ltr'><strong>est,</strong></span> <span class='ocrx_word' id='word_1_704' title='bbox 357 4739 415 4782; x_wconf 89' lang='lat' dir='ltr'><strong>nt</strong></span> <span class='ocrx_word' id='word_1_705' title='bbox 441 4729 739 4786; x_wconf 89' lang='lat' dir='ltr'><strong>imitatione</strong></span> <span class='ocrx_word' id='word_1_706' title='bbox 770 4747 934 4802; x_wconf 90' lang='lat' dir='ltr'><strong>prave</strong></span> <span class='ocrx_word' id='word_1_707' title='bbox 977 4735 1184 4803; x_wconf 85' lang='lat' dir='ltr'><strong>agentis</strong></span> <span class='ocrx_word' id='word_1_708' title='bbox 1231 4737 1583 4793; x_wconf 88' lang='lat' dir='ltr'><strong>destruantur</strong></span> <span class='ocrx_word' id='word_1_709' title='bbox 1612 4741 1701 4809; x_wconf 88' lang='lat' dir='ltr'><strong>qui</strong></span> <span class='ocrx_word' id='word_1_710' title='bbox 1732 4741 1800 4797; x_wconf 92' lang='lat' dir='ltr'><strong>de</strong></span> 
     </span>
    </p>
   </div>
   <div class='ocr_carea' id='block_1_93' title="bbox 213 4821 1801 4902">
    <p class='ocr_par' dir='ltr' id='par_1_93' title="bbox 213 4821 1801 4902">
     <span class='ocr_line' id='line_1_93' title="bbox 213 4821 1801 4902; baseline 0.009 -29"><span class='ocrx_word' id='word_1_711' title='bbox 213 4821 503 4892; x_wconf 87' lang='lat' dir='ltr'><strong>punitione</strong></span> <span class='ocrx_word' id='word_1_712' title='bbox 533 4821 672 4877; x_wconf 89' lang='lat' dir='ltr'><strong>illius</strong></span> <span class='ocrx_word' id='word_1_713' title='bbox 695 4824 951 4878; x_wconf 68' lang='lat' dir='ltr'><strong>azdilicari</strong></span> <span class='ocrx_word' id='word_1_714' title='bbox 997 4825 1135 4882; x_wconf 92' lang='lat' dir='ltr'><strong>bene</strong></span> <span class='ocrx_word' id='word_1_715' title='bbox 1160 4827 1480 4898; x_wconf 80' lang='lat' dir='ltr'><strong>debuerant.</strong></span> <span class='ocrx_word' id='word_1_716' title='bbox 1511 4831 1567 4885; x_wconf 92' lang='lat' dir='ltr'><strong>ln</strong></span> <span class='ocrx_word' id='word_1_717' title='bbox 1609 4849 1712 4902; x_wconf 91' lang='lat' dir='ltr'><strong>qua</strong></span> <span class='ocrx_word' id='word_1_718' title='bbox 1743 4848 1801 4888; x_wconf 90' lang='lat' dir='ltr'><strong>re</strong></span> 
     </span>
    </p>
   </div>
   <div class='ocr_carea' id='block_1_94' title="bbox 214 4913 1804 4989">
    <p class='ocr_par' dir='ltr' id='par_1_94' title="bbox 214 4913 1804 4989">
     <span class='ocr_line' id='line_1_94' title="bbox 214 4913 1804 4989; baseline 0.006 -21"><span class='ocrx_word' id='word_1_719' title='bbox 214 4927 325 4968; x_wconf 88' lang='lat' dir='ltr'><strong>non</strong></span> <span class='ocrx_word' id='word_1_720' title='bbox 351 4913 523 4967; x_wconf 79' lang='lat' dir='ltr'><strong>solum</strong></span> <span class='ocrx_word' id='word_1_721' title='bbox 552 4913 640 4969; x_wconf 87' lang='lat' dir='ltr'><strong>ille</strong></span> <span class='ocrx_word' id='word_1_722' title='bbox 667 4915 968 4986; x_wconf 72' lang='lat' dir='ltr'><strong>culpabilis,</strong></span> <span class='ocrx_word' id='word_1_723' title='bbox 999 4918 1090 4972; x_wconf 88' lang='lat' dir='ltr'><strong>sed</strong></span> <span class='ocrx_word' id='word_1_724' title='bbox 1113 4920 1276 4973; x_wconf 89' lang='lat' dir='ltr'><strong>etiam</strong></span> <span class='ocrx_word' id='word_1_725' title='bbox 1301 4922 1390 4989; x_wconf 90' lang='lat' dir='ltr'><strong>qui</strong></span> <span class='ocrx_word' id='word_1_726' title='bbox 1416 4938 1518 4974; x_wconf 88' lang='lat' dir='ltr'><strong>non</strong></span> <span class='ocrx_word' id='word_1_727' title='bbox 1545 4924 1804 4978; x_wconf 86' lang='lat' dir='ltr'><strong>restiterit</strong></span> 
     </span>
    </p>
   </div>
   <div class='ocr_carea' id='block_1_95' title="bbox 212 5004 1800 5083">
    <p class='ocr_par' dir='ltr' id='par_1_95' title="bbox 212 5004 1800 5083">
     <span class='ocr_line' id='line_1_95' title="bbox 212 5004 1800 5083; baseline 0.006 -24"><span class='ocrx_word' id='word_1_728' title='bbox 212 5004 517 5059; x_wconf 88' lang='lat' dir='ltr'><strong>invenitur.</strong></span> <span class='ocrx_word' id='word_1_729' title='bbox 557 5004 691 5060; x_wconf 70' lang='lat' dir='ltr'><strong>Nam</strong></span> <span class='ocrx_word' id='word_1_730' title='bbox 727 5010 1037 5063; x_wconf 91' lang='lat' dir='ltr'><strong>consentire</strong></span> <span class='ocrx_word' id='word_1_731' title='bbox 1070 5010 1278 5076; x_wconf 87' lang='lat' dir='ltr'><strong>videtur</strong></span> <span class='ocrx_word' id='word_1_732' title='bbox 1308 5013 1534 5076; x_wconf 88' lang='lat' dir='ltr'><strong>erranti,</strong></span> <span class='ocrx_word' id='word_1_733' title='bbox 1572 5015 1662 5083; x_wconf 91' lang='lat' dir='ltr'><strong>qui</strong></span> <span class='ocrx_word' id='word_1_734' title='bbox 1687 5030 1800 5069; x_wconf 89' lang='lat' dir='ltr'><strong>cor-</strong></span> 
     </span>
    </p>
   </div>
   <div class='ocr_carea' id='block_1_96' title="bbox 216 5094 1619 5164">
    <p class='ocr_par' dir='ltr' id='par_1_96' title="bbox 216 5094 1619 5164">
     <span class='ocr_line' id='line_1_96' title="bbox 216 5094 1619 5164; baseline 0.008 -18"><span class='ocrx_word' id='word_1_735' title='bbox 216 5094 444 5164; x_wconf 83' lang='lat' dir='ltr'><strong>rigenda</strong></span> <span class='ocrx_word' id='word_1_736' title='bbox 479 5102 534 5148; x_wconf 86' lang='lat' dir='ltr'><strong>ut</strong></span> <span class='ocrx_word' id='word_1_737' title='bbox 561 5098 796 5152; x_wconf 88' lang='lat' dir='ltr'><strong>resecari</strong></span> <span class='ocrx_word' id='word_1_738' title='bbox 829 5099 1058 5155; x_wconf 86' lang='lat' dir='ltr'><strong>debeant</strong></span> <span class='ocrx_word' id='word_1_739' title='bbox 1088 5116 1192 5155; x_wconf 91' lang='lat' dir='ltr'><strong>non</strong></span> <span class='ocrx_word' id='word_1_740' title='bbox 1221 5105 1576 5156; x_wconf 89' lang='lat' dir='ltr'><strong>concurrerit.</strong></span> <span class='ocrx_word' id='word_1_741' title='bbox 1599 5122 1619 5156; x_wconf 73' lang='grc' dir='ltr'><strong>ι</strong></span> 
     </span>
    </p>
   </div>
   <div class='ocr_carea' id='block_1_97' title="bbox 289 5185 1802 5268">
    <p class='ocr_par' dir='ltr' id='par_1_97' title="bbox 289 5185 1802 5268">
     <span class='ocr_line' id='line_1_97' title="bbox 289 5185 1802 5268; baseline 0.011 -30"><span class='ocrx_word' id='word_1_742' title='bbox 289 5185 361 5239; x_wconf 83' lang='lat' dir='ltr'><strong>Et</strong></span> <span class='ocrx_word' id='word_1_743' title='bbox 388 5202 546 5242; x_wconf 89' lang='lat' dir='ltr'><strong>nemo</strong></span> <span class='ocrx_word' id='word_1_744' title='bbox 571 5189 734 5254; x_wconf 89' lang='lat' dir='ltr'><strong>dicat,</strong></span> <span class='ocrx_word' id='word_1_745' title='bbox 771 5199 879 5245; x_wconf 90' lang='lat' dir='ltr'><strong>tam</strong></span> <span class='ocrx_word' id='word_1_746' title='bbox 915 5207 1201 5262; x_wconf 87' lang='lat' dir='ltr'><strong>perversus</strong></span> <span class='ocrx_word' id='word_1_747' title='bbox 1236 5195 1396 5250; x_wconf 92' lang='lat' dir='ltr'><strong>homo</strong></span> <span class='ocrx_word' id='word_1_748' title='bbox 1437 5211 1542 5251; x_wconf 89' lang='lat' dir='ltr'><strong>non</strong></span> <span class='ocrx_word' id='word_1_749' title='bbox 1573 5197 1636 5250; x_wconf 92' lang='lat' dir='ltr'><strong>ad</strong></span> <span class='ocrx_word' id='word_1_750' title='bbox 1657 5197 1802 5268; x_wconf 84' lang='lat' dir='ltr'><strong>judi-</strong></span> 
     </span>
    </p>
   </div>
   <div class='ocr_carea' id='block_1_98' title="bbox 214 5278 1806 5355">
    <p class='ocr_par' dir='ltr' id='par_1_98' title="bbox 214 5278 1806 5355">
     <span class='ocr_line' id='line_1_98' title="bbox 214 5278 1806 5355; baseline 0.009 -23"><span class='ocrx_word' id='word_1_751' title='bbox 214 5278 366 5332; x_wconf 88' lang='lat' dir='ltr'><strong>cium</strong></span> <span class='ocrx_word' id='word_1_752' title='bbox 400 5281 696 5341; x_wconf 87' lang='lat' dir='ltr'><strong>vocandus,</strong></span> <span class='ocrx_word' id='word_1_753' title='bbox 724 5284 816 5336; x_wconf 91' lang='lat' dir='ltr'><strong>sed</strong></span> <span class='ocrx_word' id='word_1_754' title='bbox 842 5285 997 5352; x_wconf 89' lang='lat' dir='ltr'><strong>quasi</strong></span> <span class='ocrx_word' id='word_1_755' title='bbox 1017 5285 1127 5355; x_wconf 89' lang='lat' dir='ltr'><strong>jam</strong></span> <span class='ocrx_word' id='word_1_756' title='bbox 1174 5285 1446 5354; x_wconf 90' lang='lat' dir='ltr'><strong>judicatus</strong></span> <span class='ocrx_word' id='word_1_757' title='bbox 1471 5290 1806 5348; x_wconf 86' lang='lat' dir='ltr'><strong>damnandus</strong></span> 
     </span>
    </p>
   </div>
   <div class='ocr_carea' id='block_1_99' title="bbox 213 5370 1806 5450">
    <p class='ocr_par' dir='ltr' id='par_1_99' title="bbox 213 5370 1806 5450">
     <span class='ocr_line' id='line_1_99' title="bbox 213 5370 1806 5450; baseline 0.01 -27"><span class='ocrx_word' id='word_1_758' title='bbox 213 5380 322 5424; x_wconf 89' lang='lat' dir='ltr'><strong>est.</strong></span> <span class='ocrx_word' id='word_1_759' title='bbox 339 5370 691 5440; x_wconf 83' lang='lat' dir='ltr'><strong>Audiatquod</strong></span> <span class='ocrx_word' id='word_1_760' title='bbox 711 5373 760 5426; x_wconf 91' lang='lat' dir='ltr'><strong>in</strong></span> <span class='ocrx_word' id='word_1_761' title='bbox 783 5373 1074 5446; x_wconf 86' lang='lat' dir='ltr'><strong>Evangelio</strong></span> <span class='ocrx_word' id='word_1_762' title='bbox 1096 5375 1318 5434; x_wconf 80' lang='lat' dir='ltr'><strong>Joannis</strong></span> <span class='ocrx_word' id='word_1_763' title='bbox 1339 5380 1598 5450; x_wconf 86' lang='lat' dir='ltr'><strong>scriptum</strong></span> <span class='ocrx_word' id='word_1_764' title='bbox 1629 5393 1708 5438; x_wconf 91' lang='lat' dir='ltr'><strong>est</strong></span> <span class='ocrx_word' id='word_1_765' title='bbox 1730 5384 1806 5438; x_wconf 88' lang='lat' dir='ltr'><strong>di-</strong></span> 
     </span>
    </p>
   </div>
   <div class='ocr_carea' id='block_1_100' title="bbox 215 5459 1804 5542">
    <p class='ocr_par' dir='ltr' id='par_1_100' title="bbox 215 5459 1804 5542">
     <span class='ocr_line' id='line_1_100' title="bbox 215 5459 1804 5542; baseline 0.011 -30"><span class='ocrx_word' id='word_1_766' title='bbox 215 5459 363 5515; x_wconf 79' lang='lat' dir='ltr'><strong>xisse</strong></span> <span class='ocrx_word' id='word_1_767' title='bbox 377 5459 722 5518; x_wconf 78' lang='lat' dir='ltr'><strong>Nicodemum</strong></span> <span class='ocrx_word' id='word_1_768' title='bbox 736 5466 801 5520; x_wconf 88' lang='lat' dir='ltr'><strong>ad</strong></span> <span class='ocrx_word' id='word_1_769' title='bbox 818 5466 1396 5536; x_wconf 65' lang='lat' dir='ltr'><strong>principesJudwornm</strong></span> <span class='ocrx_word' id='word_1_770' title='bbox 1413 5471 1478 5524; x_wconf 86' lang='lat' dir='ltr'><strong>de</strong></span> <span class='ocrx_word' id='word_1_771' title='bbox 1491 5469 1804 5542; x_wconf 83' lang='lat' dir='ltr'><strong>Jesn,qnem</strong></span> 
     </span>
    </p>
   </div>
   <div class='ocr_carea' id='block_1_101' title="bbox 217 5551 1801 5632">
    <p class='ocr_par' dir='ltr' id='par_1_101' title="bbox 217 5551 1801 5632">
     <span class='ocr_line' id='line_1_101' title="bbox 217 5551 1801 5632; baseline 0.009 -28"><span class='ocrx_word' id='word_1_772' title='bbox 217 5563 350 5604; x_wconf 86' lang='lat' dir='ltr'><strong>ante</strong></span> <span class='ocrx_word' id='word_1_773' title='bbox 379 5551 642 5619; x_wconf 77' lang='lat' dir='ltr'><strong>jUtllClllll&#39;l</strong></span> <span class='ocrx_word' id='word_1_774' title='bbox 668 5559 1126 5626; x_wconf 88' lang='lat' dir='ltr'><strong>comprehendere</strong></span> <span class='ocrx_word' id='word_1_775' title='bbox 1160 5572 1501 5630; x_wconf 81' lang='lat' dir='ltr'><strong>rogaverunt.</strong></span> <span class='ocrx_word' id='word_1_776' title='bbox 1531 5565 1801 5632; x_wconf 90' lang='lat' dir='ltr'><strong>Scriptum</strong></span> 
     </span>
    </p>
   </div>
   <div class='ocr_carea' id='block_1_102' title="bbox 214 5641 1800 5716">
    <p class='ocr_par' dir='ltr' id='par_1_102' title="bbox 214 5641 1800 5716">
     <span class='ocr_line' id='line_1_102' title="bbox 214 5641 1800 5716; baseline 0.006 -20"><span class='ocrx_word' id='word_1_777' title='bbox 214 5641 381 5712; x_wconf 77' lang='lat'><strong>635</strong></span> <span class='ocrx_word' id='word_1_778' title='bbox 398 5652 480 5697; x_wconf 84' lang='lat' dir='ltr'><strong>est</strong></span> <span class='ocrx_word' id='word_1_779' title='bbox 501 5646 643 5698; x_wconf 88' lang='lat' dir='ltr'><strong>enim</strong></span> <span class='ocrx_word' id='word_1_780' title='bbox 679 5665 690 5698; x_wconf 91' lang='lat'>:</span> <span class='ocrx_word' id='word_1_781' title='bbox 719 5646 1220 5702; x_wconf 79' lang='lat' dir='ltr'><strong>Nicodemuslamcn</strong></span> <span class='ocrx_word' id='word_1_782' title='bbox 1240 5667 1372 5703; x_wconf 83' lang='lat' dir='ltr'><strong>unus</strong></span> <span class='ocrx_word' id='word_1_783' title='bbox 1403 5667 1466 5704; x_wconf 74' lang='lat' dir='ltr'><strong>ea:</strong></span> <span class='ocrx_word' id='word_1_784' title='bbox 1491 5651 1800 5716; x_wconf 76' lang='lat' dir='ltr'><strong>Pharisreis,</strong></span> 
     </span>
    </p>
   </div>
   <div class='ocr_carea' id='block_1_103' title="bbox 214 5735 1799 5811">
    <p class='ocr_par' dir='ltr' id='par_1_103' title="bbox 214 5735 1799 5811">
     <span class='ocr_line' id='line_1_103' title="bbox 214 5735 1799 5811; baseline 0.009 -27"><span class='ocrx_word' id='word_1_785' title='bbox 214 5736 307 5800; x_wconf 83' lang='lat' dir='ltr'><strong>qui</strong></span> <span class='ocrx_word' id='word_1_786' title='bbox 323 5737 390 5786; x_wconf 85' lang='lat' dir='ltr'><strong>ad</strong></span> <span class='ocrx_word' id='word_1_787' title='bbox 411 5735 686 5791; x_wconf 76' lang='lat' dir='ltr'><strong>Dominum</strong></span> <span class='ocrx_word' id='word_1_788' title='bbox 712 5750 858 5793; x_wconf 87' lang='lat' dir='ltr'><strong>nocte</strong></span> <span class='ocrx_word' id='word_1_789' title='bbox 876 5751 1096 5802; x_wconf 75' lang='lat' dir='ltr'><strong>venerat,</strong></span> <span class='ocrx_word' id='word_1_790' title='bbox 1117 5744 1591 5811; x_wconf 75' lang='lat' dir='ltr'><strong>responditluda&#39;is</strong></span> <span class='ocrx_word' id='word_1_791' title='bbox 1616 5764 1630 5797; x_wconf 91' lang='lat'><strong><em>:</em></strong></span> <span class='ocrx_word' id='word_1_792' title='bbox 1652 5746 1799 5798; x_wconf 72' lang='lat' dir='ltr'><strong>Nun-</strong></span> 
     </span>
    </p>
   </div>
   <div class='ocr_carea' id='block_1_104' title="bbox 215 5827 1796 5907">
    <p class='ocr_par' dir='ltr' id='par_1_104' title="bbox 215 5827 1796 5907">
     <span class='ocr_line' id='line_1_104' title="bbox 215 5827 1796 5907; baseline 0.008 -28"><span class='ocrx_word' id='word_1_793' title='bbox 215 5827 348 5897; x_wconf 78' lang='lat' dir='ltr'><strong>quid</strong></span> <span class='ocrx_word' id='word_1_794' title='bbox 379 5828 463 5882; x_wconf 75' lang='lat' dir='ltr'><strong>lex</strong></span> <span class='ocrx_word' id='word_1_795' title='bbox 485 5839 660 5884; x_wconf 82' lang='lat' dir='ltr'><strong>nostra</strong></span> <span class='ocrx_word' id='word_1_796' title='bbox 676 5830 882 5900; x_wconf 86' lang='lat' dir='ltr'><strong>judicat</strong></span> <span class='ocrx_word' id='word_1_797' title='bbox 907 5834 1188 5902; x_wconf 81' lang='lat' dir='ltr'><strong>hominem,</strong></span> <span class='ocrx_word' id='word_1_798' title='bbox 1213 5835 1315 5888; x_wconf 81' lang='lat' dir='ltr'><strong>nisi</strong></span> <span class='ocrx_word' id='word_1_799' title='bbox 1343 5836 1569 5891; x_wconf 85' lang='lat' dir='ltr'><strong>audierit</strong></span> <span class='ocrx_word' id='word_1_800' title='bbox 1597 5837 1660 5891; x_wconf 84' lang='lat' dir='ltr'><strong>ab</strong></span> <span class='ocrx_word' id='word_1_801' title='bbox 1685 5839 1796 5907; x_wconf 80' lang='lat' dir='ltr'><strong>ipso</strong></span> 
     </span>
    </p>
   </div>
   <div class='ocr_carea' id='block_1_105' title="bbox 1909 4638 3482 4712">
    <p class='ocr_par' dir='ltr' id='par_1_105' title="bbox 1909 4638 3482 4712">
     <span class='ocr_line' id='line_1_105' title="bbox 1909 4638 3482 4712; baseline -0.003 -14"><span class='ocrx_word' id='word_1_802' title='bbox 1909 4645 2193 4699; x_wconf 89' lang='lat' dir='ltr'><strong>bellionem</strong></span> <span class='ocrx_word' id='word_1_803' title='bbox 2244 4651 2388 4697; x_wconf 89' lang='lat' dir='ltr'><strong>tenet</strong></span> <span class='ocrx_word' id='word_1_804' title='bbox 2430 4650 2619 4697; x_wconf 89' lang='lat' dir='ltr'><strong>contra</strong></span> <span class='ocrx_word' id='word_1_805' title='bbox 2650 4655 2828 4710; x_wconf 89' lang='lat' dir='ltr'><strong>regem</strong></span> <span class='ocrx_word' id='word_1_806' title='bbox 2854 4658 2866 4694; x_wconf 92' lang='lat'><strong>:</strong></span> <span class='ocrx_word' id='word_1_807' title='bbox 2893 4639 2983 4710; x_wconf 92' lang='lat' dir='ltr'><strong>qui</strong></span> <span class='ocrx_word' id='word_1_808' title='bbox 3008 4655 3106 4712; x_wconf 91' lang='lat' dir='ltr'><strong>pro</strong></span> <span class='ocrx_word' id='word_1_809' title='bbox 3129 4640 3230 4694; x_wconf 91' lang='lat' dir='ltr'><strong>hoc</strong></span> <span class='ocrx_word' id='word_1_810' title='bbox 3257 4638 3482 4694; x_wconf 84' lang='lat' dir='ltr'><strong>crimine</strong></span> 
     </span>
    </p>
   </div>
   <div class='ocr_carea' id='block_1_106' title="bbox 1907 4729 3482 4805">
    <p class='ocr_par' dir='ltr' id='par_1_106' title="bbox 1907 4729 3482 4805">
     <span class='ocr_line' id='line_1_106' title="bbox 1907 4729 3482 4805; baseline -0.006 -12"><span class='ocrx_word' id='word_1_811' title='bbox 1907 4747 1962 4793; x_wconf 91' lang='lat' dir='ltr'><strong>et</strong></span> <span class='ocrx_word' id='word_1_812' title='bbox 1988 4737 2149 4791; x_wconf 90' lang='lat' dir='ltr'><strong>etiam</strong></span> <span class='ocrx_word' id='word_1_813' title='bbox 2179 4750 2276 4805; x_wconf 91' lang='lat' dir='ltr'><strong>pro</strong></span> <span class='ocrx_word' id='word_1_814' title='bbox 2327 4733 2468 4797; x_wconf 90' lang='lat' dir='ltr'><strong>aliis,</strong></span> <span class='ocrx_word' id='word_1_815' title='bbox 2493 4748 2614 4788; x_wconf 90' lang='lat' dir='ltr'><strong>eum</strong></span> <span class='ocrx_word' id='word_1_816' title='bbox 2673 4731 2834 4788; x_wconf 90' lang='lat' dir='ltr'><strong>vellet</strong></span> <span class='ocrx_word' id='word_1_817' title='bbox 2872 4731 2925 4786; x_wconf 90' lang='lat' dir='ltr'><strong>in</strong></span> <span class='ocrx_word' id='word_1_818' title='bbox 2971 4731 3230 4800; x_wconf 91' lang='lat' dir='ltr'><strong>judicium</strong></span> <span class='ocrx_word' id='word_1_819' title='bbox 3271 4729 3482 4784; x_wconf 90' lang='lat' dir='ltr'><strong>mittere</strong></span> 
     </span>
    </p>
   </div>
   <div class='ocr_carea' id='block_1_107' title="bbox 1908 4821 3482 4898">
    <p class='ocr_par' dir='ltr' id='par_1_107' title="bbox 1908 4821 3482 4898">
     <span class='ocr_line' id='line_1_107' title="bbox 1908 4821 3482 4898; baseline -0.006 -15"><span class='ocrx_word' id='word_1_820' title='bbox 1908 4828 1952 4882; x_wconf 90' lang='lat' dir='ltr'><strong>si</strong></span> <span class='ocrx_word' id='word_1_821' title='bbox 1981 4835 2182 4898; x_wconf 90' lang='lat' dir='ltr'><strong>posset,</strong></span> <span class='ocrx_word' id='word_1_822' title='bbox 2218 4826 2375 4880; x_wconf 91' lang='lat' dir='ltr'><strong>istam</strong></span> <span class='ocrx_word' id='word_1_823' title='bbox 2403 4838 2566 4895; x_wconf 88' lang='lat' dir='ltr'><strong>quam</strong></span> <span class='ocrx_word' id='word_1_824' title='bbox 2592 4821 2753 4877; x_wconf 88' lang='lat' dir='ltr'><strong>habet</strong></span> <span class='ocrx_word' id='word_1_825' title='bbox 2785 4821 3128 4891; x_wconf 85' lang='lat' dir='ltr'><strong>adjudicium</strong></span> <span class='ocrx_word' id='word_1_826' title='bbox 3148 4821 3327 4886; x_wconf 88' lang='lat' dir='ltr'><strong>ducit;</strong></span> <span class='ocrx_word' id='word_1_827' title='bbox 3356 4827 3482 4875; x_wconf 90' lang='lat' dir='ltr'><strong>ante</strong></span> 
     </span>
    </p>
   </div>
   <div class='ocr_carea' id='block_1_108' title="bbox 1909 4913 3482 4982">
    <p class='ocr_par' dir='ltr' id='par_1_108' title="bbox 1909 4913 3482 4982">
     <span class='ocr_line' id='line_1_108' title="bbox 1909 4913 3482 4982; baseline -0.006 -8"><span class='ocrx_word' id='word_1_828' title='bbox 1909 4919 2092 4974; x_wconf 86' lang='lat' dir='ltr'><strong>oculos</strong></span> <span class='ocrx_word' id='word_1_829' title='bbox 2115 4919 2348 4973; x_wconf 88' lang='lat' dir='ltr'><strong>habeant</strong></span> <span class='ocrx_word' id='word_1_830' title='bbox 2381 4915 2581 4970; x_wconf 79' lang='lat' dir='ltr'><strong>domini</strong></span> <span class='ocrx_word' id='word_1_831' title='bbox 2615 4914 2784 4969; x_wconf 91' lang='lat' dir='ltr'><strong>nostri</strong></span> <span class='ocrx_word' id='word_1_832' title='bbox 2815 4928 2970 4982; x_wconf 90' lang='lat' dir='ltr'><strong>reges</strong></span> <span class='ocrx_word' id='word_1_833' title='bbox 3019 4913 3310 4966; x_wconf 80' lang='lat' dir='ltr'><strong>veridicum</strong></span> <span class='ocrx_word' id='word_1_834' title='bbox 3360 4924 3482 4965; x_wconf 89' lang='lat' dir='ltr'><strong>sen-</strong></span> 
     </span>
    </p>
   </div>
   <div class='ocr_carea' id='block_1_109' title="bbox 1913 5003 3480 5080">
    <p class='ocr_par' dir='ltr' id='par_1_109' title="bbox 1913 5003 3480 5080">
     <span class='ocr_line' id='line_1_109' title="bbox 1913 5003 3480 5080; baseline -0.006 -14"><span class='ocrx_word' id='word_1_835' title='bbox 1913 5012 2133 5066; x_wconf 89' lang='lat' dir='ltr'><strong>tentiam</strong></span> <span class='ocrx_word' id='word_1_836' title='bbox 2160 5009 2318 5080; x_wconf 81' lang='lat' dir='ltr'><strong>Regis</strong></span> <span class='ocrx_word' id='word_1_837' title='bbox 2341 5007 2653 5077; x_wconf 88' lang='lat' dir='ltr'><strong>regum,qui</strong></span> <span class='ocrx_word' id='word_1_838' title='bbox 2676 5014 2760 5060; x_wconf 91' lang='lat' dir='ltr'><strong>est</strong></span> <span class='ocrx_word' id='word_1_839' title='bbox 2798 5005 3000 5059; x_wconf 89' lang='lat' dir='ltr'><strong>veritas</strong></span> <span class='ocrx_word' id='word_1_840' title='bbox 3039 5013 3093 5056; x_wconf 91' lang='lat' dir='ltr'><strong>et</strong></span> <span class='ocrx_word' id='word_1_841' title='bbox 3123 5004 3285 5073; x_wconf 77' lang='lat' dir='ltr'><strong>judex</strong></span> <span class='ocrx_word' id='word_1_842' title='bbox 3333 5003 3480 5057; x_wconf 85' lang='lat' dir='ltr'><strong>vivo-</strong></span> 
     </span>
    </p>
   </div>
   <div class='ocr_carea' id='block_1_110' title="bbox 1907 5095 3478 5168">
    <p class='ocr_par' dir='ltr' id='par_1_110' title="bbox 1907 5095 3478 5168">
     <span class='ocr_line' id='line_1_110' title="bbox 1907 5095 3478 5168; baseline -0.005 -11"><span class='ocrx_word' id='word_1_843' title='bbox 1907 5118 2024 5158; x_wconf 91' lang='lat' dir='ltr'><strong>rum</strong></span> <span class='ocrx_word' id='word_1_844' title='bbox 2051 5117 2113 5155; x_wconf 88' lang='lat' dir='ltr'><strong>ac</strong></span> <span class='ocrx_word' id='word_1_845' title='bbox 2135 5110 2493 5163; x_wconf 87' lang='lat' dir='ltr'><strong>mortuorum,</strong></span> <span class='ocrx_word' id='word_1_846' title='bbox 2519 5115 2621 5168; x_wconf 91' lang='lat' dir='ltr'><strong>qua</strong></span> <span class='ocrx_word' id='word_1_847' title='bbox 2639 5098 2770 5152; x_wconf 90' lang='lat' dir='ltr'><strong>dicit</strong></span> <span class='ocrx_word' id='word_1_848' title='bbox 2793 5096 2900 5166; x_wconf 88' lang='lat' dir='ltr'><strong>regi</strong></span> <span class='ocrx_word' id='word_1_849' title='bbox 2925 5095 3182 5149; x_wconf 74' lang='lat' dir='ltr'><strong>auxilium</strong></span> <span class='ocrx_word' id='word_1_850' title='bbox 3203 5095 3478 5165; x_wconf 83' lang='lat' dir='ltr'><strong>praestanti</strong></span> 
     </span>
    </p>
   </div>
   <div class='ocr_carea' id='block_1_111' title="bbox 1908 5184 3476 5262">
    <p class='ocr_par' dir='ltr' id='par_1_111' title="bbox 1908 5184 3476 5262">
     <span class='ocr_line' id='line_1_111' title="bbox 1908 5184 3476 5262; baseline -0.008 -12"><span class='ocrx_word' id='word_1_851' title='bbox 1908 5203 2094 5250; x_wconf 89' lang='lat' dir='ltr'><strong>contra</strong></span> <span class='ocrx_word' id='word_1_852' title='bbox 2126 5192 2392 5262; x_wconf 89' lang='lat' dir='ltr'><strong>justitiam</strong></span> <span class='ocrx_word' id='word_1_853' title='bbox 2425 5189 2650 5260; x_wconf 77' lang='lat' dir='ltr'><strong>:Impio,</strong></span> <span class='ocrx_word' id='word_1_854' title='bbox 2684 5188 2949 5256; x_wconf 89' lang='lat' dir='ltr'><strong>inquiens,</strong></span> <span class='ocrx_word' id='word_1_855' title='bbox 2978 5184 3174 5254; x_wconf 73' lang='lat' dir='ltr'><strong>pra&#39;bes</strong></span> <span class='ocrx_word' id='word_1_856' title='bbox 3201 5185 3476 5251; x_wconf 75' lang='lat' dir='ltr'><strong>auxilium,</strong></span> 
     </span>
    </p>
   </div>
   <div class='ocr_carea' id='block_1_112' title="bbox 1907 5274 3480 5352">
    <p class='ocr_par' dir='ltr' id='par_1_112' title="bbox 1907 5274 3480 5352">
     <span class='ocr_line' id='line_1_112' title="bbox 1907 5274 3480 5352; baseline -0.006 -14"><span class='ocrx_word' id='word_1_857' title='bbox 1907 5295 1952 5339; x_wconf 90' lang='lat' dir='ltr'><strong>et</strong></span> <span class='ocrx_word' id='word_1_858' title='bbox 1981 5284 2060 5336; x_wconf 83' lang='lat' dir='ltr'><strong>Itis</strong></span> <span class='ocrx_word' id='word_1_859' title='bbox 2083 5282 2171 5352; x_wconf 85' lang='lat' dir='ltr'><strong>qui</strong></span> <span class='ocrx_word' id='word_1_860' title='bbox 2196 5281 2415 5335; x_wconf 87' lang='lat' dir='ltr'><strong>oderunt</strong></span> <span class='ocrx_word' id='word_1_861' title='bbox 2442 5297 2522 5334; x_wconf 86' lang='lat' dir='ltr'><strong>me</strong></span> <span class='ocrx_word' id='word_1_862' title='bbox 2563 5279 2791 5332; x_wconf 88' lang='lat' dir='ltr'><strong>amicitia</strong></span> <span class='ocrx_word' id='word_1_863' title='bbox 2809 5276 3071 5347; x_wconf 82' lang='lat' dir='ltr'><strong>jungeris.</strong></span> <span class='ocrx_word' id='word_1_864' title='bbox 3098 5274 3303 5328; x_wconf 82' lang='lat' dir='ltr'><strong>Idcirco</strong></span> <span class='ocrx_word' id='word_1_865' title='bbox 3346 5277 3480 5329; x_wconf 88' lang='lat' dir='ltr'><strong>iram</strong></span> 
     </span>
    </p>
   </div>
   <div class='ocr_carea' id='block_1_113' title="bbox 1908 5367 3480 5448">
    <p class='ocr_par' dir='ltr' id='par_1_113' title="bbox 1908 5367 3480 5448">
     <span class='ocr_line' id='line_1_113' title="bbox 1908 5367 3480 5448; baseline -0.006 -17"><span class='ocrx_word' id='word_1_866' title='bbox 1908 5377 2114 5448; x_wconf 84' lang='lat' dir='ltr'><strong>quidem</strong></span> <span class='ocrx_word' id='word_1_867' title='bbox 2147 5376 2378 5438; x_wconf 86' lang='lat' dir='ltr'><strong>Domini,</strong></span> <span class='ocrx_word' id='word_1_868' title='bbox 2406 5374 2457 5427; x_wconf 91' lang='lat' dir='ltr'><strong>id</strong></span> <span class='ocrx_word' id='word_1_869' title='bbox 2492 5383 2570 5426; x_wconf 88' lang='lat' dir='ltr'><strong>est</strong></span> <span class='ocrx_word' id='word_1_870' title='bbox 2591 5382 2840 5436; x_wconf 90' lang='lat' dir='ltr'><strong>mortem,</strong></span> <span class='ocrx_word' id='word_1_871' title='bbox 2886 5369 3186 5434; x_wconf 77' lang='lat' dir='ltr'><strong>merebat-is,</strong></span> <span class='ocrx_word' id='word_1_872' title='bbox 3227 5369 3316 5421; x_wconf 79' lang='lat' dir='ltr'><strong>sed</strong></span> <span class='ocrx_word' id='word_1_873' title='bbox 3346 5367 3480 5421; x_wconf 85' lang='lat' dir='ltr'><strong>bona</strong></span> 
     </span>
    </p>
   </div>
   <div class='ocr_carea' id='block_1_114' title="bbox 1910 5458 3482 5539">
    <p class='ocr_par' dir='ltr' id='par_1_114' title="bbox 1910 5458 3482 5539">
     <span class='ocr_line' id='line_1_114' title="bbox 1910 5458 3482 5539; baseline -0.006 -17"><span class='ocrx_word' id='word_1_874' title='bbox 1910 5486 2064 5539; x_wconf 87' lang='lat' dir='ltr'><strong>opera</strong></span> <span class='ocrx_word' id='word_1_875' title='bbox 2092 5470 2298 5521; x_wconf 87' lang='lat' dir='ltr'><strong>inventa</strong></span> <span class='ocrx_word' id='word_1_876' title='bbox 2336 5475 2454 5519; x_wconf 84' lang='lat' dir='ltr'><strong>sunt</strong></span> <span class='ocrx_word' id='word_1_877' title='bbox 2505 5466 2559 5518; x_wconf 84' lang='lat' dir='ltr'><strong>in</strong></span> <span class='ocrx_word' id='word_1_878' title='bbox 2618 5474 2665 5516; x_wconf 89' lang='lat' dir='ltr'><strong>te</strong></span> <span class='ocrx_word' id='word_1_879' title='bbox 2689 5461 2772 5530; x_wconf 87' lang='lat' dir='ltr'><strong>(Il</strong></span> <span class='ocrx_word' id='word_1_880' title='bbox 2818 5458 2946 5515; x_wconf 87' lang='lat' dir='ltr'><strong>Par.</strong></span> <span class='ocrx_word' id='word_1_881' title='bbox 2980 5476 3092 5524; x_wconf 77' lang='lat' dir='ltr'><strong>xix,</strong></span> <span class='ocrx_word' id='word_1_882' title='bbox 3117 5460 3170 5523; x_wconf 78' lang='lat'><strong>‘2,</strong></span> <span class='ocrx_word' id='word_1_883' title='bbox 3200 5461 3275 5527; x_wconf 80' lang='grc'><strong>5).</strong></span> <span class='ocrx_word' id='word_1_884' title='bbox 3317 5459 3482 5530; x_wconf 81' lang='lat' dir='ltr'><strong>Prop-</strong></span> 
     </span>
    </p>
   </div>
   <div class='ocr_carea' id='block_1_115' title="bbox 1909 5551 3479 5625">
    <p class='ocr_par' dir='ltr' id='par_1_115' title="bbox 1909 5551 3479 5625">
     <span class='ocr_line' id='line_1_115' title="bbox 1909 5551 3479 5625; baseline -0.004 -11"><span class='ocrx_word' id='word_1_885' title='bbox 1909 5570 2052 5614; x_wconf 88' lang='lat' dir='ltr'><strong>terea</strong></span> <span class='ocrx_word' id='word_1_886' title='bbox 2090 5561 2314 5614; x_wconf 87' lang='lat' dir='ltr'><strong>limeant</strong></span> <span class='ocrx_word' id='word_1_887' title='bbox 2341 5572 2516 5625; x_wconf 84' lang='lat' dir='ltr'><strong>reges,</strong></span> <span class='ocrx_word' id='word_1_888' title='bbox 2548 5555 2639 5624; x_wconf 91' lang='lat' dir='ltr'><strong>qui</strong></span> <span class='ocrx_word' id='word_1_889' title='bbox 2689 5554 2883 5607; x_wconf 86' lang='lat' dir='ltr'><strong>talibus</strong></span> <span class='ocrx_word' id='word_1_890' title='bbox 2926 5551 3234 5607; x_wconf 91' lang='lat' dir='ltr'><strong>hominibus</strong></span> <span class='ocrx_word' id='word_1_891' title='bbox 3281 5551 3479 5620; x_wconf 87' lang='lat' dir='ltr'><strong>injuste</strong></span> 
     </span>
    </p>
   </div>
   <div class='ocr_carea' id='block_1_116' title="bbox 1908 5643 3478 5723">
    <p class='ocr_par' dir='ltr' id='par_1_116' title="bbox 1908 5643 3478 5723">
     <span class='ocr_line' id='line_1_116' title="bbox 1908 5643 3478 5723; baseline -0.006 -18"><span class='ocrx_word' id='word_1_892' title='bbox 1908 5653 2267 5723; x_wconf 88' lang='lat' dir='ltr'><strong>patrocinium</strong></span> <span class='ocrx_word' id='word_1_893' title='bbox 2298 5650 2557 5718; x_wconf 66' lang='lat' dir='ltr'><strong>przcbent,</strong></span> <span class='ocrx_word' id='word_1_894' title='bbox 2577 5647 2641 5700; x_wconf 90' lang='lat' dir='ltr'><strong>de</strong></span> <span class='ocrx_word' id='word_1_895' title='bbox 2677 5661 2903 5714; x_wconf 91' lang='lat' dir='ltr'><strong>quorum</strong></span> <span class='ocrx_word' id='word_1_896' title='bbox 2932 5645 3156 5699; x_wconf 89' lang='lat' dir='ltr'><strong>tuitione</strong></span> <span class='ocrx_word' id='word_1_897' title='bbox 3187 5645 3351 5698; x_wconf 90' lang='lat' dir='ltr'><strong>Deum</strong></span> <span class='ocrx_word' id='word_1_898' title='bbox 3395 5643 3478 5696; x_wconf 84' lang='lat' dir='ltr'><strong>of-</strong></span> 
     </span>
    </p>
   </div>
   <div class='ocr_carea' id='block_1_117' title="bbox 1905 5736 3482 5811">
    <p class='ocr_par' dir='ltr' id='par_1_117' title="bbox 1905 5736 3482 5811">
     <span class='ocr_line' id='line_1_117' title="bbox 1905 5736 3482 5811; baseline -0.003 -15"><span class='ocrx_word' id='word_1_899' title='bbox 1905 5743 2123 5797; x_wconf 81' lang='lat' dir='ltr'><strong>fendere</strong></span> <span class='ocrx_word' id='word_1_900' title='bbox 2154 5741 2380 5811; x_wconf 83' lang='lat' dir='ltr'><strong>possint,</strong></span> <span class='ocrx_word' id='word_1_901' title='bbox 2403 5746 2457 5792; x_wconf 82' lang='lat' dir='ltr'><strong>et</strong></span> <span class='ocrx_word' id='word_1_902' title='bbox 2483 5737 2733 5791; x_wconf 69' lang='lat' dir='ltr'><strong>Ecclesia:</strong></span> <span class='ocrx_word' id='word_1_903' title='bbox 2756 5754 2817 5790; x_wconf 90' lang='lat' dir='ltr'><strong>ac</strong></span> <span class='ocrx_word' id='word_1_904' title='bbox 2861 5752 3122 5805; x_wconf 85' lang='lat' dir='ltr'><strong>pauperes</strong></span> <span class='ocrx_word' id='word_1_905' title='bbox 3181 5736 3401 5800; x_wconf 85' lang='lat' dir='ltr'><strong>Christi,</strong></span> <span class='ocrx_word' id='word_1_906' title='bbox 3425 5744 3482 5791; x_wconf 88' lang='lat' dir='ltr'><strong>et</strong></span> 
     </span>
    </p>
   </div>
   <div class='ocr_carea' id='block_1_118' title="bbox 1903 5827 3481 5902">
    <p class='ocr_par' dir='ltr' id='par_1_118' title="bbox 1903 5827 3481 5902">
     <span class='ocr_line' id='line_1_118' title="bbox 1903 5827 3481 5902; baseline -0.005 -10"><span class='ocrx_word' id='word_1_907' title='bbox 1903 5835 2219 5892; x_wconf 88' lang='lat' dir='ltr'><strong>humiliores</strong></span> <span class='ocrx_word' id='word_1_908' title='bbox 2245 5832 2490 5890; x_wconf 89' lang='lat' dir='ltr'><strong>homines</strong></span> <span class='ocrx_word' id='word_1_909' title='bbox 2519 5830 2895 5902; x_wconf 86' lang='lat' dir='ltr'><strong>opprimuntur</strong></span> <span class='ocrx_word' id='word_1_910' title='bbox 2919 5827 3084 5901; x_wconf 80' lang='lat'><strong>636</strong></span> <span class='ocrx_word' id='word_1_911' title='bbox 3109 5839 3161 5885; x_wconf 90' lang='lat' dir='ltr'><strong>et</strong></span> <span class='ocrx_word' id='word_1_912' title='bbox 3199 5831 3481 5886; x_wconf 86' lang='lat' dir='ltr'><strong>devastan-</strong></span> 
     </span>
    </p>
   </div>
  </div>
