4026 6340
630 319 732 374 699

1616 318 1950 376 HlNCMARl
1988 318 2383 377 RHEMENSIS
2416 319 2933 380 ARCHIEPISCOPI

3737 336 3811 392 700

630 440 737 498 tur,
765 429 1196 501 etjustajudicia
1218 432 1459 490 exerceri
1509 449 1617 489 non
1664 445 1922 506 possunt:
1958 452 2026 492 ne
2071 435 2209 491 forte
2237 440 2288 497 Α
2316 452 2411 507 ges
2461 438 2841 503 condiderunt,
2891 448 2945 493 et
2990 445 3378 505 servaverunt,
3435 447 3487 495 et
3520 440 3715 512 populos
3750 463 3822 518 per

631 523 681 579 si
721 530 870 578 tanta
896 530 953 580 et
975 523 1101 579 talia
1145 524 1286 579 bona
1335 525 1555 594 propria
1601 541 1707 581 non
1753 527 2064 593 habuerint,
2096 543 2214 597 quae

633 623 789 671 tanto
840 615 983 670 malo
1031 615 1244 685 possint
1293 617 1595 683 obsistere,
1626 618 1742 674 sine
1783 619 1893 681 ullo
1936 620 2215 676 obstaculo

632 717 878 779 pereant,
924 716 1014 762 aut
1066 707 1207 763 bona
1265 724 1386 779 qua:
1416 710 1620 766 habent
1672 727 1772 781 pro
1819 712 1995 768 alieno
2049 715 2213 780 malo,

634 797 788 867 cujus
824 798 960 853 fiunt
996 798 1312 869 participes,
1344 808 1472 856 ante
1496 801 1592 857 Dei
1621 801 1807 859 oculos
1832 806 2028 874 perditi
2059 805 2215 873 fiant,

636 889 761 947 licet
782 892 1018 947 humano
1038 891 1247 961 judicio
1269 901 1324 949 et
1379 910 1608 966 corpore
1636 898 1754 952 sani
1795 908 2077 969 putentur.
2109 898 2216 954 Sed

632 989 777 1038 etne
804 983 1129 1038 sententiam
1153 982 1451 1055 Scriptura:
1494 988 1803 1053 incurrant,
1834 1006 1939 1059 qua
1969 991 2165 1045 dicitur
2200 1008 2213 1045 :

634 1073 782 1130 Perit
794 1076 979 1145 justus
1024 1094 1123 1149 pro
1169 1080 1355 1152 impio.
1381 1080 1448 1137 Et
1494 1096 1564 1137 ne
1605 1081 1799 1152 aliquis
1847 1083 1925 1137 eis
1964 1097 2219 1152 perverse

634 1165 1370 1238 interpreteturscntentiam
1406 1174 1810 1229 Deuteronomii
1845 1193 1857 1230 :
1895 1174 2015 1228 Non
2039 1175 2223 1229 tradas

634 1275 840 1314 servum
860 1260 1073 1317 domino
1113 1279 1227 1331 suo,
1257 1266 1349 1338 qui
1397 1267 1467 1322 ad
1506 1279 1555 1321 te
1601 1267 1936 1339 confugerit:
1968 1270 2221 1323 habitabit

635 1359 806 1406 tecum
825 1353 881 1408 in
906 1353 1020 1409 loco
1042 1357 1133 1426 qui
1154 1358 1202 1411 ei
1223 1357 1499 1427 placuerit,
1537 1370 1583 1414 et
1613 1362 1667 1414 in
1696 1379 1799 1415 una
1823 1362 2043 1433 {urbium
2099 1373 2221 1418 tua-

635 1459 755 1499 rum
805 1449 1108 1518 requiescet,
1139 1468 1231 1505 nec
1259 1455 1530 1507 contristes
1578 1471 1695 1509 eum
1728 1456 1905 1526 (Deut.
1936 1473 2095 1524 xxm,
2129 1458 2218 1525 15,

638 1533 751 1605 16),
778 1538 1003 1595 audiant
1028 1543 1299 1612 quomodo
1342 1544 1490 1599 illam
1516 1545 1708 1601 beatus
1753 1548 2083 1619 Augustinus
2126 1565 2221 1605 ex-

633 1636 817 1697 ponat.
849 1628 1222 1703 Septuaginta,
1265 1636 1461 1705 inquit,
1487 1638 1695 1703 dicunt,
1727 1637 1842 1693 Non
1873 1640 2055 1694 trades
2087 1656 2220 1709 pue-

639 1735 760 1775 rum
785 1721 1005 1780 domino
1030 1742 1151 1793 suo,
1183 1729 1275 1798 qui
1307 1729 1586 1799 appositus
1632 1740 1715 1786 est
1769 1732 1865 1787 tibi
1914 1748 1944 1786 a
2002 1734 2220 1789 domino

636 1826 736 1869 suo
778 1832 793 1869 :
838 1831 947 1871 non
996 1821 1142 1888 quod
1190 1836 1311 1876 eunt
1362 1822 1613 1879 dominus
1674 1825 2005 1896 apposuerit,
2034 1827 2086 1879 id
2138 1836 2223 1882 est

636 1909 1120 1978 commendaverit,
1150 1914 1330 1983 potius
1358 1915 1506 1970 enim
1535 1916 1839 1986 depositum
1872 1918 2098 1983 diceret,
2125 1920 2222 1973 sed

639 1998 942 2068 appositum
998 2001 1134 2058 dixit
1188 2021 1217 2059 a
1258 2007 1477 2061 domino
1536 2023 1656 2074 suo,
1686 2009 1739 2063 id
1776 2019 1860 2064 est
1906 2009 2221 2079 adjunctum

638 2102 760 2143 cum
786 2091 856 2146 ab
879 2090 971 2147 illo
994 2094 1367 2152 abscessisset.
1400 2097 1517 2154 Non
1548 2084 1678 2172 ergo
1708 2102 1912 2172 suscipi
1950 2104 2043 2157 sed
2069 2102 2222 2156 reddi

640 2182 819 2251 potius
840 2184 1120 2255 prohibuit
1139 2186 1414 2259 fugitivos.
1442 2189 1556 2246 Hoc
1578 2192 1794 2262 quidem
1826 2193 2004 2262 putari
2044 2201 2226 2264 potest

640 2273 924 2343 injustum,
955 2278 1059 2334 nisi
1080 2280 1443 2353 intelligamus
1474 2285 1621 2356 genti
1648 2293 1704 2339 ct
1723 2286 1919 2357 populo
1947 2287 2050 2342 ista
2094 2288 2220 2354 dici,

639 2380 749 2421 non
776 2367 868 2422 uni
894 2367 1097 2426 homini
1128 2387 1143 2426 :
1176 2373 1271 2428 sed
1296 2390 1363 2429 ex
1394 2375 1500 2430 alia
1537 2376 1721 2447 itaque
1762 2387 1919 2449 gente
1950 2380 2225 2451 refugien-

646 2468 755 2517 tem
800 2462 868 2517 ad
924 2464 1082 2520 istam
1134 2476 1372 2537 gentem,
1402 2469 1488 2525 cui
1526 2470 1864 2542 loquebatur,
1891 2474 2165 2531 hominem
2190 2490 2222 2528 a

641 2550 862 2607 domino
894 2568 1014 2621 suo,
1044 2554 1097 2610 id
1121 2565 1204 2612 est
1230 2573 1261 2612 a
1288 2573 1414 2629 rege
1440 2574 1538 2614 suo
1566 2561 1716 2616 reddi
1750 2562 2043 2631 prohibuit.
2067 2562 2225 2630 Quod

639 2644 806 2701 etiam
833 2647 1137 2722 alienigena
1168 2655 1408 2710 servavit
1438 2670 1533 2709 rex
1564 2653 1724 2720 Geth,
1750 2656 1967 2724 quando
1996 2656 2063 2710 ad
2098 2670 2223 2711 eum

643 2734 843 2808 refugit
866 2738 1037 2797 David
1069 2757 1101 2797 a
1145 2741 1286 2799 facie
1309 2745 1512 2799 domini
1543 2746 1647 2811 sui,
1673 2746 1777 2801 hoc
1795 2754 1899 2812 est,
1924 2747 2069 2818 regis
2092 2745 2225 2802 Saul

641 2824 696 2899 (Ι
718 2825 846 2899 Reg.
878 2831 1069 2901 xxvn).
1094 2831 1451 2903 Apertissime
1473 2844 1652 2892 autem
1676 2838 1779 2894 hoc
1798 2837 2074 2909 explanat,
2100 2854 2226 2895 cum

644 2920 776 2977 dicit
805 2923 871 2978 de
915 2925 1033 2996 ipso
1055 2925 1243 3000 refuga
1272 2947 1285 2983 :
1321 2929 1389 2984 In
1426 2930 1566 2986 vobis
1591 2930 1843 2986 habitabit
1866 2933 1921 2987 in
1947 2933 2087 2988 omni
2112 2933 2225 2988 loco

643 3014 735 3068 ubi
752 3015 1008 3085 placuerit
1055 3023 1124 3075 ei.
1152 3021 1265 3079 Hoc
1318 3033 1501 3080 autem
1551 3040 1776 3095 regnum
1827 3025 1891 3080 de
1933 3026 2226 3081 multorum

646 3107 898 3165 manibus
920 3110 977 3165 in
998 3127 1159 3168 manu
1190 3127 1475 3184 parentum
1519 3124 1832 3173 nostrorum
1880 3131 2067 3188 regum
2115 3116 2228 3172 Deo

649 3201 854 3273 gratias
878 3202 1053 3259 fuerat
1075 3205 1391 3274 adunatum,
1420 3217 1476 3264 et
1505 3224 1669 3264 unum
1706 3223 1932 3280 regnum
1990 3224 2097 3263 una
2142 3217 2225 3263 est

647 3291 1049 3367 Ecclesia,quae
1069 3296 1285 3355 illorum
1314 3301 1598 3368 divisione,
1624 3302 1713 3371 qui
1744 3302 1884 3357 sicut
1906 3316 2045 3357 unus
2069 3302 2230 3358 homo

649 3391 707 3440 et
732 3400 872 3444 unus
896 3400 1079 3445 rector
1102 3392 1161 3471 (in
1212 3408 1319 3447 uno
1361 3394 1624 3463 regimine
1648 3409 1771 3449 esse
1816 3395 2035 3461 debent,
2064 3394 2229 3452 dividi

650 3479 964 3539 nullatenus
986 3484 1203 3539 debent.
1232 3484 1343 3541 Nec
1372 3486 1477 3542 dici
1500 3487 1678 3553 debet,
1703 3496 1762 3542 ut
1786 3488 1931 3543 inter
1951 3489 2231 3559 principes

647 3578 866 3626 nostros
878 3571 944 3627 de
961 3589 1064 3627 una
1081 3583 1239 3643 gente
1251 3575 1335 3630 vel
1360 3576 1425 3631 de
1436 3593 1544 3632 uno
1556 3593 1744 3648 regno,
1760 3578 1826 3634 ad
1838 3577 2000 3634 aliam
2014 3590 2231 3651 gentem

649 3659 735 3715 vel
757 3662 824 3716 ad
841 3662 985 3719 aliud
1000 3680 1225 3733 regnum
1240 3666 1466 3739 quisque
1478 3668 1729 3740 refugiat,
1745 3670 1837 3726 sed
1850 3672 2030 3741 potius
2053 3672 2107 3727 in
2125 3686 2232 3727 uno

651 3768 844 3826 regno,
867 3757 1007 3812 sicut
1026 3757 1362 3817 Christianos
1394 3763 1568 3828 decet,
1597 3773 1651 3818 et
1677 3765 1730 3820 in
1754 3766 1958 3822 unitate
1979 3765 2234 3821 Ecclesiae

652 3847 845 3905 matris
869 3851 1185 3907 consistant.
1215 3853 1293 3908 Ad
1328 3870 1489 3925 quam
1528 3855 1826 3911 Ecclesiam
1860 3856 2233 3929 confugientes

653 3940 796 4009 quod
818 3944 1179 4011 patrocinium
1201 3946 1401 4004 habere
1422 3949 1672 4015 debeant,
1698 3958 1922 4007 sanctus
1938 3950 2232 4023 Gregorius

655 4032 721 4087 ad
750 4030 1010 4091 Joannem
1037 4038 1346 4109 episcopum
1373 4039 1698 4097 Caralitante
1727 4042 1963 4097 civitatis
1995 4044 2183 4100 scribit
2214 4062 2227 4098 :

658 4122 713 4179 Si
738 4126 852 4196 qui,
876 4128 1143 4200 inquiens,
1162 4131 1225 4185 de
1251 4131 1448 4201 quibus
1471 4141 1555 4187 est
1585 4134 1834 4202 quaestio,
1858 4134 1911 4188 in
1934 4132 2231 4191 Ecclesiam

653 4215 885 4276 fortasse
918 4220 1240 4294 refugerint,
1290 4224 1363 4278 ita
1392 4224 1554 4281 debet
1584 4241 1749 4282 causa
1778 4227 2010 4296 disponi,
2042 4238 2102 4284 ut
2131 4244 2233 4286 nec

653 4310 754 4380 ipsi
793 4312 1103 4369 violentiam
1147 4316 1457 4385 patiantur,
1489 4333 1591 4373 nec
1626 4319 1680 4373 hi
1721 4320 1812 4388 qui
1852 4320 2105 4375 dicuntur
2134 4337 2234 4392 op-

653 4404 827 4472 pressi
879 4404 1073 4459 damna
1122 4408 1444 4483 sustineant.
1478 4409 1633 4466 Curta
1662 4427 1792 4483 ergo
1819 4421 2015 4468 vestra:
2043 4414 2143 4478 sit,
2175 4421 2235 4468 ut

653 4497 735 4550 eis
764 4505 1106 4553 sacramento
1131 4499 1198 4553 ab
1224 4500 1308 4555 his
1339 4515 1568 4571 quorum
1596 4503 1825 4560 interest
1859 4505 1924 4560 de
1965 4506 2229 4561 servanda

654 4586 773 4660 lege
800 4598 857 4645 et
883 4590 1090 4660 justitia
1121 4594 1467 4662 promittatur
1490 4636 1506 4663 ,
1535 4605 1591 4652 et
1628 4613 1726 4668 per
1771 4600 1949 4654 omnia
1993 4616 2233 4657 commo-

654 4690 889 4737 ueantur
912 4683 1093 4751 exire,
1122 4693 1285 4758 atque
1310 4704 1533 4761 suorum
1567 4700 1784 4747 actuum
1818 4693 2045 4748 reddere
2069 4693 2235 4748 ratio-

652 4792 798 4833 nem.
825 4777 909 4834 Ad
932 4779 1086 4852 cujus
1113 4781 1284 4838 instar
1313 4783 1586 4855 principes
1623 4786 1793 4842 nostri
1823 4786 2104 4842 catholicae
2138 4786 2234 4841 filii

652 4868 852 4926 divinis
901 4873 1174 4931 mandatis
1207 4876 1431 4931 obedire
1474 4876 1707 4942 debent,
1766 4893 2034 4933 memores
2091 4878 2233 4948 quod

653 4970 792 5019 teste
842 4964 954 5021 Deo
1005 4980 1167 5022 manu
1235 4968 1455 5038 propria
1513 4969 1866 5025 ﬁrmaverunt
1914 4989 1927 5024 :
1981 4970 2237 5026 videlicet

652 5055 781 5125 quia
835 5054 1145 5127 huiusmodi
1206 5059 1455 5115 homines
1507 5075 1613 5115 non
1668 5062 1841 5118 solum
1898 5079 2004 5118 non
2053 5063 2232 5131 tueri,

653 5155 816 5217 atque
864 5158 1054 5205 contra
1106 5150 1280 5221 legem
1330 5152 1415 5206 vel
1467 5153 1729 5208 rationem
1778 5152 2101 5220 defendere,
2145 5170 2235 5209 ve-

652 5253 778 5294 rum
805 5241 889 5297 vel
927 5241 1170 5311 recipere
1203 5244 1485 5309 deberent,
1541 5245 1643 5299 nisi
1701 5246 1765 5299 ad
1799 5245 1901 5300 hoc
1930 5260 2131 5315 usque,
2178 5253 2236 5300 ut

654 5332 725 5386 ad
765 5332 1098 5389 reddendam
1146 5344 1351 5390 rectam
1401 5335 1664 5390 rationem
1700 5336 1970 5391 venirent.
2002 5335 2230 5403 Quidam

652 5430 836 5478 autem
878 5439 944 5480 ex
993 5424 1197 5481 eisdem
1255 5426 1474 5493 regibus
1532 5426 1624 5497 qui
1689 5427 1790 5482 hoc
1855 5427 2227 5493 firmaverunt,

654 5512 837 5568 adhuc
888 5513 996 5569 Deo
1049 5514 1252 5583 gratias
1314 5531 1540 5586 corpore
1603 5516 1829 5581 vivunt,
1894 5524 1947 5571 et
2016 5515 2234 5584 quidam

655 5603 913 5673 migravit
972 5606 1038 5659 ad
1098 5607 1404 5661 Dominum.
1438 5605 1544 5661 Sed
1603 5622 1701 5676 pro
1752 5616 1904 5677 patre
1952 5606 2061 5660 nati
2113 5612 2239 5659 sunt

655 5693 786 5758 filii,
817 5711 848 5750 a
895 5696 1093 5766 quibus
1152 5701 1446 5753 secundum
1476 5699 1648 5768 legem
1706 5697 2027 5763 ltonmnam,
2075 5697 2237 5769 637

660 5803 826 5866 quam
888 5794 1315 5866 praedecessorcs
1380 5809 1568 5851 eorum
1633 5796 1988 5867 imperatores
2044 5805 2100 5851 et
2156 5810 2245 5852 re-

2319 546 2438 586 eam
2479 530 2709 586 feliciter
2748 538 3005 585 rexerunt
3046 539 3101 585 et
3160 540 3528 598 correxerunt,
3577 535 3698 591 actio
3733 553 3820 606 qua:

2318 625 2386 679 ab
2409 634 2629 679 auctore
2658 625 2906 679 inchoata
2934 631 3038 688 est,
3063 631 3120 677 ut
3160 623 3227 677 ab
3261 623 3555 679 han-edibus
3576 631 3818 697 peragenda

2318 724 2438 771 cst:
2475 716 2674 787 quique
2728 718 2803 770 ita
2844 716 3307 786 praedecessorum
3358 731 3568 771 suorum
3612 718 3823 775 benest:-

2320 815 2435 862 tuta
2453 807 2649 863 debent
2674 808 2725 861 in
2750 808 3001 862 omnibus
3027 818 3375 870 comet-vare,
3424 800 3572 861 sicuti
3608 824 3689 862 sua
3726 825 3823 867 con-

2322 902 2506 956 stituta
2550 917 2578 955 a
2608 901 2722 955 suis
2751 900 3160 955 successoribus
3184 897 3410 967 cupiunt
3455 899 3744 954 conservari.
3776 901 3824 956 Et

2321 1007 2430 1047 non
2484 992 2602 1048 leve
2651 992 2865 1062 regibus
2918 991 3002 1046 vel
3044 990 3460 1061 quibuscunque
3507 988 3615 1045 aliis
3640 991 3825 1049 videatur

2323 1081 2617 1152 infringere
2641 1082 2785 1152 quod
2815 1081 2928 1138 Suis
2956 1081 3174 1137 student
3203 1080 3455 1135 manibus
3484 1080 3723 1144 roborare,
3736 1082 3825 1150 quia

2324 1191 2391 1230 ex
2431 1177 2612 1231 divina
2667 1175 2936 1239 doctrina,
2989 1183 3043 1229 et
3099 1173 3397 1244 apostolica
3429 1173 3708 1239 traditione,
3749 1185 3824 1229 tam

2324 1268 2561 1322 maxima
2586 1282 2673 1321 res
2702 1282 2916 1335 semper
2966 1266 3031 1319 ab
3060 1265 3190 1336 ipsis
3222 1264 3413 1335 primis
3466 1263 3656 1319 smculis
3681 1280 3822 1320 manus

2327 1359 2672 1415 conﬁrmatio
2722 1359 2844 1426 fuit,
2897 1367 2956 1413 ut
2999 1359 3065 1414 de
3102 1358 3236 1428 ipsis
3266 1356 3621 1429 apostolorum
3645 1355 3821 1423 vinariis,

2328 1450 2401 1505 illi
2434 1452 2532 1520 ipsi
2562 1450 2929 1521 apostolorum
2954 1448 3141 1503 vicarii
3174 1448 3542 1518 supercoelesti
3581 1449 3826 1505 auctoritate

2329 1544 2690 1608 decreverint,
2722 1562 2739 1593 ι
2782 1541 2852 1598 Ut
2879 1542 2969 1611 qui
3016 1550 3204 1596 contra
3256 1557 3412 1596 suam
3459 1539 3824 1610 subscriptionem
3901 1603 3909 1617 .

2330 1635 2384 1689 in
2416 1633 2597 1703 aliquo
2626 1634 2856 1698 venerit,
2887 1633 3001 1703 ipse
3041 1647 3098 1687 se
3152 1631 3337 1702 privet
3364 1629 3578 1685 honore.
3610 1650 3626 1682 ι
3661 1629 3714 1684 Et
3753 1646 3823 1685 non

2330 1724 2515 1779 dicant
2546 1739 2719 1793 reges,
2750 1724 2857 1779 hoc
2887 1724 2953 1778 de
2983 1722 3253 1792 episcopis
3277 1731 3332 1776 et
3356 1738 3460 1777 non
3488 1729 3566 1776 est
3591 1720 3649 1775 de
3668 1719 3823 1791 regibus

2329 1817 2681 1872 constitutum
2717 1834 2729 1870 :
2758 1817 2850 1871 sed
2890 1815 3235 1870 attendentes
3273 1814 3398 1884 quia
3436 1814 3477 1870 si
3508 1813 3599 1868 sub
3635 1828 3721 1867 uno
3740 1825 3825 1881 rege

2329 1922 2394 1961 ac
2417 1907 2701 1963 sacerdote
2752 1905 2988 1971 Christo,
3028 1921 3057 1960 a
3095 1904 3254 1974 cujus
3305 1906 3533 1959 nominis
3572 1903 3825 1958 derivatione

2328 1997 2519 2053 cbristi
2566 2000 2780 2054 Domini
2826 1999 3192 2069 appellantur,
3239 1998 3295 2052 in
3327 1997 3503 2069 populi
3531 1993 3826 2066 regiminesu-

2326 2090 2536 2147 blimati
2587 2100 2641 2145 et
2688 2092 2936 2147 honorati
2973 2108 3093 2147 esse
3123 2092 3458 2156 desiderant,
3498 2085 3636 2156 cujus
3660 2089 3821 2148 honore.

2328 2195 2383 2241 et
2415 2196 2599 2240 amore
2636 2194 2799 2256 atque
2833 2187 3045 2251 timore,
3078 2185 3494 2256 participatione
3525 2182 3680 2252 magni
3704 2178 3821 2234 nomi-

2328 2278 2415 2333 nis
2453 2278 2657 2333 domini
2699 2288 2754 2333 et
2798 2295 2954 2350 reges
3003 2287 3293 2345 vocantur,
3350 2294 3472 2335 cum
3520 2276 3617 2332 sint
3644 2274 3821 2331 homines

2330 2372 2471 2429 sicut
2499 2380 2553 2428 et
2578 2373 2785 2439 creteri,
2811 2384 2865 2428 et
2880 2383 3089 2443 partem
3118 2388 3244 2428 cum
3276 2373 3363 2428 his
3387 2372 3439 2427 in
3466 2386 3617 2444 regno
3634 2367 3822 2424 ccelomm

2329 2467 2533 2523 habere
2570 2467 2777 2532 volunt,
2829 2466 2921 2535 qui
2970 2481 3129 2522 sacro
3161 2464 3415 2536 peruncti
3445 2471 3563 2520 sunt
3587 2461 3822 2521 chrismate.

2330 2560 2474 2628 quod
2499 2575 2530 2613 a
2559 2557 2763 2614 Christi
2811 2558 3033 2614 nomine
3089 2572 3291 2613 nomen
3336 2555 3556 2627 accepit,
3585 2552 3664 2625 qui
3686 2547 3821 2605 exinde

2331 2650 2487 2704 unxit
2517 2650 2849 2714 sacerdotes,
2884 2650 3197 2721 prophetas,
3233 2663 3409 2720 reges,
3440 2655 3494 2703 et
3515 2638 3834 2733 martyresille.

2332 2751 2530 2798 unctus
2573 2744 2694 2799 oleo
2739 2742 2940 2797 lietitiae
2984 2758 3096 2813 prae
3151 2740 3499 2797 consortibus
3545 2737 3657 2801 suis,
3690 2733 3825 2804 quique

2331 2832 2465 2890 fecit
2491 2849 2585 2890 eos
2612 2834 2667 2889 in
2695 2833 3021 2905 baptismate
3051 2847 3205 2904 reges
3240 2842 3298 2888 et
3339 2830 3628 2887 sacerdotes
3660 2828 3742 2881 Deo
3761 2837 3823 2878 no-

2333 2935 2470 2992 stro,
2500 2936 2556 2981 et
2584 2941 2752 2999 genus
2783 2925 3013 2997 regium,
3055 2940 3119 2979 ac
3167 2924 3358 2996 regale
3406 2918 3739 2981 sacerdotium,
3768 2927 3822 2967 se

2334 3021 2570 3076 cundum
2623 3018 2894 3091 apostolos
2943 3016 3206 3074 Joannem
3269 3023 3325 3072 et
3369 3014 3575 3070 Petrum
3604 3011 3817 3083 (Apama;

2337 3111 2367 3165 1
2393 3108 2540 3166 Petr.
2568 3110 2630 3181 ιι)
2662 3109 3004 3181 :intelligant
3048 3117 3103 3165 et
3151 3108 3387 3163 credant
3427 3120 3482 3161 se
3526 3104 3574 3157 in
3611 3097 3743 3156 oculis
3762 3093 3821 3149 Dei

2338 3201 2539 3272 privari
2594 3200 2726 3272 regii
2785 3198 3017 3255 nominis
3050 3207 3105 3253 et
3151 3196 3320 3253 ofﬁcii
3370 3194 3631 3269 dignitate,
3674 3183 3823 3258 quando

2336 3292 2381 3346 si
2405 3289 2534 3345 illud
2577 3292 2833 3360 placitum
2865 3290 2977 3345 Deo
3007 3288 3109 3344 fuit
3153 3288 3304 3359 quod
3349 3302 3502 3342 manu
3544 3282 3821 3338 ﬁrmaverant,

2333 3379 2542 3436 faciunt
2563 3391 2755 3435 contra
2785 3395 2978 3436 manus
3003 3394 3113 3434 suae
3139 3376 3601 3447 conscriptionem,
3622 3371 3720 3425 licet
3736 3360 3821 3420 illud

2337 3489 2533 3529 nomen
2566 3482 2827 3544 usurpent
2881 3480 3007 3528 ante
3049 3471 3237 3527 oeulos
3290 3470 3556 3526 hominum
3600 3462 3821 3555 terrenae"

2338 3570 2577 3625 instabili
2604 3578 2867 3639 potestate
2894 3586 2905 3622 :
2940 3566 3192 3638 quoniam
3224 3567 3369 3622 sicut
3397 3564 3572 3618 vivunt
3589 3558 3712 3624 reges
3732 3550 3816 3604 boni

2338 3664 2541 3735 etjusti
2568 3664 2620 3717 in
2649 3662 2763 3718 suis
2790 3660 2997 3733 legibus
3026 3659 3184 3715 bonis
3237 3667 3294 3713 et
3338 3656 3513 3727 justis,
3553 3644 3728 3723 quando
3754 3653 3816 3712 per

2338 3772 2433 3812 eas
2476 3766 2795 3827 premuntur
2840 3762 2895 3809 et
2932 3752 3233 3824 puniuntur
3282 3749 3448 3813 noxii,
3496 3755 3546 3802 et
3595 3740 3819 3836 relevautttt

2338 3864 2403 3903 ac
2431 3847 2729 3903 liberantur
2772 3846 2998 3911 innoxii,
3054 3845 3128 3899 ita
3172 3843 3365 3899 vivunt
3410 3833 3659 3912 apostolici
3688 3828 3817 3924 viriut

2338 3942 2538 4013 regulis
2562 3940 2916 4012 promulgatis
2938 3947 2992 3995 et
3014 3938 3127 3994 suis
3151 3937 3401 3992 manibus
3422 3923 3724 4017 confirmatis,
3740 3923 3818 4017 illi."

2335 4007 2439 4091 bus
2462 4007 2683 4107 judicati
2729 4007 2852 4088 su‘nt
2894 4042 3084 4088 contra
3138 4030 3261 4086 illas
3299 4036 3511 4099 agentes
3552 4007 3813 4112 catilla-dine

2338 4144 2444 4201 qua
2463 4102 2773 4183 constituta:
2804 4135 2948 4180 sunt.
2979 4124 3047 4179 Et
3068 4124 3211 4179 sicut
3236 4118 3517 4192 Apostolus
3538 4115 3594 4169 de
3620 4106 3689 4164 illa
3707 4102 3810 4201 dicit.

2339 4187 2459 4293 qua:
2510 4220 2695 4274 vivens
2739 4227 2949 4272 mortua
3014 4225 3097 4271 est
3148 4214 3333 4286 (Apoc.
3386 4208 3513 4280 XVI).
3567 4205 3628 4259 Ῑίίί
3666 4206 3707 4252 et
3737 4187 3818 4294 Ph?

2342 4324 2728 4382 transgressor,
2761 4311 2887 4365 licet
2931 4308 3001 4363 illi
3028 4308 3120 4379 qui
3159 4321 3304 4361 nunc
3352 4298 3676 4391 apostolorum

2341 4381 2595 4467 retinent,
2627 4418 2773 4467 eum,
2813 4409 2907 4454 aut
2933 4400 3058 4470 quia
3093 4400 3362 4470 ignorant,
3393 4401 3480 4448 aut
3504 4387 3614 4460 quia
3635 4381 3815 4436 dissimu-

2266 4525 2313 4583 υ
2341 4495 2454 4549 lant
2482 4497 2623 4565 quod
2659 4504 2838 4551 actum
2870 4502 2975 4558 est,
3007 4509 3112 4547 non
3140 4491 3464 4562 adjudicenl.
3485 4470 3814 4583 δίθθοηίξθ-ξῗξξ

2338 4558 2587 4642 ultimum
2608 4588 2745 4641 diem
2771 4584 3090 4649 correxerit,
3117 4584 3255 4639 inter
3280 4574 3592 4637 damnandos
3610 4558 3813 4658 inﬁmi"?

2339 4680 2405 4734 de
2420 4677 2715 4749 majoribus
2740 4677 3000 4730 duntaxat
3030 4668 3535 4746 transgressionibus

2340 4740 2570 4829 cabitur.
2589 4770 2698 4825 Lex
2711 4770 2847 4825 enim
2864 4787 2965 4825 non
2983 4778 3056 4823 est
3083 4768 3252 4839 posita
3271 4766 3301 4839 j
3310 4762 3450 4826 ustis,
3471 4747 3712 4840 sicutdicil

2340 4865 2510 4922 stolus
2526 4862 2579 4936 (Ι
2597 4863 2730 4919 Tim.
2748 4881 2787 4930 ι,
2803 4862 2880 4935 9),
2898 4863 2990 4919 sed
3007 4838 3505 4933 transgreSSoribus,
3524 4857 3573 4904 et
3593 4838 3813 4936 sceleratis.

2340 4917 2651 5019 homicidis,
2686 4963 2741 5011 et
2766 4917 3070 5025 parricidis,
3126 4967 3191 5007 ac
3223 4941 3536 5006 fornicariis,
3577 4917 3811 5021 atque"?

2341 5049 2464 5119 quis
2517 5044 3049 5117 praevaricatoribus.
3101 5043 3238 5098 Nam
3278 5056 3381 5097 non
3425 5036 3535 5131 sine

2339 5103 2493 5213 ptum
2520 5103 2756 5212 Ilegitur,
2798 5140 3053 5211 quoniam
3098 5137 3260 5193 verba
3304 5125 3536 5197 DecaloKi
3580 5115 3713 5213 dig“?

2341 5202 2450 5289 sint
2494 5202 2714 5304 scripta.
2744 5202 3057 5287 valituram
3090 5229 3288 5300 (Ιυίβρθ
3312 5225 3362 5279 ί¹¹
3387 5202 3809 5310 Ρθ¹Ῥ⁰ι¹¹¹¹¹ἶ¹Εὲῗὲ

2343 5325 2490 5381 illam
2521 5292 2639 5380 esse
2666 5324 2925 5387 decrevit,
2956 5339 3116 5393 quam
3158 5320 3336 5390 digito,
3392 5313 3440 5368 id
3478 5317 3550 5364 est

2342 5419 2576 5489 scripsit.
2622 5418 2688 5471 Et
2728 5419 2794 5470 de
2829 5384 3016 5471 electis
3046 5413 3300 5469 Dominus
3326 5409 3377 5463 in
3405 5384 3810 5489 Evangelio,dfl_l_.:

2347 5509 2578 5566 Gaudete
2600 5510 2723 5581 quia
2750 5511 2960 5563 nomina
2986 5516 3150 5563 vestra
3175 5505 3363 5574 scripta
3391 5504 3499 5553 sunt
3522 5508 3568 5544 tn
3580 5482 3685 5607 :41?!"

2563 5604 2569 5607 _
2629 5604 2656 5607 φ
2884 5600 2899 5607 -
2927 5601 2937 5607 .
3200 5596 3221 5607 ς
3368 5592 3379 5602 ο
3420 5604 3436 5607 -
3459 5597 3573 5607 ...υιη
3609 5590 3633 5607 Δ
3656 5586 3676 5607 0
3695 5586 3704 5607 Ι
3800 5594 3808 5603 α

2347 5623 2459 5671 xvi,
2494 5564 2702 5675 10).'Dc
2726 5600 2971 5673 reprobis
2992 5608 3167 5656 autem
3192 5592 3440 5652 Jeremias
3459 5579 3681 5704 prqpb'fr‘:

2352 5656 2668 5753 Recedeates
2710 5715 2740 5750 a
2767 5705 2837 5759 te,
2879 5694 3122 5759 Domine,
3167 5694 3223 5751 in
3261 5698 3395 5742 ταντα
3435 5656 3806 5787 π’ξίὺωξξὲζί

2355 5807 2493 5858 xvu,
2517 5790 2629 5864 15).
2660 5787 2776 5845 Non
2806 5796 2985 5843 autem
3014 5784 3292 5859 pueriliter
3311 5769 3594 5849 sapientium
3606 5745 3807 5830 638%"

2254 3160 2301 3224 C
