4026 6340
198 354 275 412 70
283 357 313 423 Ι,

1080 324 1095 337 ’
1134 356 1222 415 DE
1260 355 1587 414 Dtvonrto
1626 357 1961 415 LOTHARII
1998 359 2087 415 ET
2124 360 2535 419 TETBERGE.

3355 361 3465 421 703

195 458 362 542 quasi
402 471 542 541 Deus
567 470 634 524 ad
658 470 953 525 remedium
993 470 1273 527 oblivionis
1311 472 1484 528 honos
1508 472 1563 527 in
1590 471 1767 539 caelis,
1798 473 1849 537 Α
1874 471 2128 545 auferunt
2146 514 2161 539 ,
2192 485 2248 530 et
2278 474 2412 531 locis
2439 475 2645 533 sanctis
2672 492 2782 535 non
2804 479 3075 547 tribuunt,
3106 487 3162 536 et
3183 478 3327 536 unde
3349 476 3455 534 sibi

201 564 385 619 malos
434 561 636 618 scribat
688 563 741 616 in
786 562 948 618 terris
981 580 994 615 :
1025 563 1116 618 sed
1150 564 1436 619 salubriter
1468 563 1777 636 intelligen-

195 655 354 716 dum,
380 653 523 723 quod
549 653 663 709 sive
697 652 957 719 ctelestia,
1009 668 1102 708 seu
1157 656 1434 711 terrestria
1467 657 1588 726 quis
1612 672 1777 726 opera

192 747 450 817 gesserit,
485 760 587 817 per
616 748 727 801 haec
753 735 908 817 quasi
943 746 1138 802 litteris
1173 747 1461 804 adnotatus
1497 750 1637 821 apud
1682 748 1777 805 Dei

196 840 523 894 memoriam
553 839 624 894 sit
664 837 994 893 teternaliter
1040 839 1229 895 aﬁixus
1261 859 1274 892 :
1308 840 1361 895 in
1408 840 1514 896 hoc
1538 841 1660 907 jure
1687 840 1776 895 de-

194 939 537 995 monstrans,
571 939 630 984 ut
668 930 811 999 quod
840 931 1068 1000 quisque
1107 929 1249 1000 juste
1288 940 1343 986 et
1385 932 1780 986 rationabiliter

195 1034 365 1073 manu
400 1019 719 1082 ﬁrmaverit,
756 1019 1135 1077 inviolabiliter
1158 1035 1220 1076 ac
1242 1023 1610 1093 perseveranti
1642 1038 1775 1078 con-

195 1120 382 1166 servet
422 1110 667 1180 justitia;
707 1127 806 1168 nec
848 1113 1083 1168 inaniter
1129 1129 1285 1169 suum
1327 1128 1521 1171 nomen
1566 1114 1657 1185 qui
1709 1114 1777 1170 ad

192 1203 578 1273 baptizandum
621 1204 789 1268 venit,
828 1205 871 1258 si
895 1213 1108 1260 a-tatem
1154 1206 1335 1271 habet,
1380 1216 1472 1261 aut
1510 1217 1777 1277 patronus

195 1308 297 1362 pro
330 1307 520 1362 puero,
560 1294 652 1348 sed
673 1303 729 1349 et
754 1294 965 1364 publice
989 1295 1257 1365 pmnitens
1286 1296 1351 1350 ad
1384 1296 1778 1352 reconciliatio-

195 1398 326 1439 nem
354 1384 636 1449 accedens,
667 1385 925 1455 scriptum
953 1402 1146 1441 nomen
1194 1386 1470 1457 proprium
1501 1403 1569 1442 ex
1605 1387 1773 1441 tradi-

193 1477 346 1530 tione
371 1476 736 1533 ecclesiastica
768 1480 946 1537 donat.
980 1481 1124 1550 quod
1154 1496 1317 1549 super
1346 1494 1561 1536 sacrum
1605 1480 1775 1535 altare

193 1565 338 1619 inter
376 1578 837 1622 sacramentorum
884 1570 1183 1624 caelestium
1234 1570 1652 1626 celebrationem
1681 1587 1775 1641 po-

192 1657 361 1724 nitur,
394 1666 449 1712 et
477 1658 808 1713 recitandum
838 1659 906 1714 ad
948 1659 1126 1715 locum
1176 1675 1274 1730 per
1302 1661 1638 1716 sacerdotem
1669 1660 1775 1715 Do-

196 1747 346 1801 mino
371 1750 804 1803 commendatur.
840 1749 897 1804 In
925 1752 1099 1807 sacris
1149 1752 1499 1807 nihilominus
1543 1752 1772 1824 dypticis

1884 567 2185 622 debuerant
2228 570 2441 639 Operari
2496 572 2827 639 remedium,
2872 580 3187 644 perpetrant
3235 570 3460 627 sacrile-

1882 659 2025 728 gium
2052 677 2063 711 :
2096 667 2151 713 et
2175 659 2219 713 si
2244 661 2581 731 sacrilegium
2617 673 2928 733 perpetrant
2962 665 3027 719 de
3052 663 3165 719 suis
3190 680 3295 720 non
3317 664 3455 719 bene

1882 749 2042 813 datis,
2073 750 2523 806 considerandum
2577 762 2658 805 est
2705 761 2963 822 quantum
3010 753 3111 807 sibi
3156 750 3455 824 periculum

1880 842 2083 895 faciunt
2108 841 2175 896 de
2203 840 2363 896 rebus
2389 843 2456 897 ab
2482 842 2601 896 aliis
2628 844 2735 897 Deo
2763 844 2973 897 donatis
2995 884 3008 907 ,
3040 852 3093 897 et
3124 828 3241 896 a‘se
3266 848 3454 896 contra

1880 933 2047 987 Deum
2078 942 2131 987 ct
2157 935 2255 1002 ipsi
2284 933 2393 988 Deo
2419 934 2631 989 ablatis.
2659 933 2809 989 Unde
2838 942 3057 988 sanctus
3085 932 3374 1003 Gregorius
3398 931 3453 987 in

1878 1026 2102 1094 epistola
2132 1027 2197 1079 ad
2229 1024 2489 1080 Sabinum
2518 1026 2903 1081 subdiaconum
2926 1025 3300 1093 scriheus(lib.
3321 1038 3452 1090 vut,

1878 1118 2028 1186 epist.
2062 1115 2116 1183 7)
2154 1135 2166 1170 :
2203 1135 2220 1169 ι
2256 1115 2615 1186 Sacrilegum,
2651 1116 2843 1185 inquit,
2874 1124 2926 1171 et
2963 1124 3148 1170 contra
3178 1115 3324 1186 leges
3346 1122 3453 1180 est,

1877 1211 1922 1265 si
1953 1209 2075 1278 quis
2100 1208 2244 1278 quod
2272 1207 2668 1263 venerabilibus
2710 1207 2841 1263 locis
2887 1206 3242 1275 relinquitur,
3274 1218 3454 1275 prava:

1877 1300 2168 1355 voluntatis
2213 1298 2408 1353 studiis
2456 1298 2567 1352 suis
2610 1296 2900 1351 tentaverit
2947 1294 3279 1365 compendiis
3326 1294 3457 1349 reti-

1875 1405 2025 1446 nere.
2068 1411 2087 1443 ι
2118 1391 2181 1445 Et
2206 1391 2347 1445 sacri
2376 1405 2614 1445 canones
2652 1389 2822 1460 (conc.
2852 1386 3043 1458 Agath.
3086 1403 3132 1440 c.
3158 1385 3212 1453 4)
3244 1403 3258 1439 :
3294 1403 3313 1436 ι
3340 1382 3455 1440 Cle-

1876 1486 1972 1539 rici
1991 1526 2006 1550 ,
2052 1485 2299 1554 inquiunt
2324 1524 2338 1548 ,
2366 1483 2452 1537 vel
2479 1482 2790 1546 smculares,
2817 1482 2907 1550 qui
2938 1480 3240 1536 oblationes
3260 1492 3455 1549 paren-

1874 1585 2024 1639 tum,
2057 1586 2149 1630 aut
2172 1576 2427 1639 donatas,
2468 1584 2561 1628 aut
2583 1582 2904 1628 testamento
2945 1572 3179 1637 relictas,
3212 1570 3453 1625 retinere

1873 1668 2337 1738 praesumpserint,
2366 1674 2459 1721 aut
2487 1667 2539 1721 id
2564 1667 2704 1736 quod
2720 1666 2829 1736 ipsi
2853 1666 3188 1720 donaverunt
3209 1662 3457 1720 ecclesiis

1876 1761 1959 1817 vel
1985 1761 2328 1817 monasteriis
2353 1758 2683 1816 crediderint
2709 1756 3060 1813 auferendum
3080 1798 3094 1821 ,
3124 1755 3264 1811 sicut
3290 1766 3453 1826 syno-

195 1855 302 1896 non
328 1839 518 1898 frivole
544 1843 760 1900 nomina
786 1843 1025 1901 ﬁdelium
1057 1853 1167 1901 tam
1192 1847 1435 1903 vivorum
1477 1864 1638 1917 quam
1685 1847 1775 1902 de-
1805 1837 1851 1898 Β
1879 1854 1979 1910 dus
2028 1861 2215 1908 sancta
2262 1851 2561 1917 constituit,
2610 1850 2758 1905 velut
2790 1856 3090 1903 -necatores
3134 1860 3452 1918 pauperum,

194 1931 506 1989 functorum
533 1935 863 2001 scribuntur,
897 1946 953 1993 et
980 1938 1277 1995 inﬁdelium
1332 1941 1397 1995 de
1446 1941 1651 1995 eisdem
1682 1940 1775 2011 dy-

192 2026 354 2097 pticis
377 2029 541 2084 etiam
585 2038 705 2100 post
744 2039 973 2087 mortem
1000 2030 1423 2100 divinojudicio,
1452 2034 1497 2088 si
1530 2034 1773 2089 conscri-

192 2128 284 2190 pta
335 2118 568 2188 fuerant,
610 2123 927 2183 eraduntur.
963 2124 1069 2180 Sed
1112 2125 1253 2181 forte
1294 2127 1447 2198 quasi
1485 2125 1771 2198 principali

195 2209 313 2266 fulti
362 2213 579 2268 licentia
632 2215 818 2271 dicunt
866 2217 1348 2287 principeszQuid
1411 2218 1591 2289 magni
1643 2217 1771 2272 mali

194 2314 382 2359 contra
411 2305 577 2361 Deum
603 2308 761 2373 facio,
794 2308 876 2366 vel
918 2312 1040 2380 quis
1084 2326 1169 2365 me
1206 2312 1329 2369 inde
1366 2311 1645 2382 iudicabit,
1679 2312 1773 2384 qui

194 2408 360 2464 super
389 2411 576 2452 omnes
615 2400 870 2464 consisto,
905 2402 947 2456 si
986 2412 1337 2473 praeceptum,
1375 2403 1459 2458 vel
1509 2404 1769 2470 edictum,

189 2485 337 2554 quod
366 2501 529 2541 manu
561 2489 844 2556 conﬁrmo,
877 2500 969 2545 aut
998 2492 1252 2566 infringo,
1272 2503 1365 2549 aut
1386 2509 1493 2548 non
1517 2493 1774 2549 attendo?

194 2574 446 2631 Primum
485 2580 698 2648 quidem
734 2583 1031 2648 attendant,
1064 2584 1186 2653 quia
1232 2584 1276 2640 si
1331 2584 1403 2639 illi
1441 2598 1605 2655 super
1636 2584 1773 2640 alios

191 2677 349 2734 sunt,
375 2682 534 2738 super
562 2670 681 2725 illos
714 2672 855 2727 Deus
884 2682 965 2727 est
996 2692 1009 2726 :
1035 2682 1089 2727 et
1114 2675 1156 2729 si
1186 2690 1348 2744 prave
1373 2676 1601 2746 egerint,
1635 2684 1692 2731 et
1713 2690 1772 2732 se

190 2778 301 2819 non
329 2767 689 2829 correxerint,
724 2774 873 2835 tanto
900 2768 1115 2840 gravius
1137 2768 1543 2838 judicabuntur,
1570 2778 1774 2840 quanto

191 2857 247 2912 in
277 2859 476 2914 throno
502 2861 655 2932 regni
688 2862 896 2916 caeteris
937 2860 1134 2918 celsius
1161 2870 1570 2933 praeponuntur.
1596 2861 1775 2934 Reges

188 2950 341 3005 enim
370 2958 425 3006 et
442 2952 750 3008 sacerdotes
764 2951 1097 3010 subditorum
1116 2968 1280 3026 prave
1309 2963 1428 3010 acta
1455 2954 1768 3027 corrigunt:

189 3042 286 3096 sed
314 3041 557 3099 oblivisci
590 3059 698 3099 non
722 3043 937 3111 debent,
974 3046 1099 3115 quia
1128 3045 1343 3102 illorum
1394 3045 1531 3101 mala
1558 3061 1658 3117 per
1685 3047 1772 3118 ip-

194 3147 319 3188 sum
349 3133 632 3189 Dominum
659 3135 1048 3206 judicabuntur
1078 3155 1091 3193 :
1122 3154 1222 3192 nec
1242 3138 1404 3194 surda
1428 3154 1558 3193 aure
1574 3139 1772 3194 debent

192 3227 542 3297 audirequod
574 3230 833 3299 scriptum
856 3237 969 3285 est:
991 3228 1237 3285 Potentes
1262 3241 1496 3301 potenter
1511 3241 1771 3286 tormenta

190 3319 482 3389 patientur,
505 3322 689 3391 exiguo
711 3332 884 3376 autem
908 3322 1209 3376 conceditur
1230 3324 1589 3379 misericordia
1614 3324 1771 3398 (Sap.

192 3423 271 3473 vt,
296 3409 377 3479 7).
401 3410 602 3466 Deinde
628 3412 811 3483 legant
832 3413 1114 3469 historiam
1148 3415 1320 3471 sancti
1353 3415 1587 3472 Abraha:
1615 3414 1769 3489 (Gen.

1876 1960 2157 2016 quousque
2186 1943 2448 2009 reddant,
2478 1943 2547 1996 ab
2574 1940 2820 1998 ecclesiis
2848 1938 3222 1995 excludantur.
3259 1957 3279 1990 ι
3311 1934 3456 2004 Qua-

1875 2047 2095 2108 propter
2135 2037 2308 2092 sciant
2337 2036 2462 2106 quia
2490 2050 2611 2090 cum
2640 2016 2880 2105 peccatis
2909 2031 3175 2103 propriis,
3205 2043 3305 2099 pro
3337 2042 3455 2083 om-

1875 2131 2034 2184 nibus
2062 2128 2224 2184 etiam
2262 2127 2472 2183 illorum
2504 2126 2741 2197 peccatis
2770 2124 2860 2195 qui
2888 2122 3104 2178 easdem
3127 2135 3216 2176 res
3244 2135 3344 2191 pro
3370 2133 3456 2173 re-

1877 2221 2181 2290 demptione
2216 2220 2410 2274 animae
2452 2233 2562 2274 suae
2608 2216 2902 2281 dederunt,
2936 2214 2990 2268 in
3032 2210 3211 2267 futuro
3246 2207 3453 2280 judicio

1874 2315 2169 2385 punientur
2200 2331 2212 2365 :
2255 2321 2309 2367 et
2339 2327 2446 2367 non
2479 2316 2808 2382 postponant
2837 2306 2928 2378 qui
2959 2304 3102 2360 forte
3127 2300 3453 2359 conﬁrmant

1875 2405 2179 2462 inconsulte
2209 2404 2353 2475 quod
2384 2401 2634 2458 ﬁdelibus
2664 2399 2747 2455 vel
2786 2397 2977 2453 amicis
3005 2394 3117 2451 suis
3150 2393 3370 2458 donant,
3400 2399 3456 2446 et

1875 2500 1992 2557 sine
2023 2498 2226 2568 judicio
2263 2496 2534 2558 auferunt,
2566 2493 2781 2565 quando
2806 2506 2926 2562 quae
2962 2488 3221 2543 dederant
3253 2484 3319 2540 ad
3347 2498 3455 2539 me-

1876 2591 2109 2646 moriam
2129 2587 2438 2660 ptenitendo
2459 2585 2724 2641 reducunt
2755 2602 2767 2636 :
2798 2598 2907 2637 non
2933 2579 3294 2641 attendentes,
3325 2572 3452 2647 quia

1875 2682 1951 2737 illi
1980 2682 2182 2737 vadunt
2210 2680 2275 2735 de
2302 2676 2522 2742 saeculo,
2545 2690 2666 2731 cum
2686 2673 2800 2730 exit
2824 2673 2891 2728 de
2915 2686 3142 2743 corpore
3166 2668 3369 2732 anima,
3396 2673 3453 2721 et

1875 2780 2116 2829 remanet
2148 2772 2202 2825 in
2229 2769 2425 2826 saeculo
2456 2776 2630 2833 terra,
2659 2775 2712 2821 et
2735 2772 2953 2821 tenetur
2982 2780 3012 2818 a
3043 2776 3214 2817 vacuo
3239 2773 3452 2830 posses-

1875 2881 1997 2923 sore
2023 2879 2204 2920 rerum
2230 2862 2440 2916 illarum
2477 2856 2904 2916 conﬁrmationis
2938 2854 3100 2926 regiae
3126 2852 3351 2915 charta,
3389 2856 3444 2904 et

1876 2974 1997 3015 cum
2022 2955 2297 3026 suspirant
2326 2947 2511 3020 corda,
2537 2958 2900 3024 provocantur
2925 2948 2994 3003 ad
3016 2942 3448 3001 maledicendum

1875 3046 2126 3104 fortassis
2145 3060 2251 3101 non
2266 3044 2382 3100 sine
2400 3044 2608 3114 peccati
2626 3040 2863 3114 pondere
2894 3038 3071 3103 labia;
3103 3051 3226 3091 cum
3247 3042 3455 3089 utrum-

1876 3157 1981 3213 que
1997 3138 2383 3213 providendum
2413 3146 2563 3201 erat,
2593 3151 2659 3191 ne
2687 3132 2936 3190 videlicet
2972 3129 3273 3188 inconsulte
3303 3125 3454 3198 quid-

1880 3232 2002 3290 dam
2021 3247 2111 3286 rex
2126 3232 2191 3285 da
2199 3238 2302 3295 ret,
2316 3243 2414 3284 nec
2428 3224 2755 3295 sinejudicio
2766 3224 3017 3295 cuiquam
3030 3218 3298 3294 aequitatis
3309 3215 3458 3287 quid-

1881 3323 2004 3385 dam
2033 3321 2299 3385 auferret,
2334 3333 2470 3374 neve
2498 3328 2617 3388 post
2643 3317 2905 3387 judicium
2948 3314 3013 3369 de
3042 3311 3236 3368 ablatis
3264 3309 3455 3364 charta

1877 3416 2176 3485 indisrupta
2221 3423 2483 3468 maneret.
2512 3409 2782 3481 Scriptum
2829 3415 2912 3465 est
2947 3407 3092 3463 enim
3135 3423 3149 3459 :
3201 3401 3457 3458 Memoria

191 3504 379 3567 xxiii),
397 3502 488 3572 qui
504 3503 745 3559 chartam
763 3505 1229 3562 conﬁrmationisa
1246 3508 1522 3564 venditore
1543 3507 1774 3578 sepulcri
1869 3505 2005 3578 justi
2035 3519 2153 3558 cum
2189 3501 2454 3564 laudibus,
2482 3516 2670 3555 nomen
2697 3508 2871 3553 autem
2898 3495 3173 3566 impiorum
3198 3495 3457 3561 putrescet

194 3591 444 3665 conjugis
482 3609 591 3650 suae
634 3611 817 3651 coram
872 3596 995 3654 ﬁliis
1038 3608 1092 3654 et
1127 3600 1324 3671 populo
1352 3609 1509 3656 terrae
1536 3617 1633 3672 pro
1662 3611 1774 3671 tam

197 3701 397 3756 magno
424 3689 648 3759 accepit,
681 3699 739 3745 ut
783 3692 945 3747 etiam
976 3694 1227 3750 adoraret
1256 3694 1308 3749 in
1334 3703 1482 3750 terra
1518 3696 1772 3766 populum

199 3783 375 3837 terra.
409 3776 546 3833 ﬁlios
596 3779 848 3836 videlicet
897 3780 1057 3847 Hcth,
1093 3791 1360 3853 quatenus
1407 3784 1458 3839 id
1508 3785 1779 3841 obtineret

199 3868 384 3923 audita
440 3872 788 3929 concessione
839 3872 1073 3938 illorum,
1123 3884 1178 3930 et
1232 3891 1392 3945 quam
1442 3877 1618 3947 magni
1672 3877 1776 3932 hoc

197 3960 435 4028 pendere
469 3962 699 4019 debeant
728 3965 970 4021 invenire
1010 3965 1279 4020 valebunt.
1308 3965 1413 4021 Sed
1442 3967 1690 4039 etinlege
1712 3968 1778 4023 de

198 4051 303 4107 hac
317 4054 721 4111 conﬁrmatione
740 4057 1065 4115 sufficienter
1089 4060 1378 4123 invenient,
1406 4078 1524 4131 qure
1563 4070 1767 4118 tantum

200 4153 255 4197 et
278 4152 407 4199 ante
443 4146 729 4202 adventum
754 4148 954 4205 Christi
989 4152 1161 4221 viguit
1185 4153 1424 4206 utetiam
1448 4151 1652 4207 Pilatus
1696 4167 1764 4208 ex

200 4238 421 4308 antiqua
451 4242 834 4296 consuetudine
862 4242 1176 4309 instructus,
1205 4245 1549 4312 poscentibus
1572 4242 1774 4301 Iudaeis

201 4335 258 4380 ut
309 4326 673 4401 refragaretur
715 4333 858 4402 quod
905 4332 957 4387 in
1003 4333 1203 4389 Christi
1249 4335 1405 4389 titulo
1460 4336 1771 4405 scripserat,

200 4420 424 4488 dixerit,
456 4420 610 4488 Quod
640 4425 844 4492 scripsi,
884 4426 1068 4496 scripsi
1098 4424 1279 4497 (Joan.
1307 4442 1419 4492 nx,
1447 4425 1560 4497 9.2),
1589 4426 1777 4482 nolens

196 4510 460 4567 infectum
513 4513 598 4568 vel
649 4514 987 4570 immutatum
1015 4532 1134 4573 esse
1181 4518 1321 4587 quod
1357 4518 1577 4573 fecerat.
1616 4518 1773 4586 Quod

194 4612 253 4658 et
275 4601 435 4675 longe
466 4612 589 4659 ante
623 4604 891 4662 ﬁrmatum
914 4605 1191 4664 Dominica
1207 4610 1551 4680 stipulatione
1575 4609 1775 4677 fuerat,

197 4696 343 4753 sicut
372 4697 580 4768 psalmo
609 4701 1031 4772 superscriptum
1079 4712 1192 4769 est,
1250 4701 1333 4757 Ne
1369 4718 1674 4774 corrumpas
1718 4706 1779 4759 ti-

198 4788 300 4843 tuli
321 4789 707 4862 inscriptionem
736 4790 907 4863 (Psal.
934 4793 1140 4864 Lxxrv).
1169 4794 1234 4848 Et
1276 4810 1438 4864 quam
1461 4796 1780 4852 certissima}

203 4879 523 4938 stabilitatis
554 4898 618 4936 ac
645 4881 915 4938 ﬁrmitatis
943 4884 1089 4938 credi
1121 4883 1314 4939 debeat
1341 4884 1777 4954 chirographum,

200 4973 259 5029 id
286 4981 376 5030 est
394 4990 557 5030 manu
585 4975 867 5046 scriptum,
900 4975 953 5029 in
1001 4976 1137 5031 libro
1175 4976 1356 5031 Tobias
1397 4976 1610 5047 legitur,
1643 4985 1698 5032 et
1727 4977 1782 5031 in

203 5065 497 5137 Evangelia
522 5067 587 5122 de
612 5066 930 5135 conscriptis
957 5066 1296 5121 cautionibus
1346 5065 1773 5120 demonstratur.

202 5154 314 5209 Sed
359 5153 576 5225 quidam
626 5155 913 5224 principes,
963 5154 1104 5223 quod
1152 5155 1292 5210 Deus
1322 5169 1352 5207 a
1389 5154 1591 5208 nostris
1621 5153 1779 5209 Chri-

204 5243 405 5298 stianis
434 5244 763 5313 principibus
791 5242 945 5314 longe
970 5241 1152 5307 faciat,
1169 5243 1307 5297 forte
1340 5258 1448 5296 non
1481 5242 1788 5312 provident,

207 5335 338 5406 quia
360 5341 483 5403 post
502 5333 624 5389 illos
653 5334 865 5389 inﬁrma
883 5335 1118 5389 ﬁrmatio
1146 5334 1357 5389 illorum
1382 5343 1583 5400 manet,
1609 5342 1663 5389 et
1687 5335 1788 5405 ipsi

208 5428 500 5492 decedunt,
525 5436 581 5483 et
609 5429 750 5483 sicut
776 5437 999 5483 sanctus
1012 5428 1338 5497 Augustinus
1365 5426 1496 5482 dicit
1530 5447 1542 5485 :
1573 5427 1791 5483 Transit

210 5529 391 5588 actus,
420 5531 475 5577 et
500 5529 680 5576 manet
705 5532 904 5578 reatus.
927 5522 1080 5589 Quod
1104 5538 1259 5577 suum
1282 5532 1399 5578 erat
1421 5523 1557 5577 locis
1586 5523 1791 5578 sanctis

211 5613 422 5667 donant
459 5627 557 5683 per
591 5611 1086 5677 conﬁrmationem,
1140 5621 1195 5667 et
1236 5612 1336 5667 sibi
1377 5619 1637 5682 usurpant
1694 5626 1792 5681 per

219 5703 840 5776 occupationem,639
854 5705 996 5774 quod
1023 5714 1083 5758 ut
1101 5703 1278 5759 saaculi
1308 5705 1655 5774 pauperiores
1682 5719 1789 5759 nou

215 5796 469 5859 obtinent
496 5812 593 5876 per
621 5797 960 5873 deprecatum
985 5796 1385 5871 praestationem
1412 5813 1424 5851 :
1449 5795 1558 5852 imo
1599 5805 1651 5852 et
1689 5797 1789 5853 sibi

1879 3593 2063 3668 (Prov.
2104 3611 2138 3649 x
2161 3634 2175 3660 ,
2205 3593 2281 3664 6).
2305 3591 2494 3647 Melius
2516 3592 2697 3661 itaque
2718 3597 2775 3646 et
2809 3586 3164 3644 rationalibus
3190 3588 3368 3649 esset,
3399 3588 3460 3636 ut

1879 3701 1978 3758 per
2013 3687 2280 3741 rationem
2311 3684 2552 3755 disrupta
2598 3684 2788 3739 charta
2834 3685 3195 3750 putresceret,
3239 3680 3295 3731 et
3340 3673 3460 3728 laus

1879 3779 2153 3851 aequitatis
2176 3794 2361 3836 eorum
2390 3787 2654 3843 maneret,
2682 3791 2845 3847 quam
2868 3776 3058 3831 charta
3086 3767 3457 3828 conﬁrmatio-

1879 3871 1968 3927 nis
1996 3880 2270 3936 maneret,
2297 3880 2351 3925 et
2384 3885 2577 3925 nomen
2599 3869 2773 3923 laudis
2795 3875 3155 3938 putresceret.
3185 3863 3293 3920 Sed
3319 3862 3460 3918 forte

1880 3961 1997 4016 haec
2020 3959 2259 4029 legentes
2281 3959 2365 4015 vel
2392 3960 2671 4015 audientes
2698 3958 2970 4029 principes
2998 3958 3178 4012 dicent
3211 3972 3225 4010 :
3260 3973 3279 4017 ς
3315 3952 3462 4009 Bene

1878 4070 1979 4109 nos
2009 4054 2411 4125 castigaverunt
2457 4050 2691 4122 episcopi
2727 4068 2739 4103 :
2768 4048 2899 4103 nihil
2926 4061 3023 4117 per
3064 4053 3330 4117 praecepta
3359 4044 3457 4099 do-

1879 4147 2162 4211 nabimus,
2202 4160 2271 4199 ne
2302 4144 2496 4199 iterum
2528 4142 3009 4213 reprehendamur.
3045 4157 3063 4188 ι
3099 4136 3335 4192 Econtra
3365 4151 3463 4190 au-

1880 4240 2028 4294 diant
2057 4237 2187 4307 quid
2229 4252 2361 4291 voce
2401 4232 2781 4306 castigantium
2818 4231 3077 4301 prepheta
3111 4225 3463 4297 conqueritur

1881 4329 2065 4384 dicens
2090 4347 2101 4381 :
2130 4328 2443 4382 Curavimus
2466 4324 2807 4395 Babylonem,
2830 4332 2875 4377 et
2900 4339 3002 4375 non
3025 4331 3099 4377 est
3121 4328 3305 4374 sanata
3323 4315 3457 4391 (Jer.

1881 4437 1956 4485 ιι,
1981 4420 2056 4491 9).
2086 4419 2321 4491 Babylon
2352 4418 2549 4487 quippe
2568 4423 2819 4479 curatur,
2854 4428 2954 4467 nec
2992 4420 3171 4465 tamen
3202 4410 3269 4463 ad
3307 4406 3459 4463 sani-

1886 4520 2051 4567 tatem
2084 4511 2378 4574 reducitur,
2403 4508 2620 4577 quando
2650 4521 2802 4561 meus
2824 4505 2877 4559 iu
2908 4519 3073 4574 prava
3100 4500 3314 4557 actione
3335 4514 3462 4555 con-

1886 4606 2036 4670 fusa,
2070 4605 2231 4659 verba
2268 4601 2625 4671 correptionis
2652 4600 2830 4666 audit,
2870 4596 3078 4669 ﬂagella
3100 4593 3462 4666 correptionis

1885 4700 2146 4771 percipit,
2181 4708 2234 4754 et
2282 4707 2459 4754 tamen
2512 4699 2581 4753 ad
2626 4705 2771 4752 recta
2816 4694 3003 4751 salutis
3056 4692 3250 4748 itinera
3286 4686 3465 4743 redire

1889 4793 2206 4849 contemnit.
2235 4793 2302 4847 Et
2328 4808 2423 4862 per
2449 4791 2782 4860 Sapientiam
2812 4808 2824 4844 :
2852 4786 2997 4843 Sicut
3021 4796 3243 4850 acetum,
3268 4781 3463 4852 inquit,

1889 4887 1944 4939 in
1971 4886 2125 4943 nitro,
2158 4886 2230 4938 ita
2253 4885 2300 4938 ei
2313 4885 2402 4954 qui
2419 4894 2595 4937 cantat
2619 4884 2854 4937 carmina
2870 4880 3015 4935 cordi
3035 4877 3256 4948 pessimo
3278 4871 3463 4945 (Prov.

1894 4994 2021 5043 xxv,
2054 4976 2166 5047 30).
2202 4976 2336 5033 Cum
2370 4985 2579 5031 acetum
2614 4977 2666 5029 in
2693 4975 2836 5029 nitro
2865 4972 3131 5034 mittitur,
3163 4962 3468 5021 effervescit

1890 5070 2139 5138 protinus
2167 5078 2221 5123 et
2248 5068 2475 5123 ebullit:
2511 5069 2589 5123 sic
2636 5072 2955 5141 plerumque
2984 5070 3038 5117 et
3080 5059 3242 5115 corda
3278 5064 3470 5127 potens

1897 5159 2051 5222 timn,
2083 5160 2173 5229 qui
2205 5159 2270 5212 de
2300 5159 2539 5228 potentia
2572 5165 2799 5219 tument,
2825 5163 2879 5209 et
2904 5168 3009 5208 non
3039 5165 3097 5207 se
3127 5150 3194 5204 de
3220 5144 3468 5202 humaui-

1895 5259 2007 5304 tate
2037 5250 2342 5315 humiliant,
2372 5250 2532 5304 veluti
2555 5248 2826 5303 Abraham
2856 5244 3084 5300 Domino
3110 5240 3263 5305 dixit,
3292 5237 3471 5293 humi-

1898 5340 2036 5395 liaus
2057 5356 2113 5396 se
2135 5341 2201 5394 de
2227 5340 2552 5395 exaltatione
2575 5336 2946 5393 collocutionis
2974 5335 3089 5405 ejus
3123 5350 3136 5386 :
3170 5329 3382 5402 Loquar
3401 5325 3470 5390 ad

1898 5433 2183 5489 Dominum
2214 5450 2382 5488 meum
2423 5449 2539 5486 cum
2565 5433 2662 5485 sim
2690 5432 2818 5485 cinis
2847 5439 2893 5485 et
2931 5428 3101 5499 pulvis
3127 5425 3282 5497 (Gen.
3314 5439 3471 5492 xvm,

1898 5525 2011 5595 27).
2042 5525 2264 5591 Quando
2291 5524 2685 5592 correptionem
2711 5521 3027 5593 castigantis
3071 5518 3222 5575 missi
3258 5515 3473 5573 Domini

1901 5618 2155 5681 audiunt,
2188 5632 2253 5669 ex
2289 5624 2496 5669 tumore
2525 5615 2703 5669 cordis
2732 5614 2785 5668 in
2825 5615 2991 5668 verba
3031 5608 3474 5668 contradictionis

1901 5714 2185 5775 erumpunt
2224 5723 2235 5757 :
2274 5688 2408 5757 Dare
2436 5705 2635 5758 sanctis
2662 5704 2791 5759 locis
2818 5704 2903 5758 vel
2933 5702 3177 5758 ﬁdelibus
3209 5700 3340 5758 viris
3366 5714 3472 5756 non

1902 5806 2187 5853 vetuerunt
2209 5793 2373 5869 640
2395 5796 2648 5866 episcopi,
2678 5793 3258 5854 cantantesomnibus:
3294 5791 3476 5854 Vatiae
