3884 5410
564 408 670 480 703

1539 416 1871 489 HlivCMAHI
1906 414 2299 479 RHEMENSIS
2336 417 2852 478 ARCBIEPISCOPI
3651 428 3723 491 τοι

564 558 613 605 et
645 545 843 602 reddite
887 540 1109 598 Domino
1145 542 1253 598 Deo
1289 551 1455 597 vestro
1495 541 1666 614 (Psal.
1697 558 1860 609 Lxxv,
1886 541 2008 610 l2);
2039 549 2094 594 et
2122 556 2135 592 :
2164 538 2220 598 Δ
2244 542 2674 605 stamentariam,
2701 542 2769 597 de
2793 541 2897 606 his,
2929 541 3020 612 qui
3043 549 3408 600 testamentum
3425 551 3605 617 quodve
3621 555 3727 614 aliud

569 634 762 695 Omnia
785 639 868 708 [ac
904 653 1020 690 cum
1040 636 1281 701 consilio,
1311 645 1359 689 et
1378 646 1491 705 post
1516 636 1715 705 factum
1748 652 1851 691 non
1876 635 2140 706 pwnitebis

569 724 757 803 (Eecli.
794 742 964 787 χχχιι,
986 726 1077 791 24)
1098 741 1112 790 ;
1136 733 1188 780 et
1219 743 1232 778 :
1265 725 1386 779 Non
1419 726 1586 795 facias
1613 726 1751 796 quod
1780 727 2016 796 iniquum
2042 733 2139 789 est,

569 836 733 890 neque
766 818 958 884 injuste
982 816 1247 885 judicabis
1278 815 1422 884 (Lev.
1455 832 1581 883 XIX,
1617 817 1738 887 15);
1765 825 1820 872 et
1851 835 1863 870 :
1893 815 2143 886 Justeju-

567 911 684 964 άέειι
713 909 949 980 proximo
976 918 1064 961 tuo
1091 908 1286 978 (ibid.).
1313 907 1463 963 Sicut
1495 924 1598 963 non
1626 908 1737 961 vult
1766 908 2016 978 princeps
2040 907 2142 962 sibi

569 1001 679 1056 tolli
708 1018 737 1054 a
760 1000 984 1056 fortiore
1005 1015 1104 1056 suo
1123 1002 1265 1071 quod
1289 1000 1430 1057 Deus
1452 1001 1527 1057 illi
1548 1001 1836 1065 concessit,
1859 1001 1933 1056 ita
1957 1010 2013 1057 et
2032 1002 2145 1072 ipse

567 1107 674 1147 non
715 1093 832 1147 sine
863 1092 1138 1162 aequitatis
1178 1091 1382 1160 judicio
1421 1091 1631 1146 auferat
1677 1108 1708 1147 a
1748 1107 2017 1162 quoquam
2060 1091 2146 1147 vel

569 1182 710 1251 quod
737 1181 899 1244 dedit,
945 1181 1028 1235 vel
1053 1182 1200 1250 quod
1236 1197 1341 1237 non
1384 1182 1551 1249 dedit,
1581 1183 1705 1253 quia
1734 1183 1994 1253 scriptum
2019 1190 2142 1238 est:

572 1273 724 1339 Quod
747 1274 839 1327 tibi
867 1289 968 1326 non
998 1275 1073 1328 vis
1099 1274 1217 1342 ﬁeri
1235 1315 1250 1338 ,
1273 1273 1426 1328 alteri
1452 1292 1515 1329 ne
1550 1275 1718 1344 facias
1742 1274 1893 1346 (Tob.
1928 1291 2003 1340 tv,
2034 1274 2141 1345 16).

576 1364 683 1419 Sed
703 1364 879 1434 potius
890 1364 1053 1418 etiam
1075 1373 1236 1434 atque
1254 1366 1415 1419 etiam
1436 1366 1859 1436 praedicaverunt
1877 1366 2143 1436 episcopi:

574 1451 759 1508 Facite
790 1455 930 1508 vobis
956 1457 1150 1510 antiros
1178 1456 1243 1510 de
1267 1473 1563 1512 mammona
1585 1458 1875 1529 iniqmtatis
1896 1500 1912 1523 ,
1950 1469 2003 1514 ut
2030 1476 2145 1515 cum

570 1545 849 1614 defer-eritis
873 1586 887 1609 ,
920 1548 1167 1616 recipiant
1197 1565 1282 1602 vos
1310 1550 1364 1603 in
1402 1558 1598 1604 teterna
1626 1550 1961 1605 tabernacula
1995 1550 2145 1623 (Luc.

572 1651 683 1697 XVI,
709 1636 793 1705 9);
825 1646 880 1691 et
907 1655 919 1691 :
952 1637 1309 1709 Quodcunque
1345 1650 1507 1709 potest
1536 1659 1722 1695 manus
1742 1654 1865 1703 tua,
1894 1643 2151 1696 instanter

573 1743 807 1798 operare,
832 1729 956 1799 quia
982 1746 1074 1783 nec
1100 1730 1265 1797 locus,
1284 1749 1376 1787 nec
1399 1736 1534 1787 ratio
1555 1744 1629 1788 est
1649 1734 1787 1805 apud
1810 1735 2025 1805 inferos,
2047 1752 2148 1805 quo

573 1829 628 1873 tu
663 1836 914 1891 properas
951 1821 1152 1893 (Eccle.
1183 1839 1236 1878 ιχ
1258 1864 1274 1889 ,
1306 1823 1419 1891 10).
1453 1825 1519 1879 Ει
1541 1827 1681 1880 sicut
1715 1826 1817 1881 ista
1849 1842 1968 1896 quae
1999 1825 2149 1880 utilia

573 1919 628 1964 et
648 1912 870 1966 honesta
893 1923 1019 1968 sunt
1039 1900 1753 1988 prmdicaverunfepiscopi,
1777 1917 1848 1972 ita
1880 1916 2150 1971 nihilomi-
2176 1896 2224 1957 Β

572 2016 675 2055 nus
704 2003 1000 2072 praedicant
1024 2014 1083 2059 ut
1110 2014 1318 2076 turpem
1347 2017 1532 2063 notam
1564 2009 1711 2079 regio
1747 2009 1948 2065 nomini
1979 2025 2075 2064 rex
2117 2024 2147 2063 a

574 2109 634 2149 se
658 2093 873 2149 festinet
893 2096 1246 2164 abscondere,
1276 2109 1331 2154 et
1352 2110 1613 2169 quantum
1636 2110 1813 2171 potest
1833 2102 2069 2163 abluere,
2095 2110 2152 2156 et

574 2200 671 2256 per
697 2186 935 2258 singulos
958 2187 1096 2254 dies,
1119 2199 1176 2244 et
1199 2206 1297 2260 per
1317 2191 1554 2263 singulos
1584 2202 1760 2258 actus,
1792 2208 1999 2249 memor
2022 2209 2150 2247 sen-

576 2279 759 2335 tentiae
794 2280 1192 2337 Deuteronomii
1222 2284 1449 2339 dicentis
1480 2299 1494 2338 :
1528 2284 1759 2340 Habebis
1792 2286 1963 2341 locum
2001 2295 2151 2340 extra

577 2382 753 2424 castra
772 2411 788 2434 ,
830 2372 898 2425 ad
927 2389 1076 2440 quem
1106 2375 1392 2444 egrediaris
1422 2376 1491 2430 ad
1523 2377 1773 2447 requisita
1800 2388 2032 2443 naturas,
2060 2394 2152 2448 ge-

577 2474 693 2514 rens
727 2459 982 2528 paxillum
1021 2464 1077 2517 in
1114 2463 1282 2519 balteo
1311 2480 1328 2520 :
1356 2482 1574 2537 cumque
1599 2466 1825 2532 sederis,
1864 2467 2028 2536 fodies
2062 2483 2154 2537 per

576 2551 870 2619 circuitum,
910 2566 955 2608 et
991 2565 1163 2625 egesta
1197 2556 1354 2611 humo
1396 2559 1595 2627 operies
1637 2575 1739 2626 quo
1778 2558 2031 2613 revelatus
2074 2575 2148 2612 es.

579 2645 832 2702 Dominus
856 2648 992 2702 enim
1014 2648 1155 2703 Deus
1174 2646 1549 2706 tuus'ambulat
1571 2651 1623 2705 in
1645 2651 1814 2705 medio
1836 2661 2149 2716 castrorum,

576 2749 632 2793 ut
653 2751 801 2795 eruat
824 2752 901 2808 te,
930 2751 978 2796 et
1009 2743 1184 2798 tradat
1209 2744 1301 2797 tibi
1322 2744 1560 2799 inimicos
1589 2754 1706 2799 tuos
1728 2761 1749 2801 :
1776 2755 1831 2799 ut
1858 2745 1960 2799 sint
1978 2753 2153 2799 castra

577 2842 668 2886 tua
697 2844 897 2899 sancta,
928 2844 975 2889 et
1002 2834 1130 2890 nillil
1156 2838 1211 2890 in
1232 2839 1305 2891 eis
1342 2848 1591 2909 appareat
1619 2838 1891 2908 fmditatis,
1922 2855 1984 2893 ne
2005 2837 2154 2893 dere-

578 2921 778 2991 linquat
804 2933 852 2978 te
879 2925 1057 2991 (Deut.
1088 2943 1241 2992 χχιιι,
1270 2929 1474 3002 12-14).
1500 2928 1718 2986 Natura:
1746 2929 1942 3001 quippe
1970 2947 2156 2986 corru-

581 3014 786 3083 ptibilis
824 3018 1061 3087 pondere
1098 3023 1445 3091 praegravati,
1473 3039 1502 3077 a
1535 3024 1731 3079 mentis
1769 3031 1967 3079 nostrae
2000 3033 2155 3078 utero

578 3106 824 3174 quaedam
846 3111 1230 3179 cogitationum
1248 3113 1536 3184 superflua,
1560 3115 1694 3169 etab
1714 3115 1943 3170 actionis
1957 3124 2157 3171 nostra;

2244 629 2656 685 instrumentum
2667 631 2864 711 falsum
2880 632 3077 697 sciens,
3093 632 3213 689 dolo
3229 635 3364 691 man
3375 639 3636 710 scripserit,
3645 661 3731 716 sup-

2242 723 2534 793 presserit,
2561 722 2721 795 651
2748 725 3079 789 admoverit,
3118 726 3480 797 designaverit,
3514 732 3728 799 deleverit,

2244 813 2608 869 honestiorem
2637 816 2857 885 quidem
2886 816 2939 870 in
2970 816 3200 871 insulam
3231 817 3516 889 deportari,
3545 824 3733 879 humilio-

2245 920 2359 959 rem
2399 915 2579 960 autem
2621 905 2677 960 in
2718 906 3001 962 metallum
3030 908 3309 975 damnari,
3357 921 3445 965 aut
3487 912 3535 967 in
3572 929 3732 973 crucem

2244 997 2450 1063 levari,
2502 1013 2717 1053 servum
2748 1013 2879 1055 vero
2917 999 3096 1070 capite
3124 1001 3325 1070 puniri.
3382 1002 3477 1069 Et,
3515 1014 3565 1059 ut
3597 1007 3734 1063 beatus

2245 1088 2577 1160 Augustinus
2596 1100 2991 1145 commemorat
3011 1089 3064 1145 in
3076 1088 3298 1146 Joannis
3311 1093 3735 1164 evangelistaeCom-

2248 1190 2435 1235 mento
2456 1182 2630 1253 (tract.
2655 1181 2712 1252 7)
2743 1199 2756 1236 :
2798 1202 2817 1232 ‹
2846 1180 2993 1237 Jnris
3021 1181 3251 1238 forensis
3279 1192 3383 1245 est,
3408 1195 3463 1239 ut
3487 1186 3565 1255 qui
3591 1187 3632 1242 in
3653 1204 3736 1258 pre

2248 1272 2400 1326 cibus
2430 1272 2685 1327 mentitus
2714 1271 2876 1328 fuerit
2909 1273 3173 1345 principi,
3220 1290 3328 1330 non
3371 1275 3441 1330 illi
3479 1278 3623 1347 prosit
3644 1281 3735 1335 scri-

2247 1372 2396 1435 ptum
2448 1365 2587 1433 quod
2644 1364 3049 1433 impetraverit,
3106 1364 3213 1420 imo
3259 1365 3418 1420 etiam
3468 1378 3623 1423 careat
3659 1371 3736 1440 ipso

2248 1455 2512 1511 benelicio
2561 1456 2788 1526 scripti,
2837 1470 2945 1526 quo
2992 1456 3253 1526 scriptum
3299 1458 3645 1527 perduxerit.»
3689 1460 3737 1515 De

2250 1551 2674 1607 confirmationis
2704 1560 2885 1607 autem
2923 1566 3034 1607 sua:
3061 1552 3335 1621 scriptura
3373 1552 3503 1607 nihil
3528 1554 3735 1620 dixerunt,

2250 1647 2374 1716 quia
2404 1645 2547 1716 quod
2578 1644 2963 1711 firmaverunt,
2999 1644 3300 1716 infringere
3328 1644 3476 1701 nefas
3503 1646 3737 1702 duxerunt:

2251 1738 2392 1793 sicut
2440 1738 2494 1793 in
2540 1737 2679 1793 libro
2725 1737 2921 1793 Esther
2962 1736 3160 1807 legitur
3186 1745 3444 1805 quantam
3472 1736 3737 1793 valitudinem

2254 1831 2437 1886 annuli
2490 1831 2632 1902 regis
2682 1831 2880 1887 habeat
2931 1831 3164 1900 signatio
3193 1828 3511 1901 (Esth.nt),
3556 1840 3739 1900 quantam

2250 1922 2516 1978 cautelam
2550 1923 2686 1993 signi
2718 1922 2863 1977 illius
2890 1921 3160 1986 vacuatio,
3207 1930 3416 1991 quanto
3453 1921 3604 1992 magis
3634 1922 3742 1993 regis

2251 2028 2444 2068 manus
2474 2012 2819 2084 subscriptio.
2873 2013 2942 2068 Et
2973 2026 3074 2068 nec
3109 2011 3479 2082 perfunctorie
3503 2012 3739 2068 ducerede-

2251 2086 2343 2161 bet
2373 2106 2517 2175 regia
2552 2105 2787 2176 dignitas
2814 2105 2956 2175 quod
2986 2104 3040 2158 in
3070 2104 3183 2160 suis
3208 2104 3494 2176 praeceptis
3526 2104 3741 2160 scribitur:

2253 2195 2319 2251 Et
2346 2204 2405 2251 ut
2436 2197 2572 2261 hoc,
2618 2197 2827 2265 inquit,
2880 2204 3082 2251 nostra:
3130 2196 3475 2252 auctoritatis
3500 2204 3742 2267 praeceptum

2252 2287 2545 2358 pleniorem
2570 2287 2623 2342 in
2645 2288 2739 2342 Dei
2762 2288 2979 2342 nomine
2998 2288 3242 2344 obtineat
3263 2286 3534 2344 firmitatis
3550 2287 3742 2357 vigorem;

2250 2388 2344 2436 et:
2378 2382 2511 2436 Data
2547 2379 2655 2443 illo,
2689 2379 2774 2436 vel
2815 2378 2907 2435 illo
2937 2395 3081 2435 almo
3111 2381 3166 2436 in
3193 2379 3292 2434 Dei
3322 2381 3533 2435 nomine
3554 2378 3742 2439 feliciter;
3775 2408 3779 2415 ⁴

2253 2486 2321 2524 ne
2351 2470 2493 2540 quod
2541 2470 2594 2525 in
2641 2471 2735 2528 Dei
2777 2470 2995 2526 nomine
3039 2469 3271 2553 feliciter
3306 2470 3643 2534 confirmatur,
3670 2468 3745 2523 sine

2255 2560 2371 2627 Dei,
2396 2559 2449 2614 id
2471 2569 2572 2626 est,
2595 2560 2711 2616 sine
2731 2561 2978 2617 veritatis
2994 2559 3200 2629 judicio
3223 2559 3512 2616 infeliciter
3528 2558 3744 2619 eﬁ‘mtetur;

2254 2651 2379 2721 quia
2418 2653 2677 2722 scriptum
2713 2660 2834 2706 est:
2872 2651 2998 2706 Non
3034 2650 3241 2722 polluas
3278 2667 3471 2706 nomen
3497 2645 3746 2704 DominiDn'

2255 2741 2332 2795 tui
2361 2739 2505 2812 (Lev.
2532 2757 2685 2806 xvtu,
2712 2741 2837 2815 21);
2870 2750 2962 2797 et:
2999 2738 3123 2796 Non
3148 2742 3384 2811 accipias
3412 2757 3581 2795 nomen
3605 2735 3745 2793 Domini

2255 2831 2354 2887 Dei
2401 2833 2476 2887 tui
2525 2834 2581 2887 in
2626 2850 2813 2888 vanum
2843 2831 3041 2905 (Exod.
3065 2847 3199 2898 xxx,
3227 2832 3313 2904 7).
3374 2831 3568 2903 Legant
3603 2841 3746 2899 quoque

2255 2921 2514 2990 Paulum,
2555 2933 2612 2979 et
2635 2924 2972 2995 expositores
2999 2923 3172 2995 ipsius
3198 2923 3484 2995 Apostoli,
3526 2937 3656 2994 quam
3686 2931 3747 2989 pro

2261 3032 2453 3089 magno
2490 3018 2561 3073 sit
2595 3018 2796 3074 dictum
2829 3019 2973 3090 quod
3008 3018 3227 3090 scripsit
3266 3017 3419 3087 idem
3457 3015 3747 3082 divinusApo-

2260 3106 2428 3162 stolus
2476 3108 2529 3162 in
2574 3109 2688 3164 suis
2731 3109 3025 3180 Epistolis:
3060 3107 3242 3165 Videte
3272 3108 3456 3182 quales
3483 3108 3649 3164 litteras
3674 3119 3747 3158 mea

579 3212 743 3267 opere
778 3200 1038 3270 regimine
1078 3202 1294 3273 indigna
1318 3244 1333 3268 ,
1390 3203 1543 3274 quasi
1593 3205 1793 3259 ventris
1838 3206 2152 3276 gravamina
2182 3243 2227 3302 Ο
2258 3200 2443 3273 scripsi
2473 3219 2631 3257 manu
2663 3201 2804 3272 (Gal.
2834 3219 2911 3268 v1,
2939 3202 3053 3273 11).
3108 3203 3176 3258 Et
3213 3203 3390 3258 item:
3432 3200 3746 3302 Salutatioutl

580 3301 896 3362 erumpunt,
929 3303 984 3349 et
1009 3305 1228 3363 portare
1260 3294 1359 3351 sub
1386 3295 1567 3351 balteo
1593 3296 1847 3366 paxillum
1870 3297 2151 3365 debemus,

581 3385 673 3456 qui
700 3396 938 3444 rectores
966 3389 1018 3443 in
1048 3389 1246 3461 populo
1268 3406 1473 3455 sumus,
1513 3399 1574 3446 ut
1598 3392 1847 3448 videlicet
1873 3393 1940 3448 ad
1967 3385 2152 3463 replie-

582 3478 879 3536 bendentes
943 3484 1307 3554 nosmetipsos
1363 3501 1579 3557 semper
1624 3486 1886 3552 accincti,
1936 3496 2155 3544 acutum

582 3568 727 3624 circa
769 3586 868 3627 nos
912 3573 1185 3629 stimulum
1228 3577 1660 3645 compunctionis
1702 3578 2018 3644 habeamus,
2063 3580 2154 3648 qui

592 3661 928 3719 incessanter
956 3674 1153 3721 terram
1177 3669 1372 3725 mentis
1396 3678 1595 3725 nostrtn
1620 3670 1800 3726 dolore
1825 3672 2155 3741 poenitentiae

589 3750 880 3819 confodiat,
907 3764 962 3810 et
986 3758 1085 3812 hoc
1105 3760 1289 3828 quoda
1314 3761 1467 3815 nobis
1496 3760 1739 3817 fmtidum
1769 3763 1996 3834 erumpit
2029 3766 2154 3820 abs-

587 3844 801 3899 condat.
835 3847 1052 3903 Ventris
1096 3852 1290 3922 quippe
1331 3854 1534 3923 egestio
1567 3852 1708 3910 fossa
1740 3854 1902 3910 humo
1931 3870 2028 3926 per
2066 3872 2157 3927 pa-

585 3937 769 3992 xillum
800 3939 1025 4009 tegitur.
1063 3956 1184 3995 cum
1221 3943 1417 3996 mentis
1451 3955 1651 3998 nostrae
1676 3943 2049 4013 superﬂuitas,
2073 3943 2154 3997 vel

584 4028 913 4099 operationis
958 4041 1153 4087 uostnc
1195 4033 1631 4102 reprehensihilis
1683 4033 1931 4099 foeditas,
1974 4034 2157 4091 subtili

588 4121 962 4192 redarguliope
986 4123 1244 4187 discussa,
1285 4134 1340 4178 et
1374 4125 1597 4179 honesta
1628 4126 1938 4196 operatione
1967 4141 2154 4182 corre-

585 4219 694 4275 cta,
725 4220 849 4266 ante
898 4213 986 4267 Dei
1017 4214 1203 4269 oculos
1233 4229 1333 4284 per
1362 4216 1794 4285 compunctionis
1821 4232 1931 4271 sum
1968 4217 2158 4272 stimu-

584 4300 694 4355 lum
724 4311 779 4356 et
813 4304 1169 4359 correctionis
1207 4306 1406 4360 bonum
1438 4306 1667 4363 celatur.
1709 4306 2153 4377 Perpendendum

583 4398 667 4444 est
689 4391 869 4453 etiam,
898 4393 1023 4462 quia
1054 4394 1261 4464 antiqui
1300 4409 1454 4465 reges
1480 4405 1535 4451 et
1566 4396 1920 4465 imperatores
1951 4397 2063 4452 suis
2084 4396 2156 4452 le-

491 4469 499 4482 ’
584 4481 738 4555 gibus
764 4492 1090 4547 statuerunt,
1128 4493 1185 4539 ut
1222 4484 1408 4540 charta
1439 4488 1867 4544 confirmationis
1894 4490 2152 4561 quinque,

583 4572 667 4626 vel
694 4584 920 4641 septem,
951 4584 1045 4629 aut
1069 4575 1275 4642 decem,
1322 4586 1380 4631 ut
1418 4579 1609 4633 scribit
1633 4580 1968 4642 Ambrosius,
2005 4582 2155 4637 testi-
2181 4606 2233 4669 υ

584 4660 685 4717 bus
712 4665 961 4719 roborata
986 4676 1279 4721 constaret.
1314 4666 1417 4723 Sed
1447 4678 1501 4723 et
1523 4670 1646 4739 jure
1675 4669 1816 4725 civili
1844 4670 1895 4726 in
1917 4672 2157 4728 conscri-

560 4753 767 4827 'ptione
805 4756 1114 4811 chartarum
1154 4758 1523 4813 coaditionalis
1555 4759 1868 4815 constitutio
1915 4761 2152 4831 ponitur,

584 4859 692 4914 quo
719 4846 1020 4916 dispendio,
1050 4849 1140 4918 qui
1172 4850 1415 4905 eamdem
1442 4849 1688 4905 chartam
1717 4849 2012 4922 infringere
2038 4861 2156 4907 ten-

584 4940 803 5003 taverit,
847 4941 977 4996 fisco
1027 4940 1303 5005 multetur,
1362 4949 1417 4996 et
1466 4950 1750 4997 accusator
1793 4944 2155 5000 accusationis

583 5028 864 5096 scriptura:
906 5031 1253 5087 subscribens
1273 5072 1287 5095 ,
1314 5047 1373 5086 se
1400 5048 1429 5085 a
1459 5033 1765 5089 conditione
1796 5043 2007 5090 mutare
2047 5052 2153 5090 non

584 5118 802 5186 poterit.
838 5118 911 5174 De
954 5135 1050 5174 sua
1080 5130 1260 5175 autem
1289 5121 1699 5178 confirmatione
1743 5123 1878 5178 nihil
1922 5124 2156 5194 scripse-

585 5217 736 5274 runt,
764 5211 889 5280 quia
936 5213 1194 5283 principis
1233 5227 1444 5277 manus,
1478 5213 1618 5268 sicut
1648 5214 1714 5269 de
1753 5214 1920 5270 David
1966 5215 2019 5270 in
2053 5214 2156 5270 Re-

587 5314 710 5352 cum
740 5300 878 5346 lihrn
903 5302 1104 5354 dictum
1131 5304 1378 5356 Movimus“
1406 5319 1505 5356 ιηιο
1540 5304 1724 5352 dapem
1754 5306 1987 5360 millibus
2008 5322 2156 5358 cum-

2208 3280 2227 3303 ⁸
2259 3308 2418 3347 manu
2452 3290 2610 3347 Pauli
2638 3292 2691 3365 (Ι
2717 3293 2839 3348 Cor.
2866 3309 2982 3361 xvt,
3005 3293 3120 3365 2!).
3180 3293 3340 3351 Unde
3371 3310 3539 3366 reges,
3570 3290 3643 3362 qui
3665 3286 3748 3344 sub-

2257 3384 2553 3455 scriptione
2581 3402 2773 3442 manus
2802 3402 2912 3442 sua:
2941 3402 2973 3441 a
3003 3401 3061 3442 se
3090 3387 3211 3443 data
3230 3428 3246 3453 ,
3288 3388 3373 3443 vel
3408 3385 3649 3459 privilegia
3668 3395 3748 3437 san-

2257 3486 2468 3537 ctorum
2495 3494 2616 3536 cum
2653 3480 3105 3537 anathematismo
3138 3482 3399 3537 manibus
3431 3481 3646 3535 roborata
3666 3489 3749 3529 eon-

2259 3568 2496 3635 ﬁrmant,
2525 3577 2580 3625 et
2604 3569 2692 3625 illa
2718 3577 2906 3642 postea
2934 3585 3259 3627 conservare
3283 3571 3663 3642 parvipenduut,
3677 3564 3749 3620 sive

2258 3657 2581 3727 detractant,
2606 3661 2761 3731 quasi
2789 3661 3147 3718 anathematis
3169 3662 3390 3719 vinculo
3416 3678 3518 3717 non
3546 3665 3749 3715 teneantur

2258 3750 2535 3817 obstricti,
2572 3754 2898 3809 sententiam
2929 3754 3070 3809 beati
3100 3751 3351 3826 Gregorii
3396 3769 3461 3810 ex
3500 3748 3682 3825 epistola
3708 3743 3751 3799 ad

2261 3840 2628 3898 Theoctistam
2674 3844 2954 3913 patriciam
3000 3844 3223 3900 audiant
3243 3844 3358 3917 (lib.
3389 3860 3492 3907 xu,
3519 3836 3749 3912 epist-59):

2264 3951 2284 3985 ‹
2312 3933 2437 4004 Ipsi,
2470 3934 2740 4004 inquiens,
2769 3934 2871 3991 sibi
2905 3943 3071 3992 testes
3101 3946 3228 3993 sunt
3253 3937 3382 4006 quia
3406 3931 3662 3992 Christiani
3684 3941 3751 3981 non

2260 4036 2414 4092 sunt,
2447 4027 2536 4096 qui
2569 4027 2857 4097 ligamenta
2900 4037 3101 4084 sancta:
3133 4027 3392 4085 Ecclesiae
3420 4027 3565 4083 vanis
3590 4040 3637 4080 se
3657 4018 3752 4076 aesti-

2260 4124 2410 4170 mant
2429 4116 2710 4173 conatibus
2730 4116 2960 4184 solvere,
2985 4133 3048 4174 ac
3073 4133 3170 4189 per
3195 4118 3298 4174 hoc
3319 4132 3422 4173 nec
3443 4112 3751 4171 absolutionem

2259 4214 2460 4262 sanctae
2505 4205 2794 4273 Ecclesiae,
2837 4222 3002 4278 quam
3048 4217 3271 4278 praestat
3315 4206 3588 4270 fidelibus,
3625 4210 3752 4255 veram

2258 4304 2483 4367 putant,
2530 4299 2573 4353 si
2616 4298 2875 4369 ligaturas
2913 4300 3029 4371 ejus
3056 4314 3212 4357 veras
3250 4315 3375 4357 esse
3418 4316 3482 4355 ac
3506 4297 3656 4353 valere
3683 4305 3751 4345 non

2259 4387 2548 4452 aestimant,
2581 4396 2635 4443 et
2662 4390 2804 4445 unde
2830 4405 2891 4446 se
2919 4388 3104 4446 fallere
3126 4392 3412 4447 veritatem
3437 4391 3654 4449 credunt.
3672 4380 3752 4438 inde

2259 4477 2314 4531 in
2356 4478 2593 4547 peccatis
2636 4479 2746 4534 suis
2783 4480 3051 4536 veraciter
3091 4480 3344 4553 ligantur.
3380 4500 3401 4533 ι
3461 4480 3515 4536 Si
3558 4478 3634 4550 qui
3670 4478 3752 4529 sant

2260 4569 2442 4641 igitur,
2465 4571 2557 4641 qui
2586 4572 2686 4627 sub
2712 4573 2929 4628 nomine
2949 4571 3255 4629 Christiano
3279 4572 3398 4629 haec
3420 4582 3510 4628 aut
3532 4569 3752 4643 praedicare

2260 4662 2500 4728 audent,
2544 4669 2638 4717 aut
2686 4661 2834 4718 taciti
2871 4663 3012 4732 apud
3047 4664 3369 4734 semetipsos
3399 4672 3598 4726 tenere,
3631 4660 3753 4713 εοεα

2258 4766 2393 4822 ego,
2439 4760 2496 4807 et
2534 4766 2725 4809 omnes
2765 4753 3013 4809 catholici
3056 4755 3324 4826 episcopi,
3373 4763 3533 4825 atque
3568 4748 3753 4805 universa

2258 4843 2500 4899 Ecclesia
2527 4845 3072 4901 anathematizamus.
3126 4845 3251 4902 Haec
3276 4846 3521 4909 dicimus,
3548 4852 3599 4899 ut
3620 4852 3753 4897 seum-

2260 4938 2384 4991 dum
2418 4937 2682 4993 rationem
2731 4948 2787 4992 et
2825 4937 2959 5009 legis
2988 4938 3232 4993 ordinem
3263 4951 3456 4993 cuncta
3487 4942 3627 5007 agant
3649 4922 3750 4996 ηςυί

2259 5026 2550 5096 principes,
2578 5036 2634 5084 et
2659 5027 2912 5083 Ecclesiae
2939 5038 3141 5085 sancta:
3170 5036 3422 5089 rectores,
3472 5026 3560 5080 sed
3598 5030 3643 5077 et
3667 5027 3752 5073 cum

2261 5120 2530 5189 aequitatis
2573 5118 2780 5188 judicio
2828 5135 2992 5192 supra
3041 5122 3239 5192 scripta
3286 5136 3448 5176 causa
3501 5115 3748 5174 dil'finiatur.

2262 5208 2517 5267 Ordinem
2548 5220 2727 5268 autem
2758 5214 3115 5268 constituendi
3138 5213 3416 5284 judicium.
3445 5211 3488 5266 si
3520 5206 3753 5264 Eucherius

2260 5318 2359 5354 pro
2378 5304 2482 5354 hac.
2503 5319 2664 5352 causa
2692 5306 2754 5352 ad
2780 5305 3105 5354 ιιιηὶίοηιῑειινι
3164 5312 3213 5330 α·
3256 5305 3295 5322 ι»
3498 5301 3512 5310 ·
3553 5298 3562 5302 ο
