4026 6340
191 356 301 413 705

1123 356 1210 412 DE
1247 354 1571 412 DIVORTIO
1610 352 1935 411 LOTHABII
1973 353 2060 408 ET
2097 353 2511 413 TETBERGIE.

3333 363 3440 421 706

189 466 542 523 damnatione
573 468 678 532 sit,
725 476 777 524 et
811 477 869 524 ut
897 484 962 526 eo
988 480 1253 542 praesente
1288 471 1386 524 sub
1412 469 1769 539 jurejurando
1800 471 1842 527 Α
1875 473 2049 518 luctus
2095 466 2356 535 ingruerit
2380 509 2394 530 ,
2443 467 2641 522 viatico
2683 482 2905 523 munere
2952 469 3302 538 judicabitur,
3352 490 3442 529 se-

187 570 384 614 coutra
431 575 553 614 eum
608 563 974 617 testimonium
1023 563 1353 634 proferatur,
1407 579 1498 618 seu
1551 562 1770 632 scriptis

185 660 409 705 actuum
441 652 748 708 inseratur:
779 665 834 707 et
863 664 920 708 ut
945 655 1059 724 ipse
1102 655 1376 710 licentiam
1411 655 1768 725 respondendi

184 752 243 796 et
270 742 596 798 defendendi
630 760 688 799 se
716 745 932 800 habeat.
984 747 1089 801 Sed
1127 756 1183 801 et
1218 748 1284 802 de
1322 748 1568 816 personis
1605 762 1767 801 accu—

184 831 428 885 santium
458 847 523 887 ac
551 833 953 889 testiﬁcantium
979 835 1247 890 subtiliter
1268 836 1372 890 erit
1393 836 1765 905 quaerendum,

181 922 351 994 642
387 922 542 991 cujus
571 926 919 991 conditionis,
961 926 1180 993 cuiusve
1217 928 1520 999 opinionis,
1566 937 1660 981 aut
1702 943 1768 981 ne

185 1014 380 1083 inopes
417 1015 557 1080 sint,
606 1031 671 1071 ac
711 1034 780 1072 ne
811 1017 952 1073 forte
982 1019 1191 1089 aliquas
1222 1028 1407 1074 contra
1437 1034 1556 1073 eum
1591 1019 1768 1073 inimi-

183 1107 348 1161 citias
394 1107 672 1164 habeant:
724 1117 780 1164 et
829 1120 1007 1166 utrum
1059 1113 1424 1168 testimonium
1469 1129 1536 1167 ex
1583 1113 1766 1167 auditu

181 1196 465 1262 dixerint,
522 1208 614 1254 aut
660 1209 812 1256 certe
859 1203 1166 1271 specialiter
1210 1219 1269 1258 se
1313 1205 1452 1258 scire
1494 1203 1764 1259 testiﬁcati

182 1283 422 1352 fuerint;
462 1298 605 1345 etut
633 1293 1168 1362 scriptisjudicatum
1199 1294 1295 1355 sit,
1330 1303 1384 1349 et
1411 1296 1489 1350 sic
1524 1296 1766 1364 partibus

183 1380 548 1446 przesentibus
587 1384 856 1437 sententia
900 1385 1184 1451 recitetur,
1225 1392 1280 1440 et
1319 1384 1390 1439 ita
1433 1386 1548 1440 htcc
1585 1385 1764 1441 omnia

183 1468 506 1525 solemniter
534 1472 880 1528 roborentur.
920 1492 939 1525 ι

255 1560 531 1641 Caeterum
553 1563 596 1617 si
625 1563 823 1619 femina
853 1575 979 1622 ante
1005 1566 1197 1622 initum
1223 1567 1528 1641 conjugium
1556 1568 1622 1623 de
1647 1583 1765 1624 sce-

181 1650 293 1707 lere
323 1631 448 1707 ct'tm
481 1652 648 1710 fratre
675 1671 775 1709 suo
807 1656 1088 1726 culpabilis
1119 1657 1413 1722 invenitur,
1453 1661 1761 1728 ponendum

183 1743 437 1797 ditximus
485 1743 657 1798 instar
697 1744 887 1813 judicii
928 1747 993 1802 de
1037 1747 1262 1816 epistola
1306 1746 1548 1817 ejusdem
1588 1749 1761 1805 sancti

1873 565 2090 623 gregata
2135 573 2238 609 nnn
2287 557 2456 610 solum
2503 574 2530 610 a
2575 568 2692 612 toro
2734 560 2899 626 regio,
2945 575 3131 614 verum
3174 563 3333 616 etiam
3373 566 3444 619 ab

1871 646 2016 698 omni
2065 645 2329 716 conjugali
2372 648 2663 711 consortio,
2711 650 3004 703 secundum
3044 652 3258 705 decreta
3300 654 3444 708 beati

1868 735 2114 806 Gregorii
2160 751 2310 806 papae
2351 739 2416 790 ad
2460 738 2692 792 Felicem
2727 739 3062 795 Siciliensem
3095 743 3443 812 episcopum,

1869 826 2066 894 quibus
2089 826 2343 896 dicit(lib.
2362 842 2454 887 xu,
2475 829 2626 896 epist.
2645 826 2734 898 52)
2756 827 3153 898 :tProgeniem,
3170 831 3444 898 inquiens,

1869 933 2020 970 suam
2082 932 2520 987 unumquemque
2561 919 2626 972 de
2662 918 2782 980 bis,
2829 920 2920 989 qui
2965 921 3194 976 fideliter
3228 923 3438 988 edocti,

1865 1007 2026 1080 643
2065 1017 2118 1062 et
2151 1008 2265 1076 jam
2304 1009 2454 1064 firma
2487 1011 2666 1066 radice
2690 1011 2914 1080 plantati
2947 1022 3092 1068 stant
3123 1014 3439 1074 inconvulsi,

1868 1113 2037 1166 usque
2061 1097 2129 1150 ad
2159 1097 2442 1168 septimam
2469 1099 2758 1154 observare
2781 1101 3124 1156 decernimus
3143 1106 3443 1173 generatio-

1866 1202 2011 1251 nem,
2039 1196 2090 1242 et
2114 1189 2355 1257 quandiu
2379 1205 2437 1244 se
2457 1199 2789 1260 cognoscunt
2810 1190 3068 1246 afﬁnitate
3093 1197 3441 1266 propinquos,

1866 1275 1933 1329 ad
1965 1275 2268 1344 huiusmodi
2298 1278 2502 1348 copula:
2529 1295 2635 1334 non
2668 1283 2928 1336 accedere
2956 1284 3289 1338 societatem.
3331 1286 3442 1342 Nec

1865 1384 2006 1433 eam,
2035 1385 2196 1439 quam
2230 1371 2426 1441 aliquis
2461 1387 2527 1426 ex
2565 1375 2783 1442 propria
2812 1375 3281 1446 consanguinitate
3311 1392 3441 1432 con-

1857 1457 2040 1528 jugem
2069 1459 2274 1525 habuit,
2305 1462 2391 1516 vel
2419 1463 2597 1533 aliqua
2626 1463 2807 1518 illicita
2833 1467 3176 1534 copulatione
3205 1469 3441 1524 macula-

1863 1552 1971 1616 vit;
1994 1551 2046 1606 in
2073 1553 2383 1623 conjugium
2411 1555 2608 1610 ducere
2629 1555 2721 1610 ulli
2751 1556 2989 1626 profecto
3009 1558 3440 1616 Christianorum

1862 1641 1990 1698 licet
2014 1643 2098 1698 vel
2130 1644 2332 1710 licebit,
2364 1647 2490 1716 quia
2521 1647 2859 1704 incestuosus
2885 1657 2968 1705 est
2990 1651 3117 1707 talis
3141 1653 3349 1719 coitus,
3389 1663 3445 1708 et

1863 1732 2243 1790 abominabilis
2273 1736 2382 1791 Deo
2417 1745 2472 1793 et
2501 1740 2711 1794 cunctis
2741 1739 3069 1797 hominibus.
3103 1744 3443 1801 lncestuosos

181 1831 425 1904 Gregorii
457 1833 522 1888 ad
547 1835 807 1892 Joannem
839 1838 1149 1907 episcopum
1179 1838 1650 1905 Panormitanum,
1694 1842 1753 1898 de

1863 1836 1993 1876 vero
2036 1823 2181 1878 nullo
2221 1825 2456 1897 conjugii
2509 1829 2726 1884 nomine
2768 1831 3100 1900 deputandos
3153 1851 3183 1888 a
3240 1838 3442 1912 sanctis

180 1926 414 1996 quadam
445 1925 667 1993 femina,
694 1944 856 1998 quam
887 1929 1083 1998 aliquis
1114 1931 1298 1995 homo,
1329 1939 1618 2002 antequam
1647 1932 1758 1989 dia-

179 2031 349 2071 conus
376 2018 738 2086 ordinaretur,
772 2021 1008 2091 reliquit,
1043 2031 1098 2078 et
1122 2033 1244 2093 post
1269 2033 1528 2080 mutatam
1554 2034 1757 2083 vestem

177 2108 392 2163 cuidam
415 2110 612 2164 marito
636 2111 937 2167 tradiderit.
966 2113 1056 2168 Ait
1077 2115 1221 2169 enim
1241 2115 1354 2186 (lib.
1374 2133 1449 2181 xi,
1467 2118 1614 2187 epist.
1631 2118 1754 2188 60):

183 2220 202 2252 ι
230 2200 367 2267 Quia
396 2211 525 2257 sunt
551 2202 743 2274 culpae,
778 2205 832 2259 in
859 2206 1058 2275 quibus
1083 2207 1241 2278 culpa
1271 2216 1352 2264 est
1381 2209 1624 2264 relaxare
1651 2211 1760 2266 vin-

175 2292 408 2356 dictam,
455 2294 740 2361 quaerenda
791 2309 1008 2364 semper
1055 2305 1139 2351 est
1183 2299 1407 2364 veritas,
1455 2308 1516 2353 ut
1560 2299 1757 2370 inquiri

175 2382 408 2447 debeat,
457 2392 638 2438 utrum
676 2395 989 2440 accusatum
1020 2402 1160 2442 noxa
1197 2389 1558 2453 condemnet,
1609 2405 1676 2444 an
1723 2405 1756 2444 a

174 2487 332 2544 ptena
361 2473 669 2528 innocentia
697 2475 963 2545 patefacta
987 2478 1270 2532 subducat.
1303 2478 1486 2549 Itaque
1512 2480 1757 2547 pervenit

173 2565 235 2618 ad
267 2579 370 2619 nos
398 2565 685 2620 Fantinum
717 2566 1055 2623 defensorem
1099 2568 1360 2626 ultionem
1400 2585 1656 2627 exercere
1698 2571 1752 2627 in

170 2651 394 2709 Petrum
427 2657 653 2712 latorem
685 2660 1035 2728 prtesentium
1067 2661 1321 2727 voluisse,
1356 2676 1456 2730 pro
1485 2677 1551 2718 eo
1576 2663 1750 2733 quod,

171 2755 436 2816 quantum
467 2748 684 2810 dicitur,
734 2750 977 2804 relictam
1010 2751 1288 2820 cujusdam
1321 2752 1563 2817 diaconi,
1613 2762 1751 2808 tem-

167 2849 301 2906 pore
352 2851 459 2906 quo
509 2839 806 2894 conductor
855 2839 992 2904 fuit,
1046 2841 1242 2896 marito
1289 2844 1592 2899 tradiderit.
1643 2843 1752 2902 Sed

165 2925 428 2996 quoniam
471 2927 573 2982 iste
612 2928 892 3000 conjugem
921 2932 1155 2986 ’diaconi
1197 2935 1394 2988 asserit
1421 2950 1528 2990 non
1559 2933 1746 3003 fuisse,

165 3017 360 3073 dicens
386 3032 486 3072 nec
515 3019 777 3089 virginem
811 3021 954 3076 illam
987 3023 1054 3076 ad
1083 3037 1206 3077 eum
1236 3024 1484 3092 venisse;
1518 3025 1749 3098 denique

164 3124 266 3165 nec
312 3109 622 3180 religiosam
668 3121 907 3168 mutasse
947 3123 1184 3179 vestem,
1230 3125 1518 3186 postquam
1565 3117 1652 3174 ille
1693 3119 1747 3174 in

165 3200 359 3256 ordine
391 3215 550 3257 sacro
578 3213 860 3272 promotus
888 3213 1002 3270 est,
1050 3204 1311 3274 adjiciens
1342 3209 1535 3275 etiam,
1572 3209 1748 3280 prius-

165 3305 330 3359 quam
367 3289 434 3345 ad
474 3292 818 3348 diaconatum
849 3296 1196 3365 perveniret,
1236 3307 1290 3353 et
1322 3310 1542 3368 postea,
1581 3317 1748 3369 prava

165 3382 315 3437 illam
345 3384 599 3454 opinione
629 3387 848 3442 vixisse.
906 3389 1136 3459 Ideoque
1169 3389 1570 3447 fraternitatem
1603 3402 1748 3448 tuam

166 3474 253 3530 his
285 3477 573 3532 hortamur
603 3477 880 3543 affatibus,
930 3489 988 3534 ut
1031 3497 1154 3536 cum
1203 3482 1331 3544 Dei,
1377 3484 1519 3537 sicut
1563 3485 1744 3549 decet,

166 3566 365 3620 timore
395 3583 612 3622 causam
653 3570 794 3625 hanc
837 3570 1019 3625 snbtili
1062 3573 1284 3626 omnino
1329 3573 1748 3645 investigatione

164 3658 479 3728 perquirat,
527 3669 581 3714 et
623 3661 668 3716 si
716 3661 769 3715 in
799 3661 1047 3732 conjugio
1074 3664 1285 3719 diaconi
1318 3665 1633 3731 mulierem,
1682 3667 1749 3722 de

165 3761 270 3816 qua
317 3749 528 3816 agitur,
599 3749 766 3807 fuisse
835 3754 1180 3817 constiterit,
1244 3764 1300 3809 et
1350 3758 1750 3828 suprascriptus

165 3836 307 3893 lator
351 3852 648 3896 memorato
686 3842 953 3898 defensori
995 3853 1050 3898 et
1089 3845 1283 3900 rectori
1329 3849 1641 3916 patrimonii
1680 3850 1748 3905 ad

164 3927 462 3983 vindictam
507 3932 682 3987 modis
725 3934 976 3988 omnibus
1021 3937 1290 4000 tradatur,
1336 3946 1392 3991 et
1433 3954 1554 3992 cum
1601 3955 1751 3994 com-

165 4018 370 4086 petenti
430 4020 809 4076 emendatione
867 4023 922 4078 bi
979 4025 1068 4094 qui
1127 4026 1268 4080 male
1327 4028 1574 4082 societati
1623 4038 1751 4083 sunt

165 4108 565 4182 disjungantur.
604 4132 622 4166 ι
670 4113 794 4170 Haec
833 4116 899 4172 de
937 4117 1110 4172 sancti
1147 4117 1393 4190 Gregorii
1436 4120 1616 4175 verbis
1657 4136 1750 4176 ex-

165 4202 490 4271 cerpsimns.

237 4292 308 4346 Et
325 4293 467 4349 sicut
492 4309 652 4366 supra
679 4297 743 4352 de
769 4297 1218 4370 beatiAngusﬁni
1246 4299 1424 4356 verbis
1447 4301 1745 4370 posuimus,

165 4383 426 4452 quoniam
452 4387 592 4454 quod
623 4389 816 4459 agebat
848 4390 901 4443 in
933 4391 1048 4461 lege
1079 4393 1271 4457 veteri,
1299 4392 1386 4446 vel
1413 4393 1575 4448 etiam
1605 4393 1749 4462 quod

165 4495 309 4535 nunc
340 4481 455 4552 agit
480 4481 534 4535 in
564 4483 872 4554 reipublicae
897 4485 1104 4555 legibus
1131 4487 1462 4552 interfectio,
1491 4489 1596 4543 hoc
1621 4503 1749 4559 ope-

164 4581 318 4628 ratur
361 4573 416 4628 in
467 4574 707 4632 Ecclesia
737 4579 1250 4640 excommunicatio.
1301 4589 1354 4634 et
1397 4581 1465 4635 ab
1507 4579 1746 4636 Ecclesia

163 4666 474 4737 separatio;
507 4669 554 4724 si
583 4671 649 4724 de
679 4670 884 4740 legibus
911 4671 1156 4740 publicis,
1184 4687 1518 4742 quaecunque
1544 4672 1744 4728 femina

165 4758 476 4826 bujusmodi
508 4760 828 4824 sceleribus,
851 4763 993 4816 sicut
1017 4765 1356 4831 praemissum
1380 4771 1483 4828 est,
1515 4765 1744 4829 irretita,

162 4852 403 4906 evadens
441 4850 660 4908 forense
691 4852 992 4922 judicium,
1039 4855 1107 4908 ad
1141 4853 1447 4924 episcopale
1478 4855 1746 4925 judicium

161 4942 415 5005 venerit,
468 4944 763 4998 secundum
812 4959 1029 4998 sacrum
1061 4943 1406 5014 Ancyranum
1454 4945 1746 4999 concilium

164 5033 307 5104 (can.
339 5032 409 5088 15
431 5043 477 5087 et
503 5033 619 5104 ΩΟ),
665 5034 731 5089 de
773 5035 860 5089 his
889 5035 982 5104 qui
1017 5032 1360 5088 fornicamur
1397 5033 1742 5087 irrationabi-

160 5123 309 5190 liter,
344 5124 398 5179 id
427 5134 512 5179 est
568 5141 690 5180 cum
723 5125 980 5180 masculis
1010 5125 1092 5181 vel
1118 5125 1435 5195 pecoribus,
1468 5133 1522 5178 et
1551 5125 1616 5179 de
1643 5123 1748 5178 illis

162 5215 484 5272 mulieribus
511 5230 634 5287 qua:
663 5216 1005 5272 fornicantur
1038 5224 1094 5270 et
1127 5225 1314 5285 partus
1349 5229 1475 5270 suos
1510 5222 1744 5281 necant,

162 5305 247 5362 vel
275 5319 398 5374 quae
427 5314 594 5375 agunt
620 5319 806 5360 secum
834 5314 894 5359 ut
919 5314 1074 5360 utero
1105 5314 1399 5373 conceptos
1426 5305 1743 5370 excutiant,

161 5398 309 5453 inter
346 5411 441 5452 eos
479 5411 658 5461 orare,
702 5406 762 5451 ut
799 5396 1012 5451 videtur
1038 5396 1218 5460 nobis,
1260 5395 1628 5466 praacipietur.
1653 5395 1745 5466 qui

163 5487 364 5556 spiritu
405 5485 787 5556 periclitantur
825 5486 1142 5551 immundo,
1203 5497 1258 5539 et
1301 5500 1398 5554 per
1445 5487 1748 5541 districtam

162 5577 512 5634 decennalem
557 5578 933 5648 paenitentiam
977 5578 1258 5645 castigata,
1300 5592 1472 5646 usque
1516 5578 1584 5633 ad
1627 5577 1751 5632 vitae

163 5671 334 5727 ﬁnem
376 5671 552 5740 dignis
592 5671 926 5740 pcenitentiae
967 5669 1234 5726 fructibus
1274 5670 1617 5734 incumbere,
1663 5685 1750 5724 re-

163 5771 388 5820 servato
435 5763 537 5818 sibi
586 5778 688 5835 pro
743 5763 1111 5820 ecclesiastica
1164 5763 1406 5834 pietate,
1464 5761 1509 5816 si
1556 5761 1750 5817 mortis

1861 1909 2115 1967 Patribus
2144 1914 2343 1970 dudum
2375 1917 2604 1988 legimus
2629 1922 3000 1977 constitutum.
3038 1922 3150 1980 Nec
3178 1925 3280 1982 hoc
3308 1909 3441 1997 quo;

1863 2020 1969 2076 que
2008 2007 2061 2061 in
2104 2007 2206 2063 hac
2245 2008 2619 2067 sollicitudinis
2663 2021 2816 2083 parte
2863 2015 3249 2086 relinquimus,
3297 2023 3441 2089 quod

1863 2112 2055 2154 omnes
2093 2099 2386 2156 incestuosi
2421 2117 2452 2156 a
2482 2103 2743 2161 limitibus
2788 2116 2990 2163 sanctae
3035 2110 3287 2168 Ecclesiae
3333 2115 3443 2169 sint

1861 2190 2175 2259 separandi,
2209 2207 2489 2264 usquequo
2509 2211 2604 2265 per
2627 2195 3054 2254 satisfactionem
3084 2203 3332 2270 precibus
3354 2219 3444 2259 sa-

1860 2281 2138 2336 cerdotum
2167 2281 2341 2337 eidem
2381 2294 2581 2340 sanctae
2619 2287 2898 2346 catholicae
2938 2295 3375 2350 reconcilientur.
3410 2316 3430 2349 ι

1858 2370 1926 2425 Ει
1953 2371 2004 2426 in
2035 2373 2212 2428 edicto
2250 2377 2510 2432 canonico
2536 2387 2658 2434 ante
2679 2383 3033 2450 corpusbeati
3057 2386 3200 2441 Petri
3230 2389 3438 2458 prolato

1859 2461 2036 2535 (Greg.
2086 2481 2139 2520 x1
2185 2467 2240 2520 in
2278 2469 2463 2538 synod.
2495 2468 2691 2541 Rom.)
2727 2490 2740 2526 :
2791 2492 2809 2524 ι
2855 2473 2910 2528 Si
2959 2475 3080 2546 quis
3115 2478 3182 2532 de
3219 2480 3437 2550 propria

1857 2553 2196 2624 cognatione,
2229 2555 2312 2610 vel
2341 2572 2502 2626 quam
2533 2569 2792 2630 cognatus
2817 2562 3024 2630 habuit,
3054 2567 3270 2624 duxerit
3299 2585 3433 2625 uxo-

1857 2657 2006 2709 rem,
2037 2646 2322 2701 anathema
2355 2648 2444 2702 sit.
2495 2650 2562 2703 Et
2605 2653 2995 2719 responderunt
3031 2672 3220 2712 omnes
3253 2660 3434 2727 tertio,

1858 2736 2143 2808 anathema
2159 2738 2247 2790 sit.
2276 2757 2293 2790 ι
2315 2737 2382 2792 Et
2396 2749 2612 2796 sanctus
2628 2741 2945 2799 Ambrosius
2959 2744 3009 2800 in
3026 2747 3198 2816 prima
3209 2749 3436 2820 epistola

1861 2823 1930 2878 ad
1958 2822 2268 2881 Corinthios
2295 2827 2426 2882 dicit
2450 2846 2463 2882 :
2495 2846 2513 2880 t
2541 2829 2664 2885 Non
2693 2841 2767 2885 est
2795 2835 2930 2888 enim
2961 2835 3148 2904 frater,
3172 2849 3262 2892 aut
3289 2857 3439 2896 soror

1853 2917 2093 2971 servituti
2125 2919 2389 2990 subjectus
2418 2923 2472 2974 in
2502 2923 2758 2992 ejusmodi
2793 2925 2851 2996 (I
2883 2924 3006 2982 Cor.
3034 2944 3130 2994 vu,
3162 2931 3260 3003 15)
3288 2949 3301 2987 :
3335 2935 3438 2990 hoc

1853 3017 1938 3063 est
1968 3023 2071 3064 non
2106 3011 2289 3066 deberi
2331 3017 2690 3071 reverentiam
2733 3018 2965 3090 conjugii
3006 3022 3054 3076 ei
3095 3025 3438 3094 qur‘horruit

1853 3113 2128 3158 auctorem
2166 3104 2420 3177 conjugii.
2471 3107 2586 3163 Non
2621 3111 2763 3164 enim
2820 3123 2994 3168 ratum
3031 3126 3114 3169 est
3150 3119 3432 3173 matrimo-

1775 3176 1821 3241 Ο
1850 3195 1999 3250 nium
2020 3200 2160 3267 quod
2175 3200 2289 3255 sine
2304 3200 2398 3256 Dei
2421 3202 2703 3259 devotione
2725 3215 2824 3260 est.
2860 3226 2876 3257 ι
2897 3208 2963 3263 Et
2989 3219 3209 3266 sanctus
3240 3212 3433 3268 Hiero-

1852 3303 2045 3359 nymus
2091 3291 2142 3344 in
2195 3291 2356 3346 tertio
2401 3291 2538 3347 libro
2587 3297 2876 3351 commenti
2918 3298 3156 3367 epistolae
3189 3299 3336 3356 Pauli
3366 3303 3434 3358 ad

1852 3380 2112 3450 Ephesios
2141 3400 2154 3437 :
2193 3402 2210 3434 ι
2240 3383 2516 3451 Quomodo
2546 3386 2755 3458 itaque,
2800 3389 3009 3460 inquit,
3049 3389 3266 3446 Christo
3293 3393 3425 3448 sub-

1845 3474 1991 3544 jecta
2023 3485 2105 3531 est
2133 3477 2395 3543 Ecclesia,
2449 3479 2526 3535 sic
2578 3478 2820 3550 subjecta
2866 3483 2938 3537 sit
2981 3498 3115 3536 uxor
3153 3484 3270 3538 viro
3313 3499 3431 3540 suo.

1853 3565 2022 3632 Quem
2049 3567 2193 3622 enim
2219 3569 2382 3623 habet
2402 3569 2762 3640 principatum
2789 3581 2844 3626 et
2864 3571 3252 3642 subjectionem
3276 3574 3432 3632 Chri-

1855 3666 1973 3713 stus
2004 3666 2058 3712 et
2085 3658 2358 3726 Ecclesia,
2395 3661 2522 3716 huic
2551 3663 2726 3718 eidem
2757 3664 2929 3718 ordini
2961 3667 3187 3722 maritus
3210 3678 3263 3722 et
3298 3683 3435 3723 uxor

1852 3747 2189 3818 astringitur.
2217 3748 2323 3804 Sed
2348 3750 2637 3806 videndum
2669 3761 2727 3807 ut
2751 3756 3021 3824 quomodo
3045 3757 3098 3812 in
3129 3757 3344 3813 Christo
3374 3770 3429 3814 et

1852 3837 1905 3892 in
1931 3838 2171 3893 Ecclesia
2199 3849 2383 3895 sancta
2415 3840 2723 3908 conjunctio
2748 3852 2854 3910 est,
2881 3845 2954 3899 ita
2982 3855 3036 3900 et
3065 3847 3117 3900 in
3146 3849 3260 3903 viro
3291 3859 3346 3904 et
3376 3851 3427 3905 in

1852 3927 2080 3983 muliere
2116 3938 2303 3984 sancta
2343 3930 2416 3984 sit
2459 3931 2673 4000 copula.
2720 3932 2870 3987 Sicut
2907 3945 3083 3988 autem
3119 3952 3225 3991 non
3256 3939 3432 3999 annis

1853 4021 2200 4090 congregatio
2237 4023 2613 4079 htereticorum
2661 4025 2863 4081 Christi
2909 4029 3146 4084 Ecclesia
3187 4033 3288 4087 dici
3331 4049 3429 4104 po-

1853 4119 1979 4176 test,
2011 4128 2110 4167 nec
2138 4124 2301 4184 caput
2330 4131 2517 4172 eorum
2550 4118 2801 4175 Christus
2826 4130 2907 4175 est
2935 4162 2949 4187 ,
2994 4125 3072 4178 sic
3120 4140 3225 4180 non
3272 4142 3432 4184 omne

1852 4204 2288 4273 matrimonium;
2323 4210 2465 4278 quod
2511 4210 2565 4263 in
2615 4211 2730 4266 viro
2770 4227 2867 4267 suo
2902 4215 3194 4269 secundum
3229 4217 3429 4272 Christi

1851 4305 2120 4365 praecepta
2171 4313 2275 4351 non
2323 4298 2604 4370 jungitur,
2661 4302 2763 4356 rite
2817 4304 3122 4374 conjugium
3171 4309 3429 4377 appellari

1852 4393 2050 4454 potest,
2090 4388 2184 4442 sed
2222 4389 2393 4460 magis
2435 4390 2782 4446 adulterium.
2814 4412 2833 4444 ι
2887 4394 3024 4450 Hinc
3070 4395 3430 4470 intelligenter

1853 4485 1936 4533 est
1963 4477 2328 4556 adnotandum
2350 4520 2364 4546 ,
2396 4481 2520 4550 quia
2548 4482 2689 4552 quod
2722 4483 2824 4538 iste
2862 4484 2976 4553 ipse
3013 4487 3200 4543 doctor
3233 4489 3285 4543 in
3318 4492 3430 4561 epi-

1851 4569 1990 4624 stola
2023 4571 2088 4625 ad
2117 4571 2424 4626 Amandum
2459 4575 2835 4645 presbyterum
2876 4578 3010 4631 dicit
3049 4578 3233 4650 (epist.
3278 4582 3426 4648 H7),

1851 4664 1996 4732 quod
2023 4663 2260 4734 quandiu
2292 4665 2425 4720 vivit
2451 4666 2554 4730 vir,
2587 4666 2713 4722 licet
2731 4669 2943 4723 adulter
2970 4671 3076 4736 sit,
3110 4673 3237 4727 licet
3271 4677 3430 4730 sodo-

1851 4754 2004 4818 mita,
2037 4754 2166 4810 licet
2193 4752 2409 4825 ﬂagitiis
2434 4757 2686 4814 omnibus
2709 4769 3015 4830 coopertus,
3064 4772 3118 4816 et
3157 4765 3225 4818 ab
3260 4782 3429 4821 uxore

1850 4855 2073 4916 pr0pter
2103 4846 2219 4900 brec
2248 4847 2451 4900 scelera
2480 4849 2791 4916 derelictus,
2823 4852 3046 4906 maritus
3072 4854 3188 4923 ejus
3219 4868 3430 4924 reputa-

1853 4947 1964 5003 tur,
1989 4938 2076 4993 cui
2105 4937 2331 4992 alterum
2364 4939 2538 4992 virum
2570 4941 2815 5010 accipere
2840 4958 2946 4994 non
2977 4942 3120 5007 licet,
3158 4945 3224 4997 de
3257 4960 3322 4999 eo
3352 4945 3429 4999 di-

1850 5029 1958 5092 cit,
2003 5029 2094 5098 qui
2128 5039 2249 5098 post
2278 5029 2576 5101 legitimum
2620 5030 2811 5086 initum
2858 5034 3186 5104 conjugium,
3217 5035 3268 5088 in
3311 5036 3427 5104 ipso

1848 5129 2038 5193 peccat
2065 5119 2338 5193 conjugio,
2385 5122 2438 5176 in
2487 5137 2595 5192 quo
2633 5121 2757 5191 jure
2784 5125 2899 5194 pari
2931 5125 3012 5178 vir
3041 5133 3095 5179 et
3123 5125 3318 5181 mulier
3345 5135 3426 5183 te-

1849 5219 2048 5266 nentur
2075 5210 2366 5266 sententia.
2403 5211 2460 5264 ln
2488 5210 2594 5266 hoc
2627 5219 2805 5268 autem
2833 5212 2952 5267 loco
2979 5214 3042 5266 de
3069 5229 3129 5268 ea
3157 5214 3238 5266 vel
3268 5216 3334 5271 de
3361 5231 3427 5271 eo

1851 5303 2050 5373 agitur,
2078 5302 2170 5371 qui
2199 5311 2326 5358 ante
2353 5302 2545 5356 initum
2575 5302 2873 5373 legitimum
2916 5303 3258 5376 conjugium,
3305 5295 3427 5378 per;

1849 5401 2061 5464 petrato
2091 5393 2300 5447 incestu
2330 5392 2628 5462 legitimum
2668 5391 2810 5461 quod
2847 5393 3046 5448 habere
3075 5404 3288 5463 poterat
3320 5398 3424 5454 sibi

1850 5485 1990 5541 tollit
2010 5485 2337 5554 conjugium.
2368 5485 2434 5538 Et
2459 5484 2510 5538 in
2550 5477 2779 5573 concilio
2805 5485 3098 5557 Agathensi
3128 5490 3267 5560 (can.
3291 5490 3420 5560 61):

1853 5597 1872 5631 ‹
1903 5577 1978 5631 De
2009 5578 2228 5632 incestis
2264 5576 2758 5644 conjunctionibus,
2789 5579 3058 5649 inquiunt,
3094 5583 3227 5636 nihil
3261 5598 3420 5652 pror-

1849 5683 1942 5723 sus
1970 5669 2140 5723 venise
2171 5681 2532 5730 reservamus,
2567 5668 2670 5723 nisi
2697 5684 2820 5723 cum
2851 5671 3173 5725 adulterium
3203 5687 3422 5744 separa-

1848 5760 1994 5816 tione
2024 5759 2354 5816 sanaverint.
2377 5757 2720 5815 lncestuosos
2744 5775 2870 5816 vere
2897 5761 3043 5818 nullo
3067 5763 3300 5838 conjugii
3328 5779 3424 5822 no-
