4026 6340
498 452 511 459 ἢ
611 369 745 426 ’ωτ-

1593 352 1923 411 HINCMARI
1963 348 2351 408 RHEMENSIS
2385 348 2903 408 ARCHIEPISCOPI
2994 402 2995 409 η

3720 352 3802 411 708

614 487 761 543 mine
800 481 1135 556 deputandos
1162 522 1174 545 ,
1219 492 1352 547 quos
1391 477 1556 531 etiam
1607 472 1878 543 designari
1923 470 2192 524 funestum
2221 475 2269 534 Α
2299 469 2345 550 si
2370 467 2591 532 femina,
2626 482 2792 537 quam
2824 467 2975 523 duxit
3005 482 3250 535 uxorem,
3276 468 3344 524 de
3375 459 3580 533 talibus,
3606 470 3809 529 SlCtlll'c-

615 587 717 634 est.
751 597 768 628 ι
806 577 873 630 Et
906 582 1126 630 sanctus
1150 570 1483 639 Augustinus
1526 567 1578 620 in
1619 565 1759 619 libro
1790 566 1854 617 dc
1886 565 2030 616 Bono
2060 578 2195 616 con-

610 671 779 741 jugali
808 689 819 723 :
857 689 874 719 c
904 668 1061 721 Aliud
1086 673 1170 719 est
1205 678 1310 717 non
1344 659 1707 714 concumbere
1733 657 1835 710 nisi
1866 656 1977 710 sola
2010 655 2197 708 volun—

618 773 729 820 tate
751 758 1066 834 generandi,
1091 757 1234 827 quod
1264 770 1369 809 non
1396 754 1556 807 habet
1583 750 1817 819 culpam,
1845 748 1986 802 aliud
2017 757 2195 800 autem

618 856 799 912 carnis
840 852 1057 923 quidem
1098 844 1508 902 concumbcndo
1550 848 1804 910 appetere
1845 839 2195 908 voluptatem,

621 945 715 1000 sed
746 957 852 1000 non
882 949 1079 1011 praeter
1104 935 1413 1006 conjugem,
1439 932 1581 1001 quod
1607 929 1868 985 venialem
1894 928 2063 980 habet
2088 926 2201 979 cul-

620 1050 766 1105 pam,
797 1033 921 1102 quia
959 1038 1015 1085 et
1050 1029 1167 1084 sine
1213 1041 1375 1081 causa
1424 1022 1784 1093 propaganda:
1827 1019 1994 1090 prolis
2035 1016 2203 1090 6“

622 1124 1023 1185 concumbitur,
1055 1133 1162 1173 non
1194 1126 1374 1172 tamen
1414 1112 1573 1182 hujus
1611 1110 1850 1166 libidinis
1888 1124 2048 1164 causa
2079 1123 2205 1178 pro-

622 1217 898 1290 pagationi
949 1212 1116 1284 prolis
1164 1210 1484 1274 obsistitur,
1533 1208 1646 1262 sive
1688 1212 1817 1260 voto
1860 1203 2042 1268 malo,
2090 1202 2205 1256 sive

623 1324 786 1383 opere
815 1308 957 1364 malo
985 1325 999 1360 :
1033 1320 1157 1360 nam
1190 1304 1291 1359 hoc
1319 1301 1556 1365 faciunt,
1598 1299 1689 1368 qui
1731 1297 1980 1367 quamvis
2009 1310 2206 1351 vocen-

626 1414 737 1470 tur,
767 1402 1020 1472 conjuges
1057 1414 1164 1453 non
1204 1403 1368 1459 sunt,
1406 1408 1508 1447 nec
1535 1391 1698 1445 ullam
1734 1390 2045 1459 nuptiarum
2080 1388 2207 1441 reti-

627 1507 757 1555 nent
781 1496 1088 1557 veritatem,
1112 1489 1204 1547 sed
1230 1490 1514 1543 honestum
1541 1498 1739 1538 nomen
1767 1481 2010 1535 velandte
2040 1480 2208 1549 turpi-

628 1589 798 1645 tudini
819 1585 1139 1642 obtendunt.
1156 1580 1467 1641 Produntur
1489 1584 1690 1639 autem,
1714 1571 1930 1643 quando
1952 1586 2017 1627 eo
2036 1584 2208 1640 usque

626 1676 1064 1751 progrediuntur,
1090 1679 1151 1726 ut
1172 1676 1447 1740 exponant
1480 1666 1618 1720 filios
1641 1679 1769 1719 suos
1790 1664 1881 1733 qui
1910 1676 2211 1716 nascuntur

628 1749 834 1833 invitis,
865 1766 1100 1820 oderunt
1129 1770 1308 1815 autem
1342 1757 1549 1812 nutrire
1568 1797 1582 1822 ,
1615 1754 1700 1808 vel
1728 1754 1930 1808 habere
1959 1766 2094 1822 quos
2120 1749 2203 1821 gi-

2297 569 2536 630 putatur,
2567 558 2728 628 645
2760 575 2848 613 rea
2879 560 3041 613 fuerit
3068 559 3316 614 fortassis
3347 561 3574 624 inventa,
3602 562 3805 631 quoniam

2296 660 2418 721 post
2458 649 2699 718 legaliter
2732 650 2921 703 initum
2953 650 3259 719 conjugium
3308 658 3431 703 ante
3464 649 3669 720 legalem
3704 650 3813 705 ditii-

2298 744 2559 797 nitionem
2609 743 2955 811 prtesumpsit
2998 742 3203 796 illicita.
3259 742 3543 811 Apostolus
3566 743 3691 797 enim
3712 744 3811 799 dicit

2300 836 2572 906 alligatam
2614 849 2736 890 esse
2775 849 2999 888 uxorem
3049 836 3151 888 sub
3183 834 3302 904 lege
3352 832 3452 886 viri
3489 832 3681 901 quando
3713 842 3813 889 tem-

2299 942 2429 998 pore
2450 928 2533 981 vir
2558 928 2675 997 ejus
2698 925 2863 991 vivit,
2891 935 3107 980 mortuo
3139 934 3320 981 autem
3350 940 3418 980 eo
3444 924 3655 979 solutam
3674 939 3770 981 esse
3787 939 3813 982 ι

2301 1016 2418 1087 lege
2449 1017 2550 1071 viri
2583 1016 2634 1084 (1
2667 1016 2789 1070 Cor.
2817 1015 2938 1087 vn).
2978 1016 3044 1069 Et
3068 1016 3368 1070 secundum
3400 1028 3601 1070 sacram
3624 1013 3811 1070 auctori-

2305 1118 2468 1163 tatem
2492 1150 2507 1176 ,
2556 1109 2799 1179 legaliter
2824 1107 3235 1177 desponsatam,
3276 1107 3535 1171 dotatam,
3565 1115 3614 1161 et
3634 1106 3831 1177 publicis

2303 1203 2506 1273 nuptiis
2528 1205 2848 1256 honoratam
2869 1241 2885 1265 ,
2912 1216 3136 1256 uxorem
3174 1215 3298 1255 esse
3335 1214 3494 1254 nemo
3527 1199 3610 1269 qui
3636 1198 3812 1257 dubitet.

2306 1291 2411 1348 Sed
2435 1302 2489 1347 et
2522 1307 2684 1346 unam
2718 1306 2838 1346 esse
2879 1290 3050 1362 legem
3093 1291 3143 1343 in
3174 1290 3279 1344 hoc
3305 1288 3428 1358 jure
3463 1286 3560 1341 viri
3588 1296 3635 1340 et
3673 1290 3813 1343 uxoris

2305 1386 2492 1439 eadem
2517 1398 2667 1437 sacra
2696 1391 2926 1437 testatur
2953 1382 3269 1436 auctoritas.
3308 1380 3376 1434 Et
3403 1378 3522 1433 ideo
3541 1418 3555 1443 ,
3585 1386 3812 1449 antequam

2306 1492 2336 1531 a
2354 1476 2483 1546 jugo
2511 1475 2659 1546 gravi
2689 1490 2853 1544 super
2887 1473 3022 1528 ﬁlios
3048 1473 3176 1527 Adae
3212 1489 3241 1527 a
3267 1472 3355 1527 die
3392 1485 3627 1541 egressus
3650 1470 3705 1525 de
3726 1485 3816 1525 ven-

2308 1580 2389 1623 tre
2426 1569 2616 1623 matris
2657 1582 2842 1622 eorum
2869 1608 2883 1629 ,
2914 1580 3085 1636 usque
3110 1566 3163 1620 in
3196 1565 3340 1620 diem
3376 1564 3637 1634 ingressus
3655 1562 3699 1615 in
3723 1576 3815 1616 ven-

2308 1667 2443 1717 trem
2491 1660 2730 1715 omnium
2779 1660 2969 1714 matris
2997 1699 3011 1723 ,
3061 1658 3198 1712 alter
3234 1658 3304 1712 ab
3336 1656 3505 1712 altero
3537 1655 3814 1720 dissolvatur,

2309 1758 2402 1806 aut
2430 1751 2545 1822 lege
2576 1751 2755 1816 abeo,
2799 1749 2889 1819 qui
2939 1763 3035 1819 per
3073 1748 3384 1803 conditores
3423 1746 3588 1816 legum
3604 1743 3815 1815 juxtadeo

631 1872 794 1930 gnere
815 1855 1148 1911 metuebant.
1181 1851 1365 1920 Itaque
1386 1863 1509 1903 cum
1539 1847 1592 1899 in
1616 1859 1744 1900 suos
1769 1844 1921 1898 smvit
1948 1857 2083 1912 quos
2111 1856 2203 1912 gc~
2237 1841 2282 1899 Β
2310 1845 2483 1900 cernit
2503 1885 2517 1908 ,
2548 1842 2929 1914 comprobetur
2957 1840 3099 1915 quod
3126 1848 3205 1895 est
3236 1840 3431 1893 initum
3458 1853 3559 1893 non
3585 1835 3812 1906 legitimum

631 1950 750 2004 nuit
774 1948 1062 2003 tenebrosa
1092 1942 1383 2012 iniquitas,
1429 1939 1572 1994 clara
1612 1936 1897 2005 iniquitate
1936 1935 1989 1988 in
2033 1934 2206 1988 lucem

629 2041 915 2113 promitur,
947 2047 1002 2093 et
1031 2035 1241 2092 occulta
1271 2032 1547 2102 turpitudo
1573 2028 1865 2083 manifesta
1892 2025 2211 2081 crudelitate

632 2129 989 2189 convincitur.
1022 2124 1328 2196 Aliquando
1353 2137 1419 2177 eo
1452 2135 1622 2189 usque
1650 2117 1895 2189 pervenit
1931 2117 2045 2171 hzec
2086 2113 2208 2168 libi-

636 2227 827 2282 dinosa
853 2221 1170 2285 crudelitas,
1199 2217 1285 2273 vel
1316 2216 1482 2270 libido
1508 2212 1761 2277 crudelis,
1787 2219 1846 2265 ut
1873 2210 2033 2265 etiam
2062 2205 2214 2261 steri-

633 2317 800 2372 litatis
828 2329 1036 2370 venena
1072 2318 1354 2381 procuret,
1390 2315 1444 2363 et
1473 2307 1517 2362 si
1553 2304 1685 2360 nihil
1713 2302 1975 2365 valuerit,
2015 2312 2210 2354 conce-

632 2417 754 2480 ptos
786 2407 950 2462 foetus
976 2403 1158 2472 aliquo
1184 2400 1346 2455 modo
1364 2398 1522 2453 intra
1564 2396 1773 2451 viscera
1807 2392 2115 2461 exstinguat
2150 2403 2214 2443 ac

635 2477 845 2564 fundat,
894 2496 1124 2567 volendo
1164 2502 1317 2548 suam
1362 2490 1568 2560 prolem
1601 2477 1757 2558 prius
1797 2484 2020 2539 interire
2053 2496 2216 2551 quam

634 2591 840 2655 vivere,
874 2596 968 2644 aut
990 2587 1037 2641 si
1068 2586 1122 2640 in
1151 2592 1309 2639 utero
1328 2582 1439 2653 jam
1460 2580 1696 2643 vivebat,
1728 2576 1896 2631 occidi
1926 2583 2216 2644 antequam

635 2684 805 2741 nasci.
829 2682 1061 2738 Prorsus
1080 2681 1126 2736 si
1151 2678 1311 2733 ambo
1335 2676 1469 2731 tales
1493 2683 1639 2739 sunt,
1663 2672 1919 2742 conjuges
1941 2684 2045 2724 non
2069 2675 2214 2731 sunt,

635 2782 691 2832 et
712 2775 759 2831 si
781 2774 852 2829 ab
873 2773 1031 2829 initio
1059 2771 1195 2826 tales
1221 2768 1461 2831 fuerunt,
1487 2782 1591 2821 non
1618 2766 1721 2820 sibi
1747 2780 1841 2835 per
1864 2760 2216 2824 connubium,

635 2867 729 2924 sed
758 2881 857 2937 per
885 2872 1130 2933 stuprum
1169 2861 1351 2930 potius
1376 2862 1770 2913 convenerunt.
1804 2851 1861 2907 Si
1894 2859 2073 2906 autem
2110 2864 2218 2902 non

639 2959 798 3013 ambo
831 2964 956 3010 sunt
987 2953 1142 3017 tales,
1174 2949 1345 3006 audeo
1374 2948 1581 3010 dicere,
1614 2955 1707 3000 aut
1736 2944 1823 3000 illa
1851 2954 1935 2998 est
1959 2942 2221 3012 quodam—

638 3051 801 3105 modo
825 3047 1007 3102 mariti
1036 3043 1315 3107 meretrix,
1343 3048 1437 3095 aut
1468 3038 1559 3093 ille
1591 3035 1801 3092 adulter
1825 3035 2031 3090 uxoris.
2078 3052 2095 3085 ι

1008 3152 1613 3219 INTERROGATIO
1657 3150 1832 3211 X111.

714 3278 880 3336 Sexto
902 3276 1059 3333 nobis
1084 3272 1318 3346 capitulo
1345 3272 1681 3335 remandate,
1707 3270 1751 3325 si
1779 3268 1920 3324 idem
1944 3282 2058 3331 rex,
2082 3273 2227 3337 post-

642 3389 805 3446 quam
839 3370 967 3427 talia
1002 3370 1069 3425 de
1101 3366 1322 3441 praefata
1363 3379 1531 3420 uxore
1561 3378 1660 3419 sua
1689 3362 1913 3429 audivit,
1941 3370 1996 3417 et
2020 3360 2087 3415 ab
2116 3359 2234 3430 ejus

644 3464 853 3523 carnali
883 3460 1215 3519 commercio
1246 3472 1545 3528 suspensus
1573 3456 1709 3522 fuit,
1759 3454 1897 3510 forte
1932 3453 2235 3509 concubina

643 3572 778 3614 usus
806 3554 1135 3611 adulterium
1171 3550 1590 3623 perpetraverit,
1625 3557 1682 3604 et
1725 3548 1770 3603 si
1813 3547 1920 3602 hoc
1962 3546 2029 3601 ad
2068 3544 2235 3615 pluri-

646 3662 859 3702 morum
889 3645 1137 3717 pervenit
1167 3643 1441 3709 notitiam,
1475 3655 1582 3711 quo
1612 3640 1806 3695 debeat
1841 3638 2022 3694 sanari
2061 3636 2234 3691 medi-

649 3741 812 3798 cinali
834 3739 1062 3809 judicio.
1099 3738 1168 3793 Et
1197 3737 1243 3793 si
1278 3735 1538 3792 fortassis
1562 3733 1857 3798 acciderit,
1888 3740 1949 3786 ut
1976 3730 2237 3802 quiscun-

651 3847 757 3904 que
779 3833 943 3887 bomo
966 3839 1314 3886 sacramento
1338 3827 1622 3882 attendere
1644 3840 1704 3880 se
1728 3822 2070 3892 obligaverit,
2093 3819 2238 3891 quod

649 3926 1007 3997 criminosum
1041 3923 1113 3979 sit
1141 3936 1323 3991 agere,
1359 3928 1541 3974 utrum
1578 3919 1723 3988 quod
1762 3905 1997 3986 juravit,
2041 3929 2109 3969 ne
2150 3914 2237 3968 in-

652 4024 838 4074 currat
865 4013 1183 4086 perjurium,
1218 4010 1417 4066 debeat
1442 4008 1761 4078 adimplere,
1795 4022 1896 4066 an.
1930 4020 1998 4061 ne
2031 4004 2239 4061 crimen

652 4108 924 4173 admittat,
949 4106 1093 4176 quod
1114 4104 1257 4159 male
1272 4102 1477 4173 juravit
1504 4102 1558 4155 in
1588 4101 1801 4154 irritum
1826 4100 1986 4154 debet
2007 4099 2237 4153 ducere:

649 4209 706 4257 et
733 4201 779 4257 si
807 4200 909 4255 hoc
934 4214 1125 4254 verum
1152 4212 1273 4253 esse
1301 4195 1491 4266 possit,
1515 4194 1659 4263 quod
1684 4192 1867 4260 plures
1895 4191 2141 4245 homines
2167 4189 2244 4244 di-

650 4300 804 4357 cunt,
855 4291 982 4361 quia
1033 4299 1157 4344 sunt
1203 4286 1436 4349 feminae,
1482 4299 1605 4353 quae
1652 4281 1918 4338 maleficio
1962 4296 2059 4334 suo
2102 4280 2243 4333 inter

650 4384 828 4439 virum
863 4391 919 4436 et
946 4394 1170 4435 uxorem
1196 4378 1378 4432 odium
1410 4373 1863 4430 irreconciliabile
1886 4371 2092 4441 possint
2120 4369 2243 4424 mit-

654 4487 803 4543 tere,
834 4484 888 4530 et
915 4471 1337 4528 inenarrabilem
1366 4485 1609 4525 amorem
1643 4469 1841 4522 iterum
1888 4466 2029 4518 inter
2066 4464 2243 4518 virum

2308 1936 2474 2011 fuisse
2512 1932 2816 2004 conjugium
2837 1974 2851 1998 ,
2899 1931 3206 2003 quicunque
3242 1945 3432 1986 eorum
3471 1944 3619 1983 unam
3654 1941 3814 1981 cantem

2308 2042 2405 2098 per
2429 2026 2748 2080 adulterium
2765 2025 2819 2079 in
2837 2024 2942 2078 duo
2963 2022 3221 2085 diviserit,
3254 2037 3361 2076 non
3384 2019 3692 2075 commisisse
3709 2016 3814 2071 adul-

2314 2119 2507 2173 terium
2536 2117 2641 2172 dici
2685 2132 2792 2173 non
2832 2115 3049 2186 poterit.
3105 2112 3332 2184 Magnus
3376 2111 3570 2167 etenim
3604 2109 3698 2164 Leo
3718 2123 3814 2179 papa

2313 2210 2378 2264 de
2418 2208 2725 2263 forensibus
2767 2205 2973 2275 legibus
3018 2202 3408 2259 ecclesiasticis
3450 2200 3647 2255 modum
3679 2196 3815 2252 tribuit

2314 2302 2382 2356 ad
2412 2299 2653 2355 Nicetam
2685 2297 3084 2368 Aquileiensem
3116 2295 3431 2364 episcopum
3459 2290 3676 2346 scribens
3692 2289 3815 2359 (epist.

2314 2391 2434 2462 85):
2469 2389 2542 2445 Ut
2587 2389 2727 2444 sicut
2769 2387 2821 2441 in
2863 2386 3175 2454 mancipiis,
3214 2384 3305 2439 vel
3335 2382 3505 2454 agris,
3538 2388 3619 2436 aut
3638 2376 3816 2435 etiamin

2316 2482 2595 2544 domibus,
2650 2494 2715 2536 ac
2754 2478 3186 2550 possessionibus
3209 2517 3224 2541 ,
3293 2475 3348 2529 in
3391 2473 3720 2543 captivitatem
3755 2468 3819 2523 du-

2315 2575 2418 2629 ctis
2456 2571 2847 2642 postliminium
2888 2568 3122 2624 reversis
3150 2568 3216 2622 de
3264 2566 3572 2637 captivitate
3602 2569 3815 2618 servatur:

2317 2667 2392 2720 ita
2416 2665 2580 2720 etiam
2611 2676 2664 2718 et
2692 2660 2936 2733 conjugis
2957 2702 2971 2726 ,
3019 2661 3064 2715 si
3095 2659 3215 2714 aliis
3254 2660 3446 2729 juncta
3471 2656 3677 2717 fuerint,
3698 2649 3818 2707 refor-

2320 2769 2557 2815 mentur.
2624 2758 2693 2812 Et
2737 2772 2837 2812 nos
2879 2758 2945 2811 de
2992 2754 3191 2809 eisdem
3242 2752 3456 2823 legibus
3493 2751 3554 2804 ad
3591 2742 3818 2814 exmplum

2320 2852 2489 2923 ipsius
2522 2850 2780 2906 debemus
2817 2848 3086 2917 conjicere
3102 2863 3126 2911 ,*
3145 2846 3408 2917 quoniam
3431 2843 3486 2897 ‘si
3511 2838 3701 2911 quilibet
3721 2831 3818 2906 quod

2322 2944 2372 2998 ei
2391 2944 2512 3014 jure
2535 2950 2718 3013 posset
2744 2951 3053 3011 competere
3086 2928 3281 2992 contra
3313 2937 3403 3007 jus
3427 2934 3820 3006 sibiprtesumpst-

2325 3034 2431 3101 rit,
2454 3049 2552 3103 per
2576 3034 2748 3104 legem
2780 3032 2830 3087 ei
2858 3045 3016 3102 quem
3053 3028 3385 3100 spoliaverat
3413 3028 3619 3097 cogetur
3647 3018 3822 3090 legaliter

2327 3126 2635 3181 emendare.
2678 3123 3017 3193 Quapropter
3066 3121 3110 3174 si
3160 3119 3397 3189 quilibet
3435 3114 3658 3187 legaliter
3693 3106 3821 3177 conju-

2253 3195 2302 3260 c
2333 3228 2507 3291 gatus,
2541 3225 2667 3272 ante
2708 3215 2970 3286 judicium
3020 3229 3088 3268 ex
3131 3212 3424 3268 criminata
3472 3203 3820 3263 determinatam,

2332 3320 2523 3366 contra
2566 3306 2896 3363 matrimonii
2949 3305 3102 3375 jura,
3166 3311 3266 3358 aut
3309 3301 3516 3373 publice
3563 3296 3825 3351 autsecrete

2333 3400 2696 3474 praesumpsit,
2722 3410 2948 3453 necesse
2976 3397 3081 3451 erit
3103 3409 3227 3451 eum
3261 3394 3466 3466 legibus
3483 3384 3686 3462 praeﬁxis
3702 3390 3824 3437 trante

2335 3493 2673 3568 gressoribus
2698 3500 2791 3546 aut
2810 3498 3016 3546 secrete
3041 3499 3133 3543 aut
3153 3488 3372 3559 publice
3400 3484 3670 3555 subjacere,
3689 3474 3825 3568 quibat

2336 3558 2614 3642 decretum
2643 3592 2728 3640 est
2769 3582 2821 3637 in
2868 3582 3098 3638 concilio
3142 3558 3408 3637 Africano
3443 3576 3573 3649 (can.
3606 3570 3677 3639 10)
3708 3584 3721 3621 :
3747 3558 3826 3617 tUt

2336 3676 2753 3750 paenitentibus,
2806 3674 3101 3729 secundum
3145 3669 3503 3726 differentiam
3545 3666 3824 3735 peccatorum.

2337 3768 2576 3841 episcopi
2605 3767 2831 3823 arbitrio
2856 3764 3189 3836 poenitentiae
3218 3771 3461 3833 tempora
3487 3755 3824 3813 decemantur.t

2338 3863 2407 3917 Et
2461 3862 2515 3917 in
2587 3858 2817 3915 concilio
2875 3854 3294 3928 Carthaginensi
3362 3854 3534 3924 (conc.
3585 3841 3730 3901 Curtii.
3770 3847 3825 3928 t1.

2341 3970 2458 4008 can.
2489 3950 2580 4023 74)
2605 3965 2619 4005 :
2658 3968 2678 4002 ‹
2706 3948 2777 4004 Ut
2797 3946 3048 4004 sacerdos
3073 3925 3448 4016 paenitentiam
3471 3930 3730 4008 imploranti
3748 3925 3828 3980 alts-

2341 4058 2446 4115 que
2470 4055 2718 4112 personae
2749 4038 3061 4115 acceptione
3087 4034 3421 4107 poenitentize
3446 4032 3578 4100 leges
3600 4023 3824 4115 injunga'l-t

2342 4105 2410 4188 ἐι
2440 4105 2581 4205 (can.
2611 4131 2745 4203 47):
2777 4150 2795 4181 ι
2826 4105 3043 4198 Siquis
3076 4105 3280 4189 fidelis,
3311 4119 3593 4179 secundum
3624 4105 3829 4205 Elibcritl-

2345 4242 2472 4282 num
2503 4224 2813 4286 concilium,
2846 4221 3051 4276 habens
3076 4233 3304 4273 uxorem
3332 4230 3435 4270 non
3466 4207 3616 4267 semel
3641 4202 3715 4260 sed
3734 4207 3829 4265 δείκ

2346 4317 2510 4372 fuerit
2544 4315 2846 4371 mmchatus
2868 4353 2883 4377 ,
2933 4311 2986 4365 in
3022 4309 3127 4365 line
3150 4307 3345 4363 mortis
3378 4293 3827 4377 conveniendus

2344 4408 2488 4480 quod
2533 4407 2577 4461 si
2627 4421 2685 4461 se
2729 4402 3040 4476 promiserit
3086 4409 3459 4461 cessaturum,
3498 4382 3751 4446 communio
3780 4370 3830 4474 illi

2348 4500 2591 4557 donanda
2615 4506 2699 4554 est
2724 4515 2737 4550 :
2760 4496 2806 4551 si
2828 4493 3181 4550 resuscitatus
3204 4505 3391 4545 rursus
3412 4485 3684 4542 moechatus
3701 4471 3830 4526 fuerit.

653 4579 709 4626 et
736 4567 995 4625 feminam
1026 4580 1238 4629 serere,
1286 4574 1340 4617 et
1381 4562 1527 4631 quod
1581 4561 1661 4613 vir
1710 4558 1951 4629 legitime
1992 4556 2241 4651 sortitam
2275 4572 2322 4631 ι)
2350 4556 2407 4648 ω
2429 4607 2536 4647 non
2572 4589 2799 4644 “uer-ms
2830 4588 2897 4642 de
2935 4585 3318 4641 communione
3355 4579 3496 4651 pacis
3538 4571 3690 4631 ludat,
3723 4568 3830 4615 seve—

656 4658 939 4730 conjugem
966 4655 1200 4712 maritali
1240 4653 1574 4710 commercio
1611 4667 1716 4704 non
1750 4651 1921 4720 possit
1965 4648 2146 4711 adire,
2193 4654 2250 4701 et

659 4751 780 4806 aliis
823 4749 997 4804 valeat
1044 4746 1264 4802 feminis
1308 4743 1672 4808 commisceri,
1724 4752 1780 4796 et
1825 4740 2008 4795 itidem
2058 4740 2248 4794 eodem

660 4843 928 4901 maleficio
954 4840 1197 4913 potentia
1229 4836 1647 4899 concumbcndi,
1674 4843 1731 4888 et
1756 4834 2041 4887 dilectione
2079 4845 2253 4899 quon-

658 4938 783 4994 dam
812 4935 996 4991 habita
1027 4931 1276 4994 fruendi,
1331 4946 1426 5000 per
1467 4939 1639 4983 artem
1682 4925 2050 4981 maleficarum
2082 4922 2256 4991 possit

658 5030 901 5088 mstitui.‘
926 5028 994 5082 Et
1021 5043 1141 5098 quae
1170 5027 1241 5082 sit
1265 5039 1428 5080 causa
1460 5039 1557 5078 cur
1586 5021 1749 5085 Deus,
1777 5029 1834 5073 ut
1858 5018 2078 5080 dicitur,
2105 5026 2248 5083 saepe

661 5124 716 5179 in
746 5121 988 5193 legitimo
1018 5119 1270 5190 conjugio
1300 5116 1582 5186 permittat
1609 5113 1736 5167 talia
1766 5111 1902 5166 ﬁeri.
1935 5108 2003 5164 Et
2031 5106 2075 5160 si
2108 5105 2249 5159 forte

662 5214 800 5270 tales
824 5212 924 5267 viri
955 5209 1208 5275 maleﬁci,
1235 5208 1321 5263 vel
1353 5206 1737 5261 incantatrices
1766 5201 1987 5256 femina:
2013 5200 2250 5254 inventa:

660 5300 886 5372 fuerint,
913 5301 1046 5372 quid
1074 5302 1141 5357 de
1170 5298 1475 5369 hujusmodi
1508 5297 1704 5351 debeat
1729 5293 1867 5347 ﬁeri.

1253 5407 1656 5465 RESPONSIO.

738 5522 1172 5593 Respondemus,
1202 5520 1248 5575 si
1275 5519 1435 5584 forte,
1461 5527 1520 5572 ut
1547 5517 1744 5583 fertur,
1772 5531 1887 5581 rex,
1918 5515 1985 5569 de
2012 5529 2119 5583 quo
2148 5514 2256 5585 agi-

667 5622 775 5681 tur,
796 5623 920 5685 post
943 5613 1189 5683 legaliter
1209 5610 1405 5665 initum
1433 5606 1740 5679 conjugium
1763 5649 1775 5673 ,
1803 5622 1923 5661 cum
1949 5605 2053 5659 alia
2079 5605 2256 5674 aliqua

666 5708 853 5761 carnis
874 5702 1251 5758 commistione
1277 5701 1549 5770 negotium
1576 5697 1967 5753 concumbcndi
1992 5694 2253 5760 exercuit,

671 5796 861 5866 negari
912 5810 1016 5848 non
1066 5801 1245 5863 potest
1292 5792 1614 5847 adulterium
1664 5798 2045 5858 perpetrasse,
2094 5786 2259 5842 etiam

2353 4686 2466 4741 rius
2505 4681 2900 4737 abscindendus
2941 4685 3045 4732 est.
3076 4695 3095 4727 ι
3137 4675 3205 4730 Et
3239 4673 3392 4743 juxta
3431 4659 3832 4743 Ancyranumttﬂl'

2352 4776 2530 4831 cilium
2581 4775 2722 4845 (can.
2779 4770 2869 4839 l9)
2909 4787 2922 4823 :
2961 4767 3152 4824 «Uxor
3198 4741 3523 4820 adulterata,
3567 4752 3639 4807 vel
3672 4741 3830 4845 marith

2354 4840 2700 4922 committens
2728 4861 3049 4917 adulterium
3072 4898 3088 4924 ,
3134 4865 3254 4928 post
3279 4863 3476 4925 septem
3517 4851 3735 4932 annorum
3758 4840 3833 4932 Ρξθ·

2356 4958 2639 5014 nitentium
2664 4952 3121 5010 reconciliationis
3149 4959 3205 5006 et
3228 4939 3601 5005 communionis
3621 4926 3830 5019 periculi?-

2355 5067 2478 5106 nem
2511 5045 2854 5105 consecuturi
2891 5052 3037 5100 sunt.
3070 5063 3089 5095 ι
3125 5041 3189 5097 Ει
3215 5042 3341 5095 item
3370 5032 3636 5092 secundum
3670 5017 3831 5075 Elibeﬂ-

2356 5150 2540 5195 tanum
2562 5136 2849 5193 concilium
2866 5134 3016 5207 (can.
3037 5133 3128 5204 69)
3153 5149 3169 5187 :
3204 5149 3224 5183 ε
3254 5130 3309 5186 Si
3333 5127 3450 5199 quis
3469 5130 3663 5177 uxorem
3686 5107 3829 5207 haben!

2357 5231 2524 5289 semel
2569 5230 2749 5300 lapsus
2798 5205 2990 5293 fuerit,
3057 5233 3181 5296 post
3224 5223 3599 5291 quinquennem
3638 5205 3830 5300 ptenilftl‘

2359 5324 2492 5379 tiam
2520 5319 2951 5377 reconciliandus
2978 5325 3097 5381 est,
3148 5316 3226 5371 vel
3258 5315 3299 5369 si
3330 5308 3601 5367 necessitas
3622 5294 3827 5383 inﬁrmita:

2361 5414 2430 5470 tis
2454 5411 2732 5483 coegerit,
2777 5417 2902 5463 ante
2946 5406 3251 5462 communio
3279 5404 3327 5457 ei
3358 5394 3605 5470 largieuda
3628 5394 3743 5483 est!
3756 5376 3826 5483 15"

2358 5467 2643 5562 militeruet
2667 5502 2909 5574 synodus
2941 5498 3199 5554 Toletana
3230 5467 3498 5551 constituit
3524 5486 3661 5574 (09"?
3696 5467 3820 5574 ML"

2359 5613 2477 5651 can.
2513 5594 2636 5666 t7):
2677 5554 2825 5658 (Qui
2872 5603 3098 5645 uxorem
3146 5584 3301 5644 simul
3340 5589 3394 5639 et
3436 5554 3822 5666 concubinam

2360 5691 2572 5755 buerit,
2614 5703 2645 5742 a
2694 5685 3075 5743 communione
3118 5677 3370 5739 Ecclesia:
3405 5651 3816 5755 sepanﬂﬁsfg

2364 5784 2420 5840 in
2447 5798 2550 5853 qua
2581 5780 2921 5850 separatione
2942 5816 2955 5841 ,
2985 5775 3069 5831 vel
3094 5782 3215 5846 post
3250 5770 3459 5839 dignam
3497 5738 3821 5815 satisfactio“em
