4026 6340
170 350 315 432 ἰω

1130 372 1216 427 DE
1255 370 1582 428 DlVORTlO
1622 368 1950 425 LOTlIARll
1992 370 2081 425 ET
2123 370 2535 429 TETBERGAE.

3336 373 3441 431 7l0

168 490 616 547 reconciliatione
643 533 656 551 ,
698 503 1040 560 summopere
1091 487 1283 541 debent
1315 496 1558 556 pastores
1583 485 1762 539 Ecclc-
1790 487 1838 545 Λ
1868 485 1944 537 tui
1965 484 2203 538 viderant
2238 486 2330 539 tibi
2355 486 2492 556 falsa
2526 494 2572 539 et
2599 486 2781 552 stulta,
2807 502 2899 540 nec
2918 487 3215 556 aperiebant
3243 488 3442 559 iniqui-

168 583 268 639 sia:
297 592 352 636 ct
376 582 738 650 apostolorum
773 595 1115 634 successores
1160 590 1323 648 atque
1353 578 1538 631 vicarii
1575 576 1755 646 provi-

169 674 325 738 dere,
358 674 514 742 «qui,
562 683 619 725 ut
664 673 793 727 dicit
835 674 1024 728 beatus
1069 671 1362 741 Gregorius
1402 670 1583 743 (llum.
1610 670 1679 724 “26
1705 670 1759 722 in

170 766 428 835 Evang.),
453 765 619 838 646
650 766 891 819 solvendi
922 780 984 819 ac
1008 764 1206 835 ligandi
1231 766 1608 817 auctoritatem
1636 770 1761 816 sunt

168 857 395 929 quando
426 860 647 925 gratum
699 855 977 926 regiminis
1025 855 1329 908 sortiuntur
1355 852 1566 922 adepti,
1603 868 1669 906 ne
1704 851 1759 905 in

168 948 450 1003 solvendis
466 963 527 1002 ac
542 947 768 1017 ligandis
782 947 1012 1001 subditis
1023 962 1133 1002 sure
1146 946 1435 1000 voluntatis
1450 954 1758 1010 motus,non

170 1049 357 1095 autem
392 1053 679 1095 causarum
710 1039 898 1093 merita
931 1047 1247 1109 sequantur,
1291 1047 1351 1092 ut
1384 1037 1468 1091 vel
1504 1037 1761 1091 damnent

169 1133 500 1197 immeritos,
514 1130 596 1185 vel
615 1131 749 1185 alios
764 1131 860 1199 ipsi
889 1130 1035 1201 ligati
1055 1129 1286 1195 solvant,
1304 1143 1470 1199 seque
1495 1128 1642 1199 ipsos
1658 1128 1760 1181 hac

167 1223 376 1294 ligandi
402 1231 455 1276 et
477 1221 716 1276 solvendi
735 1229 1001 1290 potestate
1026 1221 1261 1291 privent,
1280 1221 1371 1290 qui
1388 1221 1525 1273 hanc
1540 1233 1636 1290 pro
1647 1219 1761 1274 suis

167 1316 544 1371 voluntatibus
582 1323 635 1368 et
668 1330 774 1370 non
797 1330 895 1385 pro
934 1312 1299 1382 subjectorum
1337 1313 1578 1368 moribus
1600 1328 1759 1367 exer-

170 1417 326 1464 cent:
354 1422 561 1478 neerga
584 1405 877 1476 quemlibet
897 1407 1200 1476 proximum
1215 1406 1338 1459 odio
1354 1403 1433 1459 vel
1459 1404 1628 1473 gratia
1649 1418 1763 1457 mo-

165 1507 424 1565 veantur,
451 1497 576 1568 quia
593 1497 750 1568 digne
766 1496 829 1550 de
845 1495 1331 1566 subditisjudicare
1358 1495 1679 1564 nequibttnt,
1712 1494 1757 1548 si

169 1593 222 1645 in
250 1590 594 1644 subditorum
614 1589 807 1665 causis
837 1588 1055 1653 sua,vel
1082 1587 1324 1651 odia,vel
1351 1587 1577 1658 gratiam
1608 1586 1763 1656 sequi

168 1682 535 1738 decreverint.
554 1679 707 1736 Unde
723 1690 873 1736 recte
894 1696 991 1751 per
1011 1681 1331 1751 prophetam
1357 1681 1582 1734 dicitur:
1612 1678 1669 1732 Μ
1673 1696 1761 1732 or-

161 1772 436 1842 tiﬁcabant
462 1773 665 1825 animus
694 1787 813 1841 qua?
858 1788 960 1826 non
991 1770 1316 1834 moriuntur,
1357 1781 1404 1824 et
1431 1770 1759 1839 vivi/icabant

1864 586 2019 629 tatem
2048 588 2213 640 tuam,
2244 586 2298 629 ut
2329 588 2377 631 te
2401 578 2469 630 ad
2484 578 2835 645 paenitentiam
2854 590 3189 648 provocarent
3222 580 3440 651 (Thren.

1862 686 1920 732 ιι,
1949 669 2055 738 11).
2082 669 2214 736 Quia
2238 670 2362 723 dum
2377 672 2647 739 corripere
2664 670 2847 739 culpas
2871 679 3136 735 metuunt,
3156 672 3209 726 in
3224 687 3442 728 cassum

1863 760 2297 831 delinquentibus
2321 763 2589 832 promissa
2613 764 2902 817 securitate
2922 763 3272 820 blandiuntur
3288 774 3345 821 et
3363 766 3444 823 sic

1864 854 1948 909 vel
1976 855 2027 908 in
2057 852 2248 908 affectu
2278 855 2534 924 peccandi
2562 866 2863 920 manentes,
2890 856 2974 911 vel
2999 866 3126 913 ante
3148 874 3444 929 congruam

1862 948 2285 1003 satisfactionem
2305 949 2469 1021 647
2492 950 2668 1003 divina
2688 961 3007 1019 usurpantes
3038 953 3319 1022 mysteria,
3349 951 3446 1006 bo-

1862 1054 1990 1093 num
2010 1038 2101 1092 Dei
2118 1034 2314 1093 donum
2333 1038 2701 1095 faciuntsuum
2719 1038 3004 1107 judicium.
3020 1042 3284 1108 Quoniam
3303 1043 3445 1098 sicut

1863 1136 2112 1185 auctores
2140 1130 2334 1195 sancti,
2368 1139 2425 1183 ιιι
2451 1132 2786 1186 demonstrat
2807 1131 3131 1188 venerabilis
3160 1135 3450 1206 presbyter

1861 1219 2006 1275 Beda
2034 1222 2086 1275 in
2117 1233 2423 1277 commento
2449 1223 2719 1296 Evangelii
2760 1223 2937 1289 Lucze,
2968 1237 3297 1295 exponentes
3325 1242 3452 1283 sen-

1864 1313 2085 1367 tentiam
2134 1312 2361 1369 dicentis
2410 1315 2641 1382 Domini,
2693 1314 3062 1371 Verumtamen
3105 1332 3222 1371 ecce
3260 1334 3449 1373 manus

1863 1406 2115 1461 tradentis
2162 1423 2242 1461 me
2264 1424 2462 1462 mecum
2490 1421 2562 1463 est
2591 1410 2647 1462 in
2670 1426 2868 1472 mensa,
2893 1421 3244 1463 verumtamen
3277 1426 3352 1464 va:
3372 1409 3454 1464 illi

1862 1498 2061 1551 homini
2092 1515 2182 1568 per
2205 1516 2355 1569 quem
2384 1500 2621 1554 tradetur
2646 1500 2797 1573 (Luc.
2832 1515 2969 1565 xxtt,
2998 1500 3112 1570 2|),
3146 1501 3331 1555 dicunt
3357 1502 3451 1555 ho-

1864 1587 1950 1642 die
1969 1604 2181 1659 quoque
2207 1598 2265 1643 ut
2295 1606 2465 1661 usque
2495 1592 2547 1645 in
2570 1593 2980 1661 sempiternum.
3010 1590 3099 1647 Vze
3122 1591 3197 1647 illi
3224 1592 3451 1660 homini,

1865 1682 1955 1752 qui
1981 1684 2047 1735 ad
2071 1698 2312 1737 mensam
2340 1683 2552 1739 Domini
2593 1686 2859 1756 malignus
2888 1684 3125 1749 accedit,
3154 1686 3245 1757 qui
3287 1696 3340 1742 et
3364 1686 3450 1742 in-

1867 1774 2018 1829 sidiis
2064 1782 2241 1829 mente
2280 1777 2532 1843 conditis,
2575 1777 2888 1846 praecordiis
2914 1776 3092 1847 aliquo
3113 1777 3317 1832 scelere
3347 1776 3456 1847 pol-

160 1866 374 1918 animas
412 1879 532 1935 qua:
577 1881 679 1918 non
722 1865 894 1919 vivunt
937 1863 1153 1935 (Ezech.
1188 1881 1310 1929 χιιι,
1339 1866 1448 1935 19).
1506 1865 1621 1920 Νοιι
1648 1881 1763 1921 mo-
1796 1854 1842 1914 Β
1870 1866 2015 1930 lutis,
2056 1867 2434 1937 mysteriorum
2460 1865 2661 1922 Christi
2714 1869 2936 1924 secretis
2979 1869 3305 1939 participare
3345 1884 3454 1924 non

161 1956 399 2012 rientem
430 1956 630 2028 quippe
661 1957 952 2012 mortiﬁcat
977 1999 991 2023 ,
1044 1960 1133 2028 qui
1170 1957 1375 2027 justum
1424 1958 1675 2025 damnat,
1707 1969 1763 2013 et

161 2062 275 2103 non
321 2048 594 2103 victurum
645 2048 926 2103 vivilieare
956 2049 1168 2113 nititur,
1208 2050 1298 2119 qui
1331 2065 1480 2104 reum
1510 2066 1541 2105 a
1562 2051 1762 2122 suppli-

161 2138 253 2194 cio
299 2139 583 2194 absolvere
611 2148 860 2195 conatur.
902 2139 1093 2196 Causae
1134 2157 1263 2210 ergo
1289 2143 1579 2211 pensanda:
1609 2151 1755 2209 sunt,

159 2240 218 2287 et
246 2241 381 2287 tunc
418 2232 619 2303 ligandi
652 2242 814 2304 atque
864 2233 1107 2289 solvendi
1154 2243 1396 2304 potestas
1430 2237 1754 2291 exercenda.

163 2324 475 2381 Videndum
507 2333 590 2381 est
620 2340 739 2396 quae
763 2326 917 2397 culpa
951 2327 1258 2397 prtecessit,
1289 2336 1382 2382 aut
1409 2344 1527 2399 quae
1550 2329 1621 2384 sit
1645 2345 1760 2400 poe-

161 2422 401 2478 nitentia
441 2418 627 2478 secut'a
665 2432 787 2493 post
834 2422 1047 2493 culpam
1085 2439 1099 2477 :
1141 2432 1200 2477 ut
1244 2439 1381 2494 quos
1418 2424 1758 2495 omnipotens

162 2514 310 2571 Deus
342 2530 438 2587 per
458 2517 890 2587 compunctionis
916 2518 1147 2586 gratiam
1174 2518 1387 2584 visitat,
1436 2518 1552 2573 illos
1581 2527 1758 2589 pastor

162 2608 245 2663 ris
272 2609 544 2665 sententia
566 2609 830 2664 absolvat.
871 2608 1023 2665 Tunc
1049 2610 1192 2665 enim
1226 2626 1352 2666 vera
1380 2621 1463 2666 est
1492 2610 1756 2665 absolutio

160 2701 511 2773 presideutis
538 2743 553 2768 ,
596 2719 717 2758 cum
765 2703 961 2758 interni
1009 2704 1293 2760 arbitrium
1339 2704 1583 2774 sequitur
1614 2704 1756 2774 judi-

161 2796 266 2852 cis.
298 2816 317 2849 ι
364 2796 431 2851 Et
458 2797 577 2852 illos
605 2812 704 2852 nos
739 2795 996 2853 debemus
1025 2813 1123 2867 per
1154 2798 1481 2868 pastoralem
1519 2798 1758 2852 auctori-

164 2895 340 2943 tatem
365 2887 599 2953 solvere,
626 2902 761 2959 quos
787 2897 1061 2944 auctorem
1098 2899 1341 2944 nostrum
1376 2890 1754 2961 cognoscimus

160 2992 264 3048 per
308 2977 663 3032 suscitantem
710 2978 938 3048 gratiam
969 2978 1265 3034 viviﬁcare.
1328 2980 1457 3047 Quae
1498 2980 1753 3034 nimirum

160 3069 466 3126 viviﬁcatio
495 3080 621 3126 ante
649 3072 1018 3140 operationem
1051 3072 1388 3127 rectitudinis
1417 3073 1468 3125 in
1503 3073 1615 3143 ipsa
1638 3071 1753 3140 jam

162 3163 518 3234 cognoscitur
561 3163 904 3219 confessione
960 3166 1189 3235 peccati,
1228 3179 1347 3233 quae
1409 3179 1512 3219 non
1560 3166 1752 3219 verbo-

163 3262 330 3309 tcnus
361 3262 567 3308 tantum
612 3264 665 3309 et
694 3270 922 3311 summis
962 3257 1050 3310 vix
1094 3256 1253 3311 labiis
1301 3246 1436 3312 solet
1479 3256 1626 3319 ﬁeri,
1660 3258 1753 3312 sed

162 3360 290 3417 quae
338 3361 403 3400 ex
450 3346 643 3401 intimo
672 3348 851 3401 cordis
881 3348 1122 3419 procedit
1165 3347 1393 3413 all‘ectu,
1425 3349 1561 3405 sicut
1587 3348 1755 3402 David

162 3437 348 3492 dixit:
380 3433 599 3493 Peccavi
629 3438 878 3505 Domino,
920 3447 975 3494 et
1009 3441 1196 3495 audire
1237 3442 1463 3507 meruit,
1498 3442 1755 3497 Dominus

158 3527 437 3583 transtulit
462 3540 733 3600 peccatum
768 3539 948 3595 tuum,
976 3548 1079 3584 non
1105 3533 1342 3585 morieris
1371 3531 1454 3601 (II
1495 3532 1617 3603 Reg.
1656 3549 1750 3598 xu,

164 3621 282 3694 i5).
332 3622 398 3676 Et
434 3622 560 3677 item
607 3623 776 3678 dicit:
810 3622 1098 3696 Rugiebam
1129 3642 1159 3678 a
1200 3626 1391 3696 gemitu
1440 3626 1610 3680 cordis
1654 3626 1754 3681 mei

159 3713 344 3789 (Psal.
376 3733 583 3783 xxxvn,
607 3717 695 3787 9);
729 3727 782 3771 et
809 3716 1183 3789 :luiquitatem
1211 3736 1376 3773 meam
1407 3720 1750 3786 annuntiabo,

158 3820 207 3865 et
228 3810 471 3879 cogitabo
509 3828 605 3880 pro
633 3820 841 3880 peccato
885 3827 997 3864 meo
1047 3811 1219 3882 (ibid.,
1260 3829 1303 3866 v.
1352 3812 1460 3883 l9).
1508 3809 1661 3867 Sicut
1701 3821 1756 3866 et

160 3903 217 3958 in
248 3902 619 3968 tribulatione,
654 3921 813 3975 quam
838 3921 934 3975 pro
966 3914 1189 3975 peccato
1220 3906 1456 3961 admisso
1495 3906 1755 3963 sustinuit

160 3993 383 4066 fugiens
411 4010 439 4048 a
480 3994 618 4049 facie
659 3994 750 4049 lilii
784 3997 902 4061 sui,
944 3998 1203 4067 cogitavit
1242 3998 1463 4054 dicens:
1491 3996 1754 4068 Respiciat

163 4087 426 4144 Dominus
455 4088 784 4158 aﬂlictionem
826 4106 1031 4155 meam,
1083 4100 1131 4144 et
1180 4090 1363 4143 reddat
1407 4092 1530 4145 mihi
1560 4092 1750 4145 bonum

160 4194 258 4245 pro
292 4176 658 4232 maledictione
685 4180 782 4233 hac
816 4179 897 4250 (Il
925 4177 1051 4249 Reg.
1083 4196 1195 4245 xw,
1230 4180 1335 4252 l2).
1380 4182 1586 4249 Quibus
1622 4197 1753 4236 con-

162 4277 297 4334 stat,
320 4268 449 4340 quia
481 4269 663 4324 taliter
706 4271 1091 4326 conlitentibus
1119 4286 1219 4327 nec
1256 4273 1554 4327 satislaetio
1592 4275 1753 4330 inter-

162 4361 394 4417 dicenda
425 4372 538 4427 est,
568 4378 668 4419 nec
694 4365 1005 4419 communio
1043 4364 1375 4436 deneganda.
1414 4365 1665 4436 Alioquin
1698 4366 1752 4419 in

154 4449 427 4524 judicium
477 4454 580 4509 sibi
626 4456 872 4527 corporis
914 4457 1053 4511 sacri
1103 4465 1157 4512 et
1210 4457 1489 4528 sanguinis
1530 4458 1752 4529 pretiosi

160 4543 547 4615 Redemptoris
578 4548 747 4604 nostri
778 4558 1117 4605 sacramenta
1149 4559 1516 4621 praesumunt,
1544 4539 1635 4621 qui
1668 4551 1750 4605 iu-

162 4640 401 4697 discrete
427 4656 532 4696 non
556 4642 828 4711 puriﬁcati
864 4643 949 4699 vel
982 4644 1242 4708 absoluti,
1278 4643 1369 4700 sed
1395 4645 1574 4717 potius
1599 4646 1752 4701 sedu-

161 4738 236 4789 cti
263 4741 430 4803 atque
452 4733 660 4804 decepti
690 4743 815 4789 sunt
843 4750 873 4789 a
897 4735 1089 4791 talibus
1113 4737 1441 4806 pastoribus,
1466 4737 1533 4791 de
1558 4737 1753 4808 quibus

162 4828 298 4884 dicit
344 4829 611 4898 propheta
648 4845 662 4881 :
693 4826 785 4883 Va:
826 4830 906 4881 his
948 4830 1037 4901 qui
1079 4837 1337 4883 consuunt
1371 4828 1615 4899 pulvillos
1656 4830 1750 4883 sub

161 4922 307 4976 omni
337 4921 512 4976 cubita
546 4937 733 4975 manus
756 4962 770 4985 ,
824 4931 870 4975 et
897 4920 1099 4990 faciunt
1140 4920 1413 4976 cervicalia
1443 4922 1539 4976 sub
1585 4923 1754 4991 capite

162 5010 426 5066 universae
461 5011 630 5066 vetatis
676 5011 746 5065 ad
792 5011 1074 5081 capiendas
1123 5012 1329 5065 animas
1377 5011 1593 5083 (Ezech.
1624 5027 1749 5081 xm,

136 5071 276 5174 Ι18),
304 5103 362 5158 id
384 5110 470 5159 est
499 5103 757 5158 cadentes
792 5118 823 5156 a
844 5118 938 5157 sua
967 5103 1286 5158 rectitudine
1312 5071 1520 5158 animas
1546 5144 1562 5168 ,
1589 5112 1752 5174 atque

160 5197 218 5252 in
242 5196 408 5267 hujus
432 5197 615 5252 mundi
644 5197 1003 5252 delectatione
1036 5198 1379 5261 reclinantes,
1405 5197 1599 5253 blanda
1622 5198 1753 5253 adu-

161 5288 374 5346 latione
400 5290 666 5356 refovent,
697 5300 757 5345 ut
784 5292 836 5345 in
866 5306 1052 5346 errore
1078 5289 1312 5346 molliter
1333 5290 1583 5359 jaceant,
1616 5306 1752 5360 quos

163 5385 317 5440 nulla
349 5386 618 5454 asperitas
646 5385 1096 5441 contradictionis
1132 5385 1309 5455 pulsat
1345 5386 1545 5454 :‘quod
1577 5394 1752 5441 recto-

162 5494 255 5534 res
282 5477 494 5548 seipsos
519 5488 763 5532 amantes
786 5476 1070 5548 ltisprocul
1090 5476 1251 5531 dubio
1274 5478 1551 5542 exhibent,
1579 5494 1608 5530 a
1632 5479 1751 5548 qui-

162 5570 269 5628 bus
318 5587 378 5626 se
425 5571 608 5626 noceri
638 5585 794 5640 posse
826 5569 880 5624 in
907 5568 1086 5623 studio
1119 5568 1302 5637 gloriae
1343 5570 1660 5640 temporalis
1686 5571 1751 5624 ti-

168 5671 343 5718 ment.
368 5662 446 5717 De
473 5664 674 5732 quibus
705 5663 898 5717 iterum
928 5662 1186 5731 scriptum
1209 5669 1327 5716 est:
1356 5658 1559 5727 Popule
1582 5677 1750 5728 meus,

168 5753 261 5822 qui
282 5764 332 5806 te
360 5754 681 5821 beati/icant,
730 5753 828 5822 ipsi
857 5762 905 5805 te
930 5752 1212 5820 deripiunt,
1246 5762 1291 5804 et
1319 5752 1448 5804 riam
1482 5769 1751 5822 grcssnum

175 5853 387 5898 tuorum
422 5845 677 5913 dissipant
712 5843 861 5915 (Esa.
905 5858 985 5907 ιιι,
1014 5842 1120 5912 12).
1175 5842 1239 5896 Et
1271 5843 1398 5897 item
1435 5861 1445 5896 :
1480 5841 1754 5913 Propheta:

1866 1964 2075 2018 metuit.
2119 1963 2185 2019 Et
2216 1962 2304 2018 ille
2334 1964 2477 2017 enim
2526 1963 2579 2018 in
2626 1964 2930 2035 exemplum
2962 1963 3112 2018 Judm
3162 1964 3329 2020 lilium
3356 1964 3455 2020 ho—

1864 2056 2025 2110 minis
2068 2055 2249 2117 tradit,
2298 2072 2402 2110 non
2434 2056 2653 2127 quidem
2676 2055 2875 2111 Judmis
2901 2057 3297 2127 peccatoribus,
3359 2055 3456 2112 sed
3503 2088 3508 2093 -

1864 2159 2042 2203 tamen
2072 2149 2477 2219 peccatoribus,
2510 2148 2769 2206 membris
2800 2150 3049 2205 videlicet
3083 2150 3215 2217 suis,
3257 2150 3456 2220 quibus

1862 2241 1993 2296 illud
2023 2243 2398 2297 inaestimabile
2453 2254 2506 2297 et
2536 2243 2844 2299 inviolabile
2870 2242 3081 2298 Domini
3112 2259 3309 2316 corpus
3335 2244 3452 2298 vio-

1862 2332 1975 2387 lare
2016 2334 2311 2403 praasumit.
2343 2335 2434 2390 llle
2460 2335 2747 2391 Dominum
2778 2335 2981 2402 vendit,
3009 2336 3099 2406 qui
3132 2335 3247 2405 ejus
3269 2349 3457 2392 amore

1863 2442 1926 2482 ac
1953 2429 2146 2483 timore
2195 2428 2462 2501 neglecto,
2520 2439 2731 2485 terrena
2779 2438 2832 2484 et
2876 2429 3100 2493 caduca,
3136 2429 3243 2485 imo
3289 2429 3454 2484 etiam

1862 2522 2151 2576 criminosa
2202 2521 2319 2593 plus
2363 2538 2546 2577 amare
2596 2531 2648 2576 et
2697 2537 2889 2577 curare
2932 2520 3289 2576 convincitur.
3338 2518 3451 2586 Vae,

1862 2611 2103 2680 inquam,
2147 2610 2221 2664 illi
2277 2612 2515 2678 homini,
2547 2609 2614 2665 de
2664 2627 2770 2682 quo
2819 2609 2998 2677 Jesus,
3052 2610 3143 2681 qui
3192 2608 3454 2664 altaribus

1861 2698 2222 2759 sac'rosanctis
2282 2704 2423 2758 inter
2467 2704 2851 2759 immolandum
2878 2725 2906 2769 ,-
2942 2713 3126 2774 utpote
3175 2703 3453 2775 proposita

1860 2790 2297 2860 Cort'secraturus,
2323 2797 2515 2851 adesse
2548 2812 2653 2851 non
2690 2797 2985 2862 dubitatur,
3016 2796 3321 2852 astantibus
3347 2794 3452 2851 sibi

1861 2888 2125 2943 ministris
2151 2888 2484 2953 c.:|estibus,
2523 2888 2672 2958 queri
2722 2888 2948 2958 cogitur,
2994 2887 3149 2953 Ecce,
3180 2887 3449 2958 inquiens,

1860 2996 2046 3033 manus
2082 2979 2336 3032 tradentis
2376 2997 2454 3032 me
2487 2994 2688 3032 mecum
2717 2988 2791 3032 est
2823 2978 2877 3032 in
2906 2995 3104 3032 mensa.
3142 2977 3211 3032 Et
3253 2976 3455 3034 Paulus

1860 3072 1987 3127 dicit
2013 3090 2023 3125 :
2061 3070 2117 3125 Si
2144 3071 2258 3141 quis
2286 3070 2451 3140 frater
2478 3072 2799 3133 nominatur,
2847 3078 2894 3124 et
2920 3080 2995 3124 est
3026 3070 3334 3140 fornicator,
3363 3077 3454 3123 aut

1860 3180 2051 3218 avarus
2076 3203 2090 3229 ,
2125 3174 2215 3217 aut
2242 3162 2394 3217 idolis
2421 3163 2648 3217 serviens
2677 3203 2691 3227 ,
2721 3171 2811 3215 aut
2841 3161 3151 3228 maledicus,
3181 3171 3268 3215 aut
3288 3162 3456 3216 ebrio.

1781 3224 1827 3288 Ο
1860 3276 1972 3324 sus,
2011 3267 2099 3310 aut
2131 3274 2317 3327 rapax,
2375 3274 2493 3310 cum
2534 3255 2838 3327 hujusmodi
2882 3273 2974 3311 nec
3030 3257 3200 3310 cibum
3249 3271 3455 3310 sumere

1860 3350 1908 3423 (1
1940 3347 2043 3404 Cor
2067 3366 2120 3415 v,
2156 3350 2261 3421 ll).
2299 3349 2363 3403 Et
2391 3350 2518 3404 item
2569 3349 2697 3403 dicit
2725 3367 2738 3402 :
2774 3347 2951 3420 Iniqui
2983 3364 3197 3419 regnum
3227 3346 3318 3401 Dei
3349 3362 3454 3400 non

1855 3444 2208 3519 possidebunt.
2264 3442 2445 3498 Nolite
2471 3461 2669 3505 errare.
2718 3461 2882 3515 neque
2934 3442 3231 3512 fornicarii,
3285 3431 3455 3514 neque

1856 3538 2011 3593 idolis
2054 3538 2353 3603 servientes,
2386 3554 2548 3608 neque
2585 3535 2833 3602 adulteri,
2858 3552 3019 3608 neque
3061 3532 3263 3601 molles,
3293 3551 3455 3611 neque

1858 3628 2211 3684 masculorum
2236 3626 2613 3691 concubitores,
2658 3643 2820 3697 neque
2857 3625 3027 3697 fures,
3078 3642 3245 3697 neque
3281 3626 3452 3691 avari,

1858 3737 2021 3791 neque
2045 3719 2255 3783 ebriosi,
2290 3735 2452 3789 neque
2483 3718 2746 3781 maledici,
2774 3735 2937 3790 neque
2969 3734 3183 3789 rapaces
3238 3733 3453 3787 regnum

1856 3812 1953 3866 Dei
1990 3811 2327 3881 possidebunt
2360 3809 2411 3883 (1
2442 3809 2563 3864 (for.
2592 3826 2668 3876 Vl,
2693 3809 2747 3876 9,
2780 3809 2888 3881 10).
2942 3809 3009 3864 Et
3048 3809 3177 3865 item
3214 3827 3226 3862 :
3258 3806 3456 3862 Forni-

1857 3913 2057 3957 calores
2101 3912 2149 3956 et
2187 3901 2453 3955 adulteros
2492 3899 2753 3969 judicabit
2801 3898 2941 3953 Deus
2997 3896 3183 3969 (Hebr.
3218 3914 3336 3963 xttt,
3374 3896 3450 3969 4).

1856 3992 1922 4048 Et
1942 3995 2072 4049 item
2098 4011 2111 4046 :
2148 3991 2313 4047 Omne
2339 4000 2606 4060 peccatum
2631 4031 2646 4056 ,
2691 3991 3034 4061 quodcunque
3073 3992 3251 4059 fecerit
3276 3992 3450 4054 homo,

1855 4097 2001 4140 extra
2033 4100 2221 4154 corpus
2271 4091 2390 4139 est:
2436 4082 2524 4153 qui
2583 4089 2757 4135 autem
2808 4081 3120 4151 fornicatur,
3173 4081 3228 4135 in
3265 4097 3454 4152 corpus

1854 4194 2009 4232 suum
2039 4186 2214 4246 peccat
2245 4171 2297 4247 (I
2327 4173 2448 4227 Cor.
2487 4189 2570 4239 vr,
2605 4173 2711 4241 l8).
2752 4171 2903 4247 Unde
2928 4172 3246 4227 Ambrosius
3270 4180 3454 4225 osten-

1855 4268 2334 4339 ditgravissimum
2361 4280 2482 4321 esse
2530 4274 2833 4336 peccatum,
2880 4266 3004 4336 quia
3037 4279 3101 4320 ex
3139 4265 3243 4320 hoc
3290 4280 3453 4320 omne

1856 4360 2061 4431 deperit
2086 4373 2302 4429 corpus,
2335 4358 2388 4410 in
2422 4358 2630 4411 cmteris
2671 4366 2850 4413 autem
2899 4357 3133 4428 peccatis
3158 4358 3334 4427 portio
3360 4372 3453 4426 pe-

1858 4453 1949 4518 rit,
1988 4466 2094 4505 non
2125 4458 2316 4505 totum.
2375 4448 2568 4504 Totum
2598 4450 2743 4504 enim
2791 4464 2986 4520 corpus
3013 4448 3096 4502 vir
3125 4456 3208 4503 est
3233 4455 3289 4504 et
3334 4463 3451 4504 mu-

1859 4542 1977 4607 lier,
2003 4542 2127 4613 quia
2158 4541 2337 4614 portio
2394 4540 2497 4595 viri
2532 4548 2615 4595 est
2664 4538 2901 4594 mulier:
2951 4539 3257 4609 quicunque
3304 4536 3450 4594 enim

1858 4634 2003 4688 aliud
2046 4640 2330 4703 peceatum
2381 4632 2682 4704 admiserit,
2729 4639 2882 4686 extra
2932 4644 2989 4685 se
3028 4639 3233 4700 peccat,
3287 4628 3451 4687 forni-

1856 4727 2037 4781 carius
2066 4740 2194 4779 vero
2220 4724 2274 4778 in
2297 4738 2516 4778 carnem
2548 4738 2699 4778 suam
2726 4729 2937 4793 peccat.
2963 4722 3280 4792 Quanquam
3304 4721 3451 4777 enim

1856 4817 2033 4872 omnia
2058 4823 2278 4886 peccata
2308 4813 2581 4869 carnalem
2607 4814 2875 4869 hominem
2908 4822 3182 4882 praestent,
3221 4812 3323 4867 hoc
3368 4819 3450 4866 ta-

1854 4922 1978 4962 men
2008 4906 2317 4977 specialiter
2343 4906 2668 4961 desiderium
2696 4904 2875 4959 carnis
2894 4912 2997 4969 est,
3028 4901 3171 4973 quod
3198 4903 3448 4959 sordibus

1855 5000 2181 5055 maculatam
2232 4999 2469 5053 animam
2512 5011 2633 5051 cum
2674 5009 2901 5064 corpore
2935 4992 3096 5047 tradit
3143 4991 3442 5062 gehennze:

1856 5093 1981 5163 quia
2008 5093 2148 5146 victa
2178 5090 2358 5144 anima
2407 5105 2436 5143 a
2468 5088 2689 5143 libidine
2718 5086 2898 5142 carnis
2928 5083 2988 5138 lit
3012 5099 3159 5149 caro,
3207 5084 3346 5139 sicut
3390 5092 3447 5140 et

1858 5204 2054 5259 corpus
2083 5195 2231 5241 recte
2260 5186 2616 5257 gubernatum
2668 5178 2912 5251 spiritale
2950 5175 3265 5247 appellatur.
3314 5174 3445 5231 Ani-

1858 5299 1979 5339 mus
2009 5292 2186 5335 tamen
2208 5288 2309 5343 cst,
2336 5279 2424 5346 qui
2455 5285 2546 5331 aut
2572 5275 2750 5330 victus
2776 5270 3043 5327 illecebris
3070 5276 3236 5322 totum
3266 5267 3442 5323 homi-

1856 5394 1978 5433 nem
2012 5388 2268 5430 carneum
2307 5372 2456 5437 fecit,
2490 5375 2579 5423 aut
2622 5368 2674 5421 in
2702 5366 2886 5436 vigore
2934 5370 3141 5417 natura:
3190 5376 3299 5416 suze
3330 5374 3443 5416 ma-

1856 5486 2014 5536 nens,
2045 5467 2194 5524 carni
2217 5471 2438 5536 pnestat
2462 5468 2521 5515 ut
2541 5458 2798 5529 spiritalis
2842 5456 3071 5510 dicatur.
3104 5454 3443 5524 Quapropter

1856 5569 2154 5615 sanxerunt
2206 5555 2409 5624 Spiritu
2460 5561 2649 5607 sancto
2682 5551 2734 5603 in
2786 5563 2843 5603 se
2877 5547 3128 5615 loquente
3172 5558 3439 5600 canonum

1854 5652 2161 5707 conditores
2193 5655 2252 5700 ttt
2276 5661 2304 5698 a
2330 5641 2706 5698 communione
2734 5638 2865 5694 tales
2906 5637 3151 5692 homines
3173 5649 3347 5706 usque
3371 5635 3441 5691 ad

1858 5742 2283 5797 satisfactionem
2349 5744 2703 5805 separentur:
2753 5731 3005 5801 quoniam
3052 5729 3144 5799 qui
3188 5726 3348 5783 alieni
3406 5741 3439 5783 ι

1858 5851 2022 5905 regno
2058 5832 2151 5886 Dei
2185 5838 2326 5893 sunt,
2364 5827 2430 5881 ab
2457 5824 2719 5890 Ecclesia,
2747 5839 2865 5893 quas
2888 5832 2944 5879 et
2972 5836 3193 5892 regnum
3241 5818 3441 5876 Deiels
