4026 6340
621 327 721 386 Ἡι

1617 317 1942 375 lllNCMAl‘d
1983 314 2374 372 RllEMENSIS
2408 313 2921 372 ARCHIEPISCOPI

3725 329 3808 388 7i!

620 435 1034 498 etnominatur,
1064 446 1232 500 usque
1261 433 1324 484 ad
1358 430 1747 486 correctionem
1780 438 1834 484 et
1873 428 2194 482 satisfactio-
2225 431 2268 488 Δ
2292 424 2680 492 iudicaremur,
2713 427 2763 480 id
2809 436 2892 482 est
2931 427 3430 486 condemnarenmr.
3479 431 3540 488 Et
3580 435 3683 494 ideo
3699 443 3806 500 sacri

621 542 747 585 nem
779 527 975 582 debent
996 525 1170 578 modis
1192 522 1440 577 omnibus
1465 521 1701 590 separari
1731 538 1742 573 :
1773 529 1826 574 et
1857 537 1978 573 cum
2002 520 2198 588 quibus

620 618 824 676 Christi
862 615 1150 684 discipulos
1184 614 1362 667 cilmm
1413 628 1624 668 sumere
1671 628 1774 667 non
1833 620 2067 681 oportet,
2118 611 2198 666 eis

623 711 750 765 dare
774 722 982 764 sacram
1014 705 1442 761 communionem
1484 720 1588 758 non
1621 704 1816 759 debent
1846 703 2056 757 Domini
2106 718 2196 757 sa-

621 799 885 862 cerdotes,
927 797 1042 865 ipso
1073 794 1388 866 prohibente
1416 795 1469 848 in
1498 794 1821 865 Evangelio:
1859 793 2036 847 Nolite
2071 794 2198 847 dare

619 898 858 945 sanctum
917 887 1131 940 canibus
1187 884 1400 953 (Matth.
1448 900 1546 948 vn,
1595 885 1670 953 6).
1705 884 1900 950 Quales
1952 884 2200 954 designat

621 982 814 1039 Petrus
860 981 1081 1036 dicens:
1125 977 1273 1034 Sicut
1317 995 1404 1032 sus
1452 977 1559 1032 lota
1589 979 1640 1032 in
1690 976 1956 1032 volatabro
1985 976 2102 1040 luti,
2149 985 2199 1029 et

621 1072 788 1146 648
811 1073 956 1127 canis
986 1086 1216 1124 reversus
1243 1069 1311 1122 ad
1350 1069 1596 1122 vomitum
1646 1084 1798 1121 suum
1857 1068 1978 1121 talis
2006 1074 2081 1120 est
2111 1065 2198 1136 (II

625 1162 772 1218 Petr.
804 1179 862 1228 ll,
895 1162 1020 1233 22),
1050 1171 1111 1216 ut
1139 1160 1391 1216 Salomon
1423 1160 1585 1225 dicit,
1616 1157 1822 1214 Stultus
1848 1159 2043 1212 iterans
2071 1157 2200 1212 stul-

623 1255 793 1308 titiam
819 1270 970 1308 suam
1006 1250 1190 1322 (Prov.
1222 1267 1370 1315 xxw,
1404 1251 1512 1320 11).
1545 1249 1612 1305 Et
1635 1250 1804 1319 quiin
1834 1256 2054 1319 peccato
2088 1263 2201 1303 ma-

624 1359 780 1410 nens,
806 1342 891 1398 vel
924 1351 1049 1397 ante
1077 1343 1464 1398 correctionem
1487 1381 1502 1406 ,
1547 1349 1600 1394 et
1625 1339 2045 1394 satisfactionem
2077 1354 2201 1408 pec-

626 1436 731 1490 cati
784 1431 1111 1498 criminaiis,
1168 1433 1502 1489 Dominicam
1553 1447 1762 1488 coenam
1813 1431 2090 1501 praesumit
2135 1431 2201 1486 ad

625 1525 1081 1590 manducandum,
1129 1523 1184 1578 in
1227 1539 1378 1579 suam
1407 1522 1912 1578 condemnationem
1933 1562 1947 1585 ,
1978 1530 2038 1576 ut
2065 1535 2202 1589 pra:-

624 1617 892 1682 misimus,
917 1617 1159 1674 eamdem
1181 1631 1390 1672 orenam
1421 1616 1718 1686 praesumit,
1745 1622 2036 1669 attestante
2063 1611 2206 1681 Apo-

625 1708 801 1765 stolo:
836 1707 1160 1779 Quicunque,
1189 1707 1381 1776 inquit,
1419 1708 1524 1760 edit
1558 1723 1744 1776 panem
1775 1706 1934 1770 hunc,
1967 1712 2057 1759 aut
2081 1703 2205 1758 bibit

2300 533 2536 572 canones
2595 529 2932 583 sanxerunt,
2990 527 3050 574 ut
3101 522 3169 574 ad
3225 521 3482 591 judicium
3539 530 3809 585 sacerdotale

2299 617 2680 663 removeantur
2708 607 2790 662 vel
2829 609 3165 663 resocientttr
3191 622 3478 679 peccantes
3530 631 3668 671 sacro
3709 621 3810 675 alta-

2299 699 2402 763 rio,
2427 699 2644 754 dicente
2695 699 2921 754 Domino
2948 700 3012 752 ad
3061 699 3318 769 leprosos,
3361 704 3448 772 qui
3478 707 3812 776 prmsignabant

2300 789 2446 859 lepra
2500 799 2843 859 peccatorum
2885 791 2937 844 in
2991 791 3227 847 Ecclesia
3282 811 3424 849 nunc
3469 798 3704 864 perfusos,
3735 801 3808 866 Ite,

2301 883 2555 936 ostendite
2583 899 2670 936 vos
2703 883 3061 937 sacerdotibus
3095 883 3248 954 (Luc.
3281 901 3413 951 xvn,
3456 889 3568 957 Η),
3599 899 3648 943 ut
3669 906 3812 946 secuit.

2301 973 2426 1026 dum
2459 974 2602 1044 quod
2633 973 2865 1036 viderint
2897 975 3318 1044 magnitudinem
3365 978 3445 1031 vel
3483 979 3813 1039 multitudinem

2301 1074 2644 1136 peccatorum
2682 1067 2735 1122 in
2780 1069 3147 1138 peccantibus,
3179 1078 3233 1122 et
3258 1071 3694 1127 consideraverint
3729 1076 3815 1131 illo-

2303 1173 2424 1212 rum
2451 1158 2666 1227 dignam
2707 1157 3156 1233 satisfactionem,
3201 1161 3275 1214 ita
3305 1169 3359 1216 et
3404 1161 3597 1231 absque
3615 1180 3815 1234 persona-

2302 1267 2420 1305 rum
2493 1249 2808 1319 acceptione
2876 1260 3117 1321 tempora
3182 1252 3515 1307 constituant
3580 1256 3813 1323 paenitendi

2301 1339 2531 1412 649m
2547 1339 2933 1395 reconciliandi
2961 1357 3079 1405 eos,
3110 1357 3177 1395 ne
3202 1341 3254 1395 in
3277 1340 3539 1409 judicium
3553 1353 3602 1398 et
3624 1346 3816 1400 condem-

2303 1433 2578 1487 nationem
2635 1441 2857 1486 sumant
2902 1431 3044 1502 quod
3075 1433 3336 1489 Dominus
3371 1434 3437 1488 ad
3458 1433 3815 1506 redemptionem

2305 1531 2360 1577 et
2389 1522 2614 1577 salutem
2648 1523 2997 1578 credentibus
3021 1524 3271 1579 contulit.
3320 1525 3392 1578 At
3417 1525 3459 1580 si
3488 1535 3714 1594 peccator
3739 1538 3817 1582 tar-

2307 1613 2408 1668 dus
2434 1613 2500 1667 ad
2543 1615 3056 1686 recognoscendunt,
3091 1615 3371 1687 negligens
3396 1618 3462 1671 ad
3499 1617 3548 1671 id
3576 1618 3697 1687 quod
3727 1635 3816 1688 pec-

2308 1705 2452 1760 cavit
2495 1707 2888 1776 pmnitendum,
2926 1714 2979 1761 et
3025 1707 3416 1774 conﬁtendum,
3469 1721 3620 1780 atque
3662 1707 3818 1766 satisfa-

626 1799 842 1854 calicem
879 1799 1094 1854 Domini
1132 1799 1363 1869 indigne,
1394 1814 1514 1853 reus
1545 1799 1642 1852 erit
1670 1797 1899 1862 corporis
1919 1804 1967 1848 et
1989 1793 2206 1864 sangui-
2235 1792 2282 1852 B
2311 1796 2560 1851 ciendum
2587 1797 2879 1861 exstiterit,
2903 1798 3222 1868 episc0palis
3245 1813 3378 1854 cura
3407 1814 3525 1854 eum
3547 1816 3817 1858 commonere

625 1891 706 1946 nis
721 1889 1000 1962 Dominii(l
1025 1889 1147 1946 Cor.
1165 1906 1238 1954 XI,
1255 1890 1368 1961 27).
1387 1889 1540 1945 Unde
1555 1896 1772 1944 sanctus
1788 1885 2106 1942 Ambrosius
2127 1885 2209 1940 di-

626 1981 738 2037 cit:
779 1979 917 2047 Quid
938 1987 1020 2036 est
1039 1988 1220 2036 autem
1252 1995 1403 2035 reum
1433 1993 1554 2036 esse
1581 1978 1825 2048 corporis
1847 1985 1903 2031 et
1931 1975 2210 2048 sanguinis

627 2073 861 2140 Domini,
905 2073 1009 2130 nisi
1062 2087 1250 2144 ptenas
1278 2075 1409 2128 dare
1460 2073 1652 2127 mortis
1687 2071 1947 2126 Domini?
1987 2069 2210 2125 Occisus

626 2175 712 2222 est
730 2166 874 2221 enim
896 2180 995 2236 pro
1018 2165 1104 2221 his
1131 2165 1223 2236 qui
1265 2163 1585 2220 beneﬁcium
1625 2161 1741 2230 ejus
1772 2163 1827 2216 in
1858 2161 2071 2216 irritum
2107 2161 2210 2215 du-

628 2266 775 2312 cunt.
846 2253 1040 2311 Probet
1083 2266 1278 2321 autem,
1343 2255 1474 2310 dicit
1527 2255 1723 2310 iterum
1779 2253 1993 2316 Paulus,
2057 2254 2212 2307 homo

629 2349 876 2419 seipsum,
907 2358 956 2404 et
993 2349 1068 2404 sic
1095 2348 1161 2402 de
1180 2365 1314 2419 pane
1337 2347 1428 2402 illo
1476 2347 1637 2413 edat,
1677 2356 1724 2400 et
1755 2346 1818 2400 de
1864 2345 2026 2400 calice
2072 2345 2212 2398 bibat

633 2437 830 2510 (ibid.,
877 2437 999 2511 28).
1053 2437 1290 2494 Probare
1328 2438 1471 2493 enim
1520 2437 1778 2509 seipsum,
1823 2437 1877 2491 id
1927 2445 2010 2491 est
2044 2435 2216 2492 corri-

631 2544 759 2602 gere
792 2545 851 2585 se
901 2529 1058 2586 debet
1085 2530 1249 2585 homo
1277 2546 1307 2584 a
1337 2539 1580 2600 peccato,
1630 2539 1685 2585 et
1712 2529 1887 2600 ipsum
1919 2530 2212 2599 reprobare

631 2632 935 2694 peccatum,
985 2631 1040 2676 et
1090 2632 1215 2694 post
1259 2623 1474 2694 dignam
1503 2621 1927 2678 satisfactionem
1955 2621 2214 2676 accedere

631 2715 700 2769 ad
748 2731 957 2770 sacram
1002 2715 1459 2780 communionem,
1506 2723 1564 2769 ut
1593 2714 1731 2769 sciat
1776 2729 1928 2768 mens
1958 2727 2213 2768 reveren-

632 2805 766 2860 tiam
801 2819 859 2860 se
882 2805 1078 2860 debere
1106 2805 1175 2870 ei,
1213 2805 1280 2860 ad
1307 2805 1461 2875 cujus
1483 2820 1680 2874 corpus
1708 2804 2026 2858 sumendum
2055 2817 2215 2858 acce-

634 2897 731 2951 dit.
764 2895 878 2951 Hoc
903 2895 1046 2952 enim
1073 2895 1213 2966 apud
1242 2912 1300 2952 se
1321 2898 1478 2952 debet
1506 2897 1774 2968 judicare,
1807 2896 1930 2966 quia
1960 2896 2216 2951 Dominus

633 2998 717 3044 est
763 2989 918 3059 cujus
945 3003 1140 3059 corpus
1187 2991 1351 3045 sumit
1379 3001 1431 3044 et
1461 2990 1798 3059 sanguinem.
1826 2989 1893 3044 Et
1915 2991 2056 3058 quod
2091 2989 2216 3044 sub-

635 3081 899 3150 sequitur,
929 3079 1057 3134 Ideo
1082 3081 1137 3136 in
1163 3082 1304 3136 vobis
1334 3081 1486 3135 multi
1507 3082 1724 3151 inﬁrmi,
1757 3091 1804 3136 et
1835 3080 2133 3145 imbecilles,
2164 3088 2214 3135 et

2313 1887 2760 1942 dissimulandum
2796 1901 2902 1942 non
2930 1887 3111 1952 ducat,
3141 1903 3352 1942 memor
3384 1890 3647 1944 sententia:
3665 1891 3744 1944 sibi
3763 1890 3818 1944 di-

2310 1981 2484 2036 centis
2503 1998 2515 2034 :
2539 1979 2600 2034 Si
2611 1981 2949 2051 spoponderis
2963 1998 3056 2051 pro
3075 1982 3246 2036 amico
3271 1991 3384 2047 tuo,
3403 1983 3619 2053 deﬁxisti
3629 1985 3741 2054 apud
3756 2001 3817 2038 ex.

2312 2081 2554 2125 truncum
2578 2087 2792 2125 manum
2814 2080 2960 2126 tuam
2991 2070 3175 2142 (Prov.
3205 2088 3288 2138 vt,
3315 2072 3393 2142 1),
3418 2074 3562 2130 idest
3583 2076 3622 2130 si
3645 2075 3816 2130 animam

2313 2160 2500 2216 fratris
2531 2163 2583 2216 in
2611 2161 2850 2232 periculo
2878 2171 2982 2217 tua:
3010 2164 3444 2220 conversationis
3468 2166 3726 2237 acceperis,
3739 2167 3816 2235 jam

2313 2253 2492 2326 ligasti
2527 2264 2764 2311 mentem
2789 2256 2930 2328 apud
2958 2272 3144 2312 curam
3177 2258 3568 2324 sollicitudinis,
3595 2276 3695 2331 quae
3731 2271 3815 2316 ante

2315 2349 2500 2404 deerat
2529 2365 2687 2419 quam
2716 2350 2986 2418 pastorale
3011 2349 3244 2406 ofﬁcium
3275 2368 3515 2409 sumeres
3537 2372 3550 2407 :
3572 2352 3815 2425 illaqueatus

2314 2453 2374 2494 es
2401 2440 2580 2494 verbis
2606 2439 2716 2494 oris
2741 2440 2838 2505 tui,
2863 2450 2917 2494 et
2941 2449 3130 2511 captus
3157 2442 3395 2512 propriis
3423 2445 3739 2505 sermonibus,
3754 2443 3814 2511 qui

2316 2531 2441 2585 dum
2479 2530 2781 2585 commissis
2808 2530 2902 2586 tibi
2928 2531 3136 2602 cogeris
3159 2533 3302 2588 bona
3328 2533 3648 2602 przedicando
3671 2533 3813 2594 dicere,

2317 2623 2546 2692 teipsnm
2575 2622 2722 2691 prius
2748 2637 2970 2678 necesse
2993 2632 3076 2678 est
3101 2639 3220 2692 qua:
3249 2624 3456 2679 dixeris
3476 2625 3723 2681 custodire.
3739 2621 3814 2676 Fac

2315 2730 2438 2784 ergo
2468 2713 2606 2784 quod
2631 2713 2770 2777 dico,
2802 2713 2880 2782 ﬁli
2907 2717 3000 2781 mi,
3024 2725 3071 2769 et
3097 2717 3428 2785 temetipsum
3454 2717 3633 2779 libera;
3654 2716 3746 2785 quia
3761 2715 3814 2767 itt-

2316 2805 2488 2860 cidisti
2504 2806 2558 2860 in
2583 2822 2796 2859 manum
2817 2805 3040 2874 proximi
3066 2806 3168 2870 tui,
3187 2806 3449 2870 discurre,
3472 2807 3658 2876 festina,
3678 2805 3812 2858 suscita

2317 2896 2544 2950 amicum
2593 2905 2737 2950 tuum
2779 2896 2950 2966 (ibid.,
2983 2897 3081 2953 '5):
3123 2911 3230 2951 non
3281 2907 3486 2952 tantum
3530 2897 3629 2966 ipse
3662 2892 3815 2950 benen-

2318 2989 2492 3043 vendo
2536 2988 2761 3059 vigilare
2810 2996 3106 3053 memento,
3153 2989 3251 3042 sed
3284 2997 3339 3044 et
3370 2989 3512 3043 illum
3547 2988 3622 3043 cui
3646 2998 3812 3056 precs:

2318 3081 2524 3152 peccati
2549 3091 2762 3151 torpore
2782 3081 3096 3151 pmtlicando
3119 3080 3392 3152 disiunge.
3428 3079 3507 3134 Ne
3531 3079 3702 3133 dederis
3722 3090 3815 3128 san-

635 3173 902 3226 dormiunt
935 3170 1086 3226 multi
1129 3171 1180 3243 (I
1217 3171 1340 3227 Cor.
1374 3187 1452 3237 XI,
1491 3173 1607 3244 30),
1657 3174 1724 3227 ad
1777 3174 1880 3228 hoc
1929 3173 2129 3243 posuit,
2159 3181 2218 3226 ut
2244 3153 2289 3215 (ἶ
2323 3191 2445 3229 num
2473 3173 2636 3228 oculis
2664 3175 2787 3240 tuis,
2834 3191 2924 3227 nec
2963 3173 3248 3228 dormitent
3284 3173 3539 3245 palpebra:
3577 3184 3664 3225 tua?
3692 3166 3814 3238 (tbidq

636 3265 925 3336 imaginem
950 3267 1259 3322 ostenderet
1279 3266 1467 3335 judicii
1498 3268 1550 3321 in
1579 3283 1673 3323 eos
1705 3267 1796 3338 qui
1821 3267 2218 3322 inconsiderate

636 3359 849 3415 Domini
872 3373 1070 3430 corpus
1097 3359 1370 3430 accipiunt
1401 3377 1414 3413 :
1447 3359 1572 3429 quia
1597 3359 1735 3414 sicut
1761 3358 1837 3414 illi
1869 3357 2220 3427 corporaliter

637 3452 1056 3508 inﬁrmabantur
1106 3462 1162 3509 et
1201 3453 1608 3522 moriebantur,
1653 3455 1728 3509 ita
1793 3454 2101 3526 quicunque
2165 3455 2217 3510 in

634 3554 860 3615 peccato
902 3553 1104 3611 manet,
1137 3545 1221 3601 vel
1243 3544 1492 3601 allectum
1522 3546 1778 3616 peccandi
1808 3545 1990 3609 habet,
2019 3553 2075 3600 et
2101 3560 2220 3600 cor-

636 3651 738 3706 pus
760 3643 814 3690 et
838 3635 1156 3707 sanguinem
1188 3635 1398 3692 Domini
1430 3639 1611 3701 sumit,
1665 3638 1805 3692 unde
1847 3638 2012 3692 vitam
2040 3644 2222 3706 posset

638 3728 906 3800 accipere,
936 3729 981 3785 si
1012 3730 1277 3802 condigna
1313 3731 1680 3787 satisfactione
1709 3740 1830 3803 post
1859 3732 2076 3803 dignam
2105 3747 2222 3802 poe-

639 3821 923 3876 nitentiam
967 3819 1442 3877 sacramenta'illa
1486 3823 1791 3894 acciperet,
1840 3824 1963 3879 inde
1989 3833 2220 3878 mortem

638 3912 739 3967 sibi
765 3912 980 3985 indigne
1001 3914 1312 3985 accipiendo
1337 3916 1581 3970 assumit.
1614 3914 1679 3969 Et
1706 3916 1751 3969 si
1774 3925 1976 3986 quaerat
2005 3915 2216 3984 aliquis,

639 4022 808 4076 quare
829 4007 992 4061 etiam
1025 4023 1166 4062 nunc
1193 4007 1520 4078 accipientes
1552 4007 1768 4078 indigne
1797 4022 1905 4061 non
1937 4005 2220 4060 inﬁrman-

641 4108 730 4153 tur
755 4098 837 4153 vel
867 4099 1191 4163 moriuntur,
1224 4099 1364 4154 sicut
1411 4109 1537 4153 tunc
1560 4098 1992 4162 inﬁrmabantur,
2023 4107 2078 4152 et
2112 4113 2224 4152 mo-

639 4192 939 4258 riebantur,
994 4192 1218 4262 accipiat
1246 4192 1388 4261 quod
1417 4207 1524 4245 non
1556 4190 1692 4243 dixit
1716 4188 2006 4257 Apostolus
2032 4203 2220 4254 omnes

640 4283 902 4338 inﬁrmari
952 4283 1036 4336 vel
1067 4283 1226 4348 mori,
1258 4284 1352 4337 sed
1401 4283 1574 4345 multi,
1603 4283 1794 4350 inquit,
1824 4280 1957 4350 ﬁunt
1999 4273 2216 4348 inﬁrmi,

638 4385 683 4429 et
717 4375 868 4427 multi
888 4374 1204 4427 moriuntur.
1253 4376 1316 4424 lat
1342 4373 1394 4426 in
1426 4372 1722 4442 primordio
1753 4371 2006 4426 Ecclesia
2037 4385 2222 4426 neces-

639 4467 782 4520 saria
831 4475 988 4519 erant
1009 4463 1309 4535 corporalia
1335 4465 1506 4534 signa,
1548 4478 1695 4518 nunc
1728 4471 1907 4517 autem
1929 4477 2058 4516 vera
2088 4462 2220 4518 ﬁdes

640 4561 798 4614 debet
827 4558 1090 4613 sufﬁcere.
1118 4557 1213 4612 Est
1241 4567 1296 4612 et
1324 4557 1486 4616 aliud.
1519 4559 1643 4627 quia
1666 4559 1806 4612 sicut
1833 4558 2092 4627 scriptum
2115 4566 2218 4622 est,

638 4649 708 4705 In
745 4649 850 4718 [ine
883 4649 1062 4703 seculi
1101 4649 1196 4703 erit
1236 4650 1312 4702 sol
1353 4649 1484 4702 sicut
1516 4665 1699 4703 saccus
1748 4648 1987 4702 cilicinus
2031 4648 2216 4718 (Apoc.

639 4757 714 4808 vi,
749 4741 856 4813 12),
901 4741 952 4794 id
1001 4751 1087 4796 est
1114 4739 1354 4796 Ecclesia
1401 4742 1453 4794 in
1485 4740 1662 4795 luctus
1699 4739 2062 4794 amaritudine
2101 4740 2220 4794 sine

640 4836 1021 4892 miraculorum
1038 4835 1428 4898 coruscatione,
1453 4843 1512 4889 ut
1536 4834 1746 4905 probati
1775 4833 2045 4888 manifesti
2069 4831 2216 4886 ﬁant.

637 4928 706 4983 Et
729 4929 853 4998 quia
877 4928 1094 4999 quidam
1132 4927 1476 4998 corriguntur
1525 4927 1990 4981 communicantes
2015 4924 2220 4994 simpli-

639 5023 794 5087 citer,
848 5021 974 5077 licet
999 5029 1184 5092 postea
1224 5029 1447 5091 peccent
1475 5029 1533 5074 ut
1577 5021 1802 5076 Petrus:
1837 5021 2054 5089 quidam
2089 5019 2220 5073 tole-

641 5126 832 5170 rantur
862 5115 1095 5186 maligne
1138 5115 1630 5178 communicantes,
1664 5122 1724 5168 ut
1768 5110 1936 5168 Iudas
1963 5111 2053 5182 qui
2091 5126 2221 5166 suus

640 5207 907 5264 homicida
941 5206 1198 5270 existens,
1223 5205 1485 5260 exitiabili
1511 5205 1656 5258 exitu
1681 5204 2071 5258 demonstravit
2091 5203 2220 5271 quid

641 5299 816 5352 anima
845 5301 1079 5367 patiatur
1103 5313 1246 5353 nunc
1274 5298 1390 5352 sine
1420 5311 1647 5368 corpore
1670 5337 1684 5358 ,
1715 5305 1769 5352 et
1791 5295 1921 5365 quid
1951 5295 2222 5350 aeternali-

643 5399 722 5446 ter
752 5391 986 5460 patietur
1017 5405 1137 5445 cum
1164 5404 1408 5459 corpore,
1442 5390 1697 5458 quoniam
1725 5390 1776 5441 in
1814 5386 2076 5455 judicium
2117 5386 2219 5442 sibi

641 5485 821 5538 divina
862 5483 1117 5552 mystetia
1144 5482 1490 5537 manducavit
1540 5491 1592 5536 et
1619 5481 1770 5537 bibit.
1828 5480 1894 5534 Et
1917 5480 2057 5549 quod
2100 5481 2222 5534 sub-

636 5576 835 5647 jungit,
906 5574 966 5630 Si
1029 5577 1364 5645 nosmetipsos
1411 5576 1824 5644 dijudicaremus
1853 5614 1867 5637 ,
1910 5590 2012 5627 non
2046 5573 2223 5643 utique

637 5665 1000 5736 judicaremur
1025 5664 1076 5736 (I
1099 5665 1218 5718 Cor.
1248 5682 1324 5730 χι,
1345 5667 1456 5735 5i),
1487 5666 1588 5719 hoc
1611 5666 1755 5727 dicit,
1783 5665 1907 5732 quia
1924 5665 1965 5717 si
1993 5673 2226 5717 nosmet-

641 5759 744 5826 ipsi
792 5772 1006 5813 crrores
1043 5768 1257 5813 nostros
1301 5759 1725 5827 corrigeretnus,
1779 5773 1881 5812 non
1923 5772 1953 5812 a
1997 5756 2226 5810 Domino

2317 3271 2413 3341 4).
2475 3270 2736 3327 Somnum
2795 3271 2888 3326 dat
2949 3271 3118 3327 oculis
3181 3273 3277 3343 qui
3338 3273 3650 3328 subditorum
3685 3276 3815 3322 curam

2319 3367 2540 3422 omnino
2578 3367 2802 3438 negligit
2838 3385 2851 3419 :
2890 3367 3145 3422 dormitat
3185 3378 3393 3432 autem,
3431 3367 3519 3438 qui
3557 3363 3732 3434 quidem
3758 3370 3815 3412 re»

2318 3458 2702 3528 prehensibilia
2743 3474 2930 3513 eorum
2973 3467 3121 3528 gesta
3171 3459 3470 3528 cognoscit,
3510 3457 3592 3512 sed
3619 3456 3709 3509 hinc
3731 3460 3815 3518 pro-

2320 3559 2441 3620 pter
2470 3550 2667 3604 mentis
2702 3549 2916 3604 taedium
2951 3549 3111 3618 digna
3153 3549 3462 3604 invectione
3503 3562 3597 3602 non
3638 3536 3812 3605 corrigi“

2322 3641 2521 3695 Eruere
2549 3641 2698 3711 quasi
2725 3640 2942 3694 damula
2967 3641 3031 3694 de
3068 3657 3253 3705 manu,
3285 3651 3332 3695 et
3363 3641 3508 3710 quasi
3532 3637 3628 3691 avis
3649 3634 3699 3686 de
3724 3628 3812 3682 insi-

2319 3735 2421 3788 diis
2481 3735 2696 3804 aucupis
2745 3735 2930 3804 (ibid.,
2983 3733 3059 3805 5).
3105 3733 3379 3800 Quantum
3423 3734 3531 3788 avis
3570 3731 3626 3785 de
3663 3727 3813 3795 laqueo.

2319 3828 2404 3882 vel
2430 3828 2644 3882 damula
2688 3827 2754 3882 de
2783 3844 2942 3883 manu
2979 3827 3250 3896 captantis
3292 3827 3480 3897 quaerit
3507 3821 3715 3879 evadere,
3736 3826 3815 3867 lan-

2321 3928 2432 3972 tum
2468 3919 2639 3972 nitere
2680 3925 2740 3971 ut
2769 3918 3016 3971 auditore
3049 3926 3142 3970 tuo
3168 3917 3461 3971 salubriter
3489 3913 3715 3968 instituto,
3739 3904 3814 3970 ipse

2321 4010 2389 4062 ab
2411 4010 2701 4078 sponsione
2733 4009 2855 4063 vita:
2881 4008 2999 4076 ejus
3027 4008 3166 4062 liber
3193 4008 3458 4069 reddaris,
3491 4022 3550 4059 ne
3575 4017 3663 4056 non
3687 4004 3814 4067 pastor

2321 4101 2416 4156 sed
2447 4101 2814 4154 mercenarius
2835 4099 3131 4162 rlenoteris,
3159 4099 3202 4152 si
3235 4097 3525 4168 quemlibet
3549 4093 3605 4145 ad
3620 4086 3812 4144 luxuriam

2320 4193 2585 4264 pertrahi.
2619 4201 2712 4246 aut
2738 4193 2804 4245 ad
2826 4191 3109 4244 avaritiam
3137 4190 3382 4251 accendi,
3416 4187 3493 4243 vel
3512 4187 3558 4240 in
3587 4177 3813 4250 superbiam

2321 4285 2474 4355 erigi,
2513 4293 2607 4338 aut
2637 4299 2732 4354 per
2761 4281 3097 4336 iracundiam
3132 4282 3298 4336 dividi
3333 4275 3672 4348 conspexeris,
3696 4278 3733 4321 et
3751 4268 3812 4317 aut

2323 4375 2635 4444 accipiendo
2665 4388 2950 4443 personam
3007 4373 3210 4436 divitis,
3252 4373 3448 4426 timens
3491 4386 3553 4422 ne
3593 4364 3669 4418 tibi
3695 4360 3812 4411 iratus

2324 4483 2518 4521 munus
2565 4466 2879 4528 subtrahat,
2917 4465 3058 4532 quod
3118 4464 3347 4518 blandus
3394 4454 3712 4531 impendebat,
3752 4449 3810 4540 at!)

2251 4518 2298 4577 Β
2326 4557 2708 4612 familiaritatis
2743 4556 2827 4608 vel
2858 4555 3176 4626 cujusquam
3216 4553 3521 4622 temporalis
3547 4529 3809 4602 emolumenti

2324 4660 2570 4719 respectu
2605 4658 2810 4709 tacens,
2845 4648 3197 4717 pereuntibus
3222 4645 3498 4700 animabus
3518 4642 3618 4709 ipse
3643 4635 3694 4690 dt:
3712 4638 3811 4719 Coll?

2323 4741 2496 4796 modi‘s
2525 4741 2753 4794 terrenis
2787 4739 3007 4803 laeteris,
3039 4754 3145 4792 non
3177 4747 3375 4807 pastor.
3411 4734 3498 4789 sed
3529 4717 3808 4786 mercenarius

2323 4831 2376 4886 in
2412 4829 2609 4884 divinis
2655 4829 2826 4884 oculis
2852 4829 3198 4898 contpttteris.
3234 4828 3401 4897 Magis
3431 4834 3594 4879 autem
3624 4810 3806 4886 pardi“:

2321 4933 2375 4979 et
2398 4925 2538 4978 insta
2561 4932 2878 4992 Opportune,
2914 4921 3240 4989 importune.
3269 4920 3325 4974 Si
3354 4929 3523 4972 autem
3549 4923 3612 4974 te,
3635 4910 3808 4962 comm?

2324 5026 2540 5069 netttem
2572 5014 2864 5068 secundum
2894 5011 3262 5083 Evangelium,
3288 5026 3390 5064 non
3417 5002 3645 5063 audierit,
3666 4992 3806 5083 regii“!

2325 5108 2412 5162 adi
2463 5115 2523 5160 ut
2549 5107 2952 5176 constringatur
3004 5075 3320 5174 potentiam.
3371 5100 3434 5154 Et
3461 5099 3500 5152 si
3546 5107 3630 5149 nec
3672 5088 3724 5140 ita
3761 5075 3806 5130 ad

2324 5202 2574 5256 effectum
2625 5215 2840 5254 causam
2895 5197 3243 5267 perduxeris,
3281 5192 3430 5262 juxta
3477 5187 3676 5244 divinam
3712 5181 3806 5242 Pri"

2325 5294 2626 5362 ceptionem
2654 5292 2718 5343 de
2742 5291 3092 5352 comtnonito,
3119 5287 3306 5341 nuntia
3335 5278 3571 5336 Ecclesia:
3594 5269 3804 5362 :siautem

2327 5355 2427 5442 nec
2469 5385 2768 5440 Ecclesiam
2809 5383 3069 5446 audierit,
3113 5381 3180 5436 sit
3231 5379 3321 5433 tibi
3369 5376 3498 5430 sicut
3540 5361 3737 5423 ethnicus
3768 5355 3804 5402 εί

2326 5476 2649 5545 publicanus
2677 5493 2688 5526 :
2715 5489 2780 5526 ne
2813 5473 3178 5532 dissimulans,
3215 5477 3304 5523 aut
3339 5464 3593 5535 negligens
3618 5453 3800 5545 θΐξυθτθ*

2327 5572 2467 5625 sicut
2506 5569 2621 5623 Heli
2663 5568 2914 5622 sacerdos
2955 5567 3092 5619 ﬁlios
3133 5580 3259 5618 suos
3293 5563 3560 5632 peccantes
3585 5549 3630 5602 in
3665 5542 3799 5636 οξξιιηξτ

2327 5677 2395 5716 ne
2432 5660 2602 5714 amari
2641 5668 2823 5713 essent
2865 5659 3191 5723 hominibus,
3228 5669 3346 5710 cum
3389 5666 3450 5705 eo
3487 5652 3663 5716 pereas.
3697 5623 3799 5682 [inde

2330 5762 2562 5816 constat,
2606 5753 2861 5821 quoniam
2910 5751 3036 5805 nttlli
3087 5759 3168 5805 est
3211 5756 3390 5806 contra
3442 5741 3586 5796 Deum
3623 5723 3797 5798 Ρθηθηε
