4026 6340
178 374 290 432 713

1110 368 1201 428 DE
1235 360 1564 426 DIVORTIO
1603 356 1934 418 LOTHARII
1975 356 2065 416 ET
2098 356 2542 418 TETBERGIE.’

3234 319 3246 335 λ
3341 365 3448 423 m

172 484 540 560 parcendum,
573 490 634 540 ut
661 492 716 540 et
751 484 906 540 nobis
935 489 991 540 et
1027 483 1102 539 illi
1131 497 1417 556 parcamus
1447 479 1760 540 salubriter,
1792 477 1839 535 A
1867 489 1990 528 cum
2030 474 2118 530 fur
2141 486 2306 543 esset,
2335 477 2460 547 quia
2506 491 2613 532 non
2641 486 2728 533 est
2764 486 3068 546 accusatus,
3098 480 3320 538 minime
3348 484 3450 540 ab-

172 580 265 633 cui
297 578 586 649 diligenter
631 591 736 630 non
763 576 1060 644 parcimus,
1102 583 1395 645 sequentes
1424 588 1522 643 pro
1549 570 1767 626 modulo

172 679 406 734 nostro,
433 676 693 737 quantum
737 667 996 722 Dominus
1025 667 1252 732 dederit,
1284 666 1502 721 beatum
1533 664 1766 719 Ambro-

173 763 345 828 sium,
377 761 472 832 qui
516 775 623 814 non
662 761 932 830 parcendo
962 758 1285 824 Theodosio,
1315 768 1370 811 et
1404 756 1481 810 illi
1513 755 1767 810 meritum

170 857 229 910 in
263 855 425 910 ctelis
448 868 635 910 coram
661 854 910 918 Domino,
942 860 998 906 et
1023 851 1412 922 sempiternum
1454 847 1768 904 memoriale

169 950 228 1004 in
255 948 426 1003 terris
447 962 631 1002 coram
661 946 992 1011 hominibus,
1010 955 1136 1001 utet
1150 947 1218 1001 de
1244 960 1310 1000 eo
1323 945 1584 1015 scriptum
1609 942 1770 998 intel-

169 1040 266 1110 ligi
301 1040 518 1104 debeat,
546 1037 803 1092 Memoria
825 1037 954 1103 iusti
983 1053 1102 1092 cum
1131 1037 1375 1092 laudibus
1401 1035 1582 1108 (Prov.
1606 1050 1665 1100 x,
1688 1035 1767 1102 7),

168 1131 491 1200 acquisivit.
519 1128 632 1185 Nec
654 1127 1022 1200 perfunctorie
1046 1127 1338 1200 episc0pis,
1371 1136 1424 1182 et
1454 1125 1690 1197 regibus,
1713 1133 1768 1179 et

168 1225 439 1280 omnibus
478 1229 745 1294 potestate
785 1221 1020 1276 humana
1069 1220 1328 1290 praeditis,
1375 1218 1640 1274 audienda
1685 1224 1771 1270 est

168 1314 456 1370 sententia
507 1313 648 1368 beati
677 1311 925 1384 Gregorii
955 1312 1024 1366 ad
1050 1308 1450 1364 Brunichildem
1499 1308 1766 1379 reginam,

166 1423 282 1478 qua
316 1406 452 1461 dicit
503 1404 618 1476 (lib.
645 1421 726 1472 ιι,
757 1405 908 1475 epist.
939 1402 1029 1474 64)
1055 1421 1068 1456 :
1098 1421 1118 1455 ι
1144 1401 1259 1458 Non
1291 1403 1458 1466 enim,
1484 1401 1758 1470 inquiens,

165 1497 570 1554 dissimulanda
595 1505 722 1551 sunt
745 1511 866 1566 quas
904 1496 1154 1561 dicimus,
1200 1493 1455 1565 quoniam
1483 1491 1649 1563 65o
1677 1491 1770 1562 qui

163 1590 471 1644 emendare
501 1596 680 1659 potest
716 1596 958 1658 peccata,
990 1597 1046 1643 et
1087 1586 1333 1658 negligit,
1360 1585 1678 1655 participem
1711 1597 1771 1639 se

165 1679 365 1751 procul
387 1681 552 1736 dubio
568 1681 749 1736 delicti
780 1680 1080 1736 constituit.
1114 1677 1399 1733 Providete
1424 1669 1553 1745 ergb
1575 1677 1771 1732 animae

165 1781 398 1839 vestrae,
443 1771 722 1842 providete
762 1771 1070 1843 nepOtihus,
1119 1784 1256 1840 quos
1305 1768 1502 1839 cupitis
1532 1781 1763 1838 regnare

1863 565 2012 635 jecit.
2048 587 2066 620 ›
2100 568 2167 622 Et
2194 578 2412 624 sanctus
2446 570 2679 641 Spiritus
2700 589 2796 643 per
2823 575 3040 644 dignum
3082 587 3138 631 et
3165 578 3264 633 sibi
3295 579 3453 648 placi-

1873 669 1984 714 tum
2013 676 2296 732 organum,
2328 663 2543 718 beatum
2576 666 2824 722 videlicet
2862 668 3230 736 Benedictum,
3278 673 3449 727 dicit:

1872 751 2228 808 Tantumdem
2262 755 2454 809 iterum
2481 757 2586 811 erit
2615 767 2794 813 rector
2823 760 2979 827 liber,
3034 772 3091 816 ut
3137 764 3179 818 si
3213 765 3452 833 inquieto

1872 851 1928 896 et
1957 843 2283 898 inobedienti
2310 847 2457 915 gregi
2485 850 2721 916 pastoris
2749 849 2910 904 fuerit
2953 852 3130 906 omnis
3174 853 3450 924 diligentia

1871 934 2150 998 attributa,
2186 944 2242 990 et
2261 936 2521 992 morbidis
2543 939 2723 992 ovium
2753 941 2963 995 actibus
2991 943 3243 998 universa
3288 944 3452 1000 fuerit

1870 1041 2000 1081 cura
2028 1027 2289 1094 exhibita,
2316 1039 2502 1099 pastor
2523 1045 2708 1085 earum
2741 1031 2794 1085 in
2819 1031 3022 1100 judicio
3049 1036 3255 1090 Domini
3295 1039 3454 1094 abso-

1871 1119 2040 1186 lutus,
2069 1121 2216 1196 dicat
2236 1135 2360 1175 cum
2411 1122 2677 1192 propheta
2708 1123 2934 1178 Domino
2962 1141 2976 1176 :
3004 1124 3278 1182 Justitiam
3306 1139 3453 1184 tuam

1872 1227 1976 1265 non
2005 1211 2254 1266 abscondi
2273 1213 2328 1266 in
2354 1213 2508 1266 corde
2528 1229 2662 1280 meo,
2689 1217 2954 1270 veritatem
2981 1227 3125 1271 tuam
3148 1227 3196 1271 et
3222 1219 3456 1274 salutare

1873 1311 2021 1356 tuum
2067 1303 2200 1357 dixi.
2248 1302 2361 1373 Ipsi
2399 1314 2572 1359 autem
2601 1307 2982 1362 corl‘lemnentes
3027 1319 3323 1378 spreverunt
3373 1329 3455 1365 me

1874 1392 2046 1466 (Psal.
2076 1411 2264 1462 xxxix,
2296 1395 2406 1467 11),
2431 1405 2484 1450 ει
2515 1406 2643 1453 tunc
2667 1399 2884 1455 demum
2916 1399 3344 1457 inobedientibus
3360 1417 3457 1457 cu-

1873 1502 1948 1542 rte
1972 1501 2086 1543 sua:
2111 1487 2304 1544 ovibus
2326 1502 2485 1559 poena
2521 1490 2592 1545 sit
2616 1491 2694 1546 eis
2728 1492 3026 1562 prtevalens
3053 1494 3168 1564 ipsa
3195 1510 3362 1550 mors.

1871 1625 2662 1702 6511NTERROGATIO
2689 1629 2838 1689 XIV
2864 1625 2967 1690 ET
2993 1631 3453 1695 RESPONSIO.

1944 1767 2022 1822 De
2052 1771 2377 1825 sacramenti
2415 1779 2594 1825 autem
2633 1774 2905 1843 proposita
2944 1776 3261 1844 quaestione,
3307 1777 3451 1832 beati

163 1835 430 1928 feliciter,
443 1835 740 1933 ~providete
782 1835 1098 1933 provinciis,
1128 1835 1183 1916 et
1210 1835 1526 1932 priusquam
1549 1835 1761 1915 creator
1788 1835 1841 1898 Β
1869 1857 2114 1930 Gregorii
2147 1860 2312 1914 verba
2353 1875 2416 1916 ex
2453 1861 2602 1936 libro
2632 1835 2911 1919 Moralium
2961 1835 3244 1936 trigesimo
3293 1870 3455 1925 tertio

164 1968 399 2008 manum
428 1967 582 2008 suam
607 1953 676 2009 ad
699 1951 1005 2008 feriendum
1030 1952 1295 2019 excutiat,
1330 1952 1396 2006 de
1426 1951 1765 2007 correctione

163 2045 403 2100 sceleris
433 2045 830 2100 studiosissime
854 2045 1116 2115 cogitate,
1143 2058 1214 2100 ne
1237 2053 1389 2100 tanto
1417 2044 1763 2116 postmodum

163 2137 358 2192 acrius
384 2135 568 2204 feriat,
594 2144 856 2208 quantum
889 2138 1051 2193 modo
1085 2137 1286 2192 diutius
1311 2147 1610 2208 exspectat.
1653 2155 1671 2189 ι
1699 2137 1767 2192 Ει

161 2225 209 2279 si
257 2225 402 2281 forte
446 2241 782 2297 quaecunque
819 2241 1053 2298 persona
1092 2228 1175 2282 ori
1221 2227 1404 2282 divino
1450 2227 1766 2283 inohedieus

159 2319 484 2391 expellitur,
526 2319 808 2390 praemisso
853 2320 1044 2376 ordine
1072 2320 1140 2376 ab
1173 2319 1416 2376 Ecclesia
1454 2320 1766 2390 expellenda

160 2423 275 2479 εει,
305 2415 434 2484 quia
465 2423 520 2470 et
548 2415 665 2484 ipsa
690 2413 953 2485 expulsio,
976 2415 1269 2470 miserante
1290 2414 1538 2482 Domino,
1565 2415 1766 2486 poterit

157 2504 210 2560 ei
245 2503 368 2559 fieri
390 2503 458 2558 ad
481 2503 728 2572 salutem,
749 2506 891 2560 sicut
914 2503 1104 2561 beatus
1118 2506 1526 2577 Augustinusiin
1546 2505 1684 2560 libro
1700 2506 1768 2560 de

157 2593 523 2665 Gorreptione
537 2603 595 2651 et
621 2595 808 2652 Gratia
833 2595 964 2652 dicit
986 2595 1124 2668 (cap.
1150 2598 1240 2670 15)
1268 2614 1283 2652 :
1312 2615 1330 2649 ι
1361 2597 1761 2668 Corripiantur,

159 2688 446 2758 inquiens,
475 2705 508 2746 a
541 2691 844 2761 praepositis
864 2691 978 2747 suis
1006 2692 1209 2748 subditi
1238 2691 1435 2748 fratres
1461 2693 1765 2762 correptio-

158 2780 335 2836 nibus
365 2781 434 2836 de
463 2780 729 2838 charitate
758 2782 1121 2850 venientibus,
1150 2799 1252 2854 pro
1279 2783 1557 2855 culparum
1585 2784 1766 2840 diver-

161 2871 332 2926 sitate
363 2871 614 2939 diversis,
644 2873 731 2929 vel
759 2873 1085 2944 minoribus,
1113 2875 1201 2931 vel
1226 2876 1602 2947 amplioribus,
1634 2876 1764 2947 quia

159 2970 224 3016 et
247 2962 367 3033 ipsa
395 2978 515 3033 quae
541 2964 818 3021 damnatio
839 2967 1177 3034 nominatur,
1203 2981 1370 3038 quam
1395 2966 1529 3023 facit
1549 2967 1761 3038 episco-

159 3051 291 3122 pale
310 3051 600 3123 judicium,
623 3071 731 3128 qua
753 3071 925 3137 pinna
943 3058 1016 3138 in_
1031 3058 1273 3115 Ecclesia
1295 3058 1444 3114 nulla
1469 3059 1641 3128 major
1656 3067 1760 3126 est,

158 3155 366 3216 potest,
409 3148 456 3203 si
501 3149 642 3206 Deus
668 3150 922 3218 voluerit,
963 3151 1032 3207 ad
1062 3154 1460 3210 correctionem
1511 3153 1760 3210 saluber-

160 3237 365 3293 rimam
413 3239 605 3296 cedere
645 3249 810 3311 atque
843 3236 1134 3314 proiicere.
1167 3233 1354 3315 Neque
1381 3244 1526 3300 enim
1556 3245 1759 3302 scimus

158 3328 296 3398 quid
324 3329 604 3401 contingat
631 3333 879 3402 sequenti
903 3333 1011 3401 die,
1039 3341 1135 3390 aut
1163 3343 1290 3390 ante
1315 3335 1480 3390 linem
1514 3336 1638 3391 vita:
1659 3336 1760 3391 hu-

155 3421 247 3492 jus
292 3421 364 3477 de
394 3422 578 3493 aliquo
605 3424 1000 3496 desperandum
1027 3437 1133 3495 est,
1177 3436 1273 3483 aut
1301 3429 1598 3484 contradici
1647 3427 1760 3485 Deo

156 3520 348 3583 potest
391 3527 460 3568 ne
505 3514 732 3585 recipiat
777 3523 833 3570 et
872 3517 964 3573 det
1002 3518 1398 3589 ptenitentiam,
1447 3528 1503 3574 et
1537 3529 1762 3591 accepto

158 3601 436 3658 sacrificio
467 3603 688 3674 spiritus
733 3607 1084 3664 contribulati
1115 3610 1404 3680 cordisque
1447 3613 1691 3678 contriti,
1725 3627 1759 3667 a

157 3704 324 3750 reatu
353 3695 602 3764 quamvis
618 3696 779 3768 justas
814 3698 1176 3756 damnationis
1219 3702 1484 3770 absolvat,
1514 3703 1750 3759 damna-

159 3795 393 3856 tumque
422 3788 537 3859 ipse
569 3804 677 3844 non
703 3789 944 3846 damnet.
975 3790 1274 3849 Pastoralis
1295 3803 1477 3848 tamen
1514 3797 1759 3852 necessi-

159 3886 246 3933 tas
285 3878 472 3946 habet,
503 3895 571 3936 ne
592 3895 692 3952 per
727 3882 913 3952 plures
956 3892 1180 3954 serpant
1215 3886 1332 3941 dira
1372 3888 1644 3958 contagia,
1673 3904 1758 3944 se-

157 3984 366 4040 parare
395 3971 464 4026 ab
498 3972 689 4028 ovibus
730 3975 879 4030 sanis
907 3976 1230 4044 morbidam,
1278 3977 1348 4033 ab
1391 3978 1480 4034 illo
1507 3981 1594 4035 cui
1621 3980 1758 4037 nihil

158 4069 246 4115 est
268 4060 606 4130 impossibile
626 4063 743 4136 ipsa
767 4064 993 4122 forsitan
1018 4068 1361 4138 separatione
1379 4074 1698 4147 sanandam.
1729 4091 1750 4125 ι

156 4151 229 4206 Et
252 4151 301 4206 si
331 4151 600 4220 fortassis,
649 4157 792 4226 quod
820 4157 982 4224 absit,
1030 4158 1152 4214 talis
1186 4161 1491 4228 emerserit,
1539 4164 1632 4233 qui
1662 4177 1754 4218 su-

158 4245 394 4316 percilio
421 4254 650 4303 terrena:
678 4251 960 4319 poteStatis
999 4252 1174 4309 elatus
1203 4253 1466 4325 despiciat
1510 4256 1750 4326 obedire,

156 4345 214 4391 et
247 4344 412 4406 rupto
453 4337 879 4398 Christianitatis
923 4340 1081 4398 freno
1118 4359 1214 4415 per
1252 4347 1552 4418 praecipitia
1584 4349 1638 4403 in
1659 4350 1756 4405 ba-

157 4428 414 4483 rathrum
460 4431 823 4490 damnationis
871 4446 1148 4506 excurrat,
1193 4439 1416 4496 habebit
1441 4443 1748 4514 episcopus,

1869 1948 2008 2020 (cap.
2038 1950 2127 2022 17)
2174 1951 2498 2022 relegantur.
2544 1934 2637 2008 Ait
2678 1955 2824 2010 enim
2874 1975 2887 2010 :
2945 1976 2964 2008 ‹
3006 1934 3142 2014 Ecce
3193 1961 3452 2030 quidam,

1868 2040 1996 2095 dum
2027 2043 2212 2098 mundi
2245 2041 2405 2112 hujus
2449 2045 2716 2101 amicitias
2761 2049 2985 2120 appetit,
3038 2050 3256 2107 cuilibet
3297 2052 3455 2107 alteri

1867 2132 2103 2188 similem
2134 2133 2238 2188 sibi
2267 2136 2431 2190 vitam
2463 2137 2702 2204 ducenti,
2727 2139 2869 2208 quod
2895 2152 3104 2198 secreta
3133 2141 3276 2197 illius
3306 2143 3455 2197 omni

1869 2223 2083 2280 silentio
2108 2233 2377 2296 contegat,
2405 2242 2464 2282 se
2486 2227 2840 2297 jurejurando
2867 2234 3208 2305 constringit.
3245 2232 3354 2289 Sed
3384 2234 3455 2301 is,

1869 2318 1954 2373 cui
1982 2318 2223 2388 juratum
2253 2329 2354 2386 est,
2385 2321 2708 2378 adulterium
2736 2334 3048 2394 perpetrare
3077 2326 3453 2396 cognoscitur,

1872 2407 1948 2462 ita
1974 2417 2033 2462 ut
2055 2408 2218 2463 etiam
2244 2411 2499 2466 maritum
2541 2414 2799 2470 adulterae
2837 2416 3086 2471 occidere
3115 2425 3377 2472 conetur:
3409 2417 3457 2472 is

1872 2506 2053 2552 autem
2082 2499 2564 2571 quijusjurandum
2600 2506 2828 2574 praebuit
2856 2506 2922 2560 ad
2949 2515 3184 2562 mentem
3228 2508 3456 2564 reverti-

1872 2599 1978 2659 tur,
2001 2600 2056 2647 et
2075 2593 2304 2648 diversis
2332 2595 2458 2650 hinc
2491 2595 2614 2650 inde
2641 2598 3057 2666 cogitationibus
3087 2602 3451 2671 impugnatur,

1869 2691 2035 2751 atque
2068 2684 2170 2738 hoc
2199 2683 2360 2740 silere
2389 2685 2666 2753 formidat,
2690 2704 2758 2743 ne
2779 2689 2986 2744 silendo
3015 2691 3266 2746 adulterii
3295 2692 3456 2746 simul

1869 2782 1926 2829 et
1951 2773 2227 2830 homicidii
2267 2778 2538 2847 particeps
2579 2779 2693 2846 liat,
2719 2788 2774 2835 et
2813 2782 3044 2851 prodere
3093 2783 3349 2853 trepidat,
3381 2799 3454 2838 ne

1871 2874 2027 2920 reatu
2057 2881 2116 2921 se
2142 2867 2367 2938 perjurii
2396 2870 2716 2942 obstringat.
2746 2870 3027 2942 Perplexis
3049 2888 3181 2946 ergo
3225 2875 3452 2931 testicu—

1869 2955 2047 3013 lorum
2093 2961 2276 3015 nervis
2325 2961 2522 3031 ligatus
2556 2972 2673 3030 est,
2699 2963 2791 3034 qui
2824 2965 2878 3018 in
2908 2965 3207 3036 quamlibet
3244 2975 3454 3038 partem

1869 3053 2124 3122 declinet,
2150 3055 2341 3110 metuit
2379 3073 2444 3112 ne
2471 3073 2500 3110 a
2533 3060 2976 3130 transgressionis
3015 3063 3266 3133 contagio
3319 3063 3456 3118 liber

1867 3161 1976 3203 non
2006 3149 2098 3202 sit.
2139 3167 2157 3200 ι
2194 3148 2261 3203 Ει
2289 3159 2412 3219 post
2429 3163 2603 3219 pauca
2635 3169 2648 3205 :
2687 3171 2705 3204 ‹
2741 3151 2836 3207 Est
2860 3160 3035 3208 tamen
3059 3155 3202 3223 quod
3242 3154 3312 3209 ad
3358 3155 3456 3210 de-

1791 3206 1838 3272 C
1869 3241 2158 3297 struendas
2184 3242 2450 3297 versutias
2474 3242 2679 3299 utiliter
2707 3245 2824 3312 liat,
2848 3255 2908 3300 ut
2946 3261 3067 3301 cum
3111 3262 3265 3303 mens
3308 3247 3452 3302 inter

1862 3330 2075 3386 minora
2099 3341 2156 3386 et
2184 3333 2426 3387 maxima
2463 3342 2688 3402 peccata
2718 3336 3129 3407 constringitur,
3157 3338 3202 3392 si
3234 3338 3456 3394 omnino

1863 3420 2044 3476 nullus
2071 3423 2190 3478 sine
2227 3433 2450 3493 peccato
2496 3427 2759 3482 evadendi
2803 3427 2982 3483 aditus
3032 3436 3198 3498 patet,
3242 3430 3452 3484 minora

1862 3525 2081 3583 semper
2115 3513 2386 3584 eligantur
2429 3534 2443 3570 :
2489 3518 2616 3587 quia
2659 3527 2717 3574 et
2762 3521 2856 3591 qui
2892 3535 3170 3575 murorum
3218 3521 3455 3592 undique

1862 3601 2072 3657 ambitu
2101 3619 2170 3658 ne
2197 3601 2417 3676 effugiat
2449 3605 2737 3676 clauditur,
2765 3609 2836 3665 ibi
2863 3625 2922 3664 se
2958 3610 3013 3664 in
3046 3608 3170 3681 fuga
3209 3612 3457 3681 praecipi-

1862 3703 1972 3761 tat,
2020 3697 2110 3751 ubi
2148 3697 2368 3754 brevior
2410 3717 2598 3757 murus
2640 3701 2932 3758 invenitur.
2971 3724 2990 3756 ι
3026 3703 3094 3758 Ει
3119 3704 3447 3760 venerabilis

1860 3789 2149 3859 presbyter
2175 3789 2317 3845 Beda
2351 3791 2404 3844 in
2437 3791 2658 3846 homilia
2696 3792 2972 3862 Evangelii
2995 3795 3292 3850 secundum
3316 3794 3456 3850 Mat-

1861 3880 2086 3948 thaeum,
2116 3883 2261 3952 quod
2292 3884 2620 3940 describitur
2641 3885 2872 3941 Herodis
2894 3887 3108 3942 incauta
3132 3887 3356 3956 juratio,
3380 3890 3457 3943 ita

1860 3972 2040 4029 dicit:
2086 3993 2104 4027 ι
2135 3975 2407 4043 Quantum
2451 3992 2600 4042 vero,
2648 3979 2917 4047 inquiens,
2951 3981 3314 4036 temeritatem
3355 3981 3449 4052 ju-

1861 4063 2017 4119 randi
2048 4065 2223 4120 vitare
2247 4065 2568 4132 debeamus,
2597 4075 2652 4122 et
2685 4068 2798 4138 ipse
2827 4069 2882 4123 in
2927 4069 3221 4138 Evangelio
3272 4071 3454 4125 Domi-

1857 4169 1980 4220 nus,
2013 4164 2067 4209 et
2092 4152 2327 4209 Jacobus
2358 4156 2412 4208 in
2443 4156 2671 4225 epistola
2713 4172 2812 4212 sua
2844 4158 3024 4224 docet,
3057 4159 3242 4214 dicens
3272 4176 3285 4212 :
3320 4160 3454 4214 Ante

1857 4244 2036 4298 omnia
2063 4253 2260 4312 autem,
2303 4245 2495 4314 fratres
2545 4249 2666 4314 mei,
2697 4247 2854 4303 nolite
2889 4249 3096 4319 jurare,
3152 4266 3314 4321 neque
3362 4267 3456 4320 per

1855 4335 2062 4403 calum,
2103 4353 2265 4408 neque
2311 4355 2405 4408 per
2453 4348 2672 4407 terram,
2719 4357 2880 4412 neque
2926 4341 3072 4395 aliud
3109 4342 3452 4412 quodcunque

1846 4426 2260 4498 juramentum.’
2293 4429 2359 4484 sit
2391 4440 2566 4485 autem
2593 4448 2763 4486 sermo
2794 4442 2976 4499 vester,
3018 4433 3133 4498 Est,
3178 4443 3276 4499 est,
3301 4431 3450 4499 Non,

154 4516 310 4574 iuxta
341 4519 680 4578 Ezechielem
712 4527 1055 4597 prophetam,
1095 4529 1166 4584 ad
1190 4529 1570 4590 liberationem
1595 4549 1750 4591 suam

1862 4534 1985 4586 non,
2015 4529 2073 4573 ut
2097 4521 2191 4575 sub
2211 4520 2422 4590 judicio
2450 4522 2704 4578 decidatis
2739 4523 2881 4596 (Iac.
2915 4541 2967 4590 γ,
3008 4524 3128 4597 12);
3184 4525 3274 4580 illo
3298 4525 3452 4581 vide-

156 4615 495 4685 sartaginem
537 4617 770 4673 ferream
820 4619 1039 4692 (Επειδὴ.
1086 4637 1166 4690 1v,
1210 4623 1289 4696 5),
1341 4625 1397 4681 id
1426 4636 1514 4682 est
1571 4627 1750 4684 zelum

157 4706 434 4762 charitate
461 4707 781 4777 ferventem,
804 4721 861 4766 et
879 4713 1024 4769 beati
1048 4713 1324 4773 Ambrosii
1347 4722 1758 4777 memorandam

156 4802 511 4856 sententiam.
569 4802 661 4857 Ait
708 4804 856 4859 enim
902 4806 957 4860 in
1004 4807 1247 4878 Epistola
1291 4811 1360 4866 ad
1405 4811 1756 4870 Corinthios:

162 4913 181 4944 ι
216 4893 563 4964 Superbiam,
609 4897 882 4968 inquiens,
927 4899 1142 4956 illorum
1177 4903 1233 4958 in
1262 4910 1474 4958 tantum
1506 4905 1763 4961 humiliat

153 4987 362 5041 beatus
388 4986 588 5044 Paulus
614 4991 798 5046 dicens
823 5009 837 5046 :
863 4991 930 5046 Et
957 5008 1046 5048 vos
1069 4994 1243 5064 inflati
1273 4998 1416 5061 estis,
1441 5007 1488 5050 et
1516 5014 1619 5051 non
1642 5013 1758 5052 ma-

153 5080 238 5149 gis
267 5079 470 5134 luctum
493 5083 772 5151 habuistis,
812 5095 870 5140 ut
907 5087 1179 5143 tolleretur
1210 5088 1274 5143 de
1317 5089 1486 5145 medio
1529 5101 1755 5146 vestrum

152 5175 249 5244 qui
277 5174 379 5227 hoc
406 5191 534 5245 opus
557 5177 676 5246 fecit
702 5178 754 5251 (Ι
781 5177 906 5235 Cor.
938 5197 995 5247 ν,
1020 5180 1100 5256 2),
1125 5189 1184 5237 ιιι
1207 5197 1314 5237 non
1337 5184 1591 5254 querulos
1614 5183 1752 5255 jam,

153 5268 257 5324 sed
284 5269 461 5341 magis
500 5273 776 5342 simplices
805 5272 1010 5342 faciat;
1044 5283 1201 5330 erant
1228 5276 1374 5332 enim
1416 5286 1471 5332 et
1500 5277 1601 5348 ipsi
1629 5294 1754 5347 par-

157 5359 378 5430 ticipes,
405 5361 530 5416 dum
561 5371 876 5432 paterentur
901 5372 1014 5421 tam
1033 5365 1266 5438 ingentis
1286 5366 1546 5425 facinoris
1569 5385 1753 5425 secum

153 5452 532 5524 incorreptum
564 5457 876 5524 convenire,
913 5465 974 5513 ut
1002 5473 1192 5514 omnes
1226 5475 1332 5515 uno
1357 5460 1588 5517 concilio
1621 5461 1755 5531 abji—

154 5556 354 5603 cerent
381 5563 530 5616 eum,
562 5551 607 5605 si
636 5560 860 5623 negaret
887 5554 1180 5609 emendare
1207 5568 1288 5610 se.
1323 5552 1381 5609 Si
1409 5564 1590 5612 autem
1633 5557 1756 5626 quis

157 5648 491 5707 potestatem
528 5657 635 5696 non
660 5641 826 5698 habet
851 5659 1014 5714 quem
1043 5643 1147 5699 scit
1190 5659 1342 5700 reum
1373 5645 1632 5714 abjicere,
1663 5655 1758 5702 aut

156 5731 395 5801 probare
429 5747 534 5787 non
566 5734 730 5799 valet,
762 5736 1017 5794 immunis
1045 5747 1152 5804 est,
1186 5745 1242 5793 et
1283 5737 1482 5807 judicis
1525 5754 1631 5793 non
1672 5747 1758 5796 est

155 5825 283 5880 sine
332 5835 652 5882 accusatore
681 5830 940 5884 damnare
969 5849 980 5884 :
1008 5832 1133 5901 quia
1162 5839 1217 5888 et
1243 5833 1504 5890 Dominus
1532 5833 1749 5900 ludam,

445 5923 718 5987 ΡΑτισι.
764 5922 1019 5988 CXXV.

1860 4611 1989 4668 licet
2007 4612 2213 4684 judicio
2234 4615 2336 4670 sub
2351 4629 2460 4686 quo
2482 4616 2683 4671 decidit
2709 4616 2972 4684 Herodes,
2994 4627 3054 4672 ut
3076 4617 3160 4673 vel
3184 4617 3452 4688 pejerare,

1861 4706 1949 4761 vel
1973 4706 2270 4778 perjurium
2299 4709 2542 4764 cavendo
2567 4709 2711 4764 aliud
2733 4725 2958 4766 necesse
2990 4712 3210 4768 haberet
3231 4721 3453 4783 patrare

1862 4797 2147 4868 ﬂagitium.
2179 4799 2250 4853 At
2277 4800 2322 4854 si
2362 4800 2566 4870 aliquid
2603 4800 2743 4856 forte
2785 4817 2885 4857 nos
2933 4803 3199 4858 incautius
3237 4803 3453 4870 jurasse

1865 4890 2174 4962 contigerit,
2203 4891 2348 4960 quod
2377 4891 2724 4946 observatum
2755 4893 2965 4948 scilicet
2991 4892 3227 4963 pejorem
3263 4903 3454 4962 vergat

1865 4982 1923 5037 in
1947 4983 2173 5048 exitum,
2204 4983 2374 5038 libere
2403 4983 2532 5039 illud
2563 4985 2616 5039 in
2645 4985 2874 5040 consilio
2911 4985 3215 5041 salubriore
3241 4995 3451 5039 mutan-

1865 5075 1994 5130 dum
2016 5075 2347 5140 noverimus,
2375 5089 2441 5131 ac
2469 5077 2642 5147 magis
2681 5077 2918 5131 instante
2945 5071 3274 5130 necessitate
3296 5073 3448 5144 peje-

1863 5167 2092 5225 randum
2122 5169 2300 5235 nobis,
2334 5185 2496 5241 quam
2527 5186 2624 5240 pro
2650 5171 2870 5225 vitando
2897 5169 3139 5240 perjurio
3191 5167 3246 5222 in
3301 5167 3448 5222 aliud

1863 5262 2070 5318 crimen
2102 5264 2320 5334 gravius
2362 5277 2482 5318 esse
2518 5262 2913 5317 divertendum.
2959 5261 3200 5330 Denique
3244 5259 3451 5328 juravit

1807 5362 1816 5372 ’
1862 5353 2034 5411 David
2068 5370 2168 5424 per
2193 5355 2482 5411 Dominum
2511 5355 2764 5409 occidere
2788 5352 2957 5408 Nabal
3000 5351 3178 5406 virum
3223 5352 3448 5408 stultum

1859 5456 1915 5504 et
1943 5449 2191 5519 impium,
2218 5457 2382 5518 atque
2410 5446 2592 5501 omnia
2625 5461 2747 5516 quae
2796 5445 2866 5500 ad
2918 5443 3067 5500 illum
3112 5443 3451 5515 pertinerent

1861 5541 2155 5597 demoliri:
2203 5539 2298 5596 sed
2343 5539 2411 5594 ad
2455 5537 2688 5608 primam
2743 5536 3184 5592 intercessionem
3235 5535 3448 5606 Ahigail

1861 5633 2077 5689 femina:
2129 5631 2435 5703 prudentis,
2485 5645 2612 5684 mox
2661 5629 2870 5684 remisit
2916 5629 3124 5693 minas,
3172 5627 3447 5682 revOCavit

1861 5746 2046 5786 ensem
2065 5730 2116 5784 in
2133 5730 2402 5798 vaginam,
2421 5742 2597 5797 neque
2612 5724 2811 5795 aliquid
2826 5723 2996 5792 culpae
3014 5738 3071 5778 se
3092 5721 3183 5775 tali
3205 5720 3444 5790 perjurio

1859 5821 2198 5888 contraxisse
2232 5821 2402 5877 doluit
2428 5820 2476 5884 (1
2499 5819 2626 5890 Reg.
2645 5820 2793 5887 xxv).
2816 5815 3024 5870 Juravit
3047 5815 3284 5868 Herodes
3314 5814 3444 5869 dare
