4026 6340
618 339 725 404 715

1597 301 1929 408 niueum
1968 349 2360 408 nrumsusus
2393 351 2911 410 ARCHIEPISCOPI
3713 355 3786 414 ut

611 461 876 524 saltatrici
900 464 1258 536 quodcunque
1287 463 1616 533 postulasset
1643 463 1712 518 ab
1739 478 1805 520 eo
1826 506 1840 532 ,
1872 473 1926 521 et
1961 480 2029 520 ne
2071 481 2199 536 pcr-
2231 467 2279 526 Α
2308 477 2428 518 eam
2455 463 2616 518 saluti
2645 479 2861 534 quoque
2894 461 3186 534 corporali,
3224 475 3325 533 qua
3355 463 3506 521 etiam
3528 467 3623 524 vita
3653 486 3787 534 nostra

606 557 766 629 jurus
781 557 1050 612 diceretur
1073 570 1101 609 a
1123 554 1386 619 convivis,
1405 556 1578 625 ipsum
1605 555 1912 610 convivium
1938 557 2200 628 sanguine

611 649 840 722 polluit,
890 648 1016 702 dum
1079 647 1355 717 prophetae
1413 653 1645 701 mortem
1707 647 2010 704 saltationis
2069 647 2203 704 fecit

612 745 895 816 praemium
927 741 1121 813 (Marc.
1154 742 1252 813 vt).
1281 741 1396 799 Non
1425 743 1596 799 solum
1627 753 1806 800 autem
1847 744 1903 799 in
1943 744 2197 815 jurando,

617 835 712 891 sed
744 834 798 889 in
830 849 992 889 omne
1019 833 1161 904 quod
1191 833 1422 904 agimus,
1453 834 1568 890 haec
1599 841 1680 889 est
1706 835 2008 892 moderatio
2031 835 2202 890 soler-

611 927 722 982 tius
755 927 1110 992 observanda,
1145 935 1204 981 ut
1257 927 1302 983 si
1353 927 1514 982 talem
1561 927 1701 984 forte
1755 927 1964 1000 lapsum
1994 929 2198 985 versuti

613 1015 787 1081 hostis
811 1017 1160 1074 inciderimus
1189 1019 1418 1084 insidiis,
1451 1035 1516 1074 ex
1561 1035 1670 1090 quo
1712 1021 1828 1076 sine
1865 1021 2045 1092 aliquo
2073 1037 2200 1092 pec-

612 1107 719 1162 cati
769 1108 1018 1179 coutagio
1065 1124 1286 1180 surgere
1337 1126 1442 1165 non
1485 1126 1776 1182 possumus,
1828 1109 1976 1166 illum
1997 1111 2202 1182 .potius

612 1195 871 1254 evadendi
897 1199 1100 1253 aditum
1126 1209 1397 1271 petamus,
1418 1203 1604 1273 inquo
1633 1203 1812 1258 minus
1845 1203 2070 1272 periculi
2100 1219 2201 1259 nos

613 1309 969 1363 perpessuros
1019 1310 1139 1349 esse
1183 1309 1468 1350 cernamus
1518 1312 1532 1350 :
1587 1305 1640 1352 et
1679 1293 1836 1365 juxta
1891 1297 2198 1368 exetnplum

611 1380 774 1454 652
814 1398 1001 1438 eorum
1033 1383 1124 1452 qui
1153 1379 1438 1441 hostilibus
1476 1386 1643 1441 clausi
1691 1388 1859 1441 muris
1896 1387 2021 1442 dum
2067 1402 2198 1443 eva-

613 1476 740 1530 dere
788 1476 1116 1542 desiderant,
1165 1477 1258 1532 sed
1304 1487 1582 1548 portarum
1630 1481 1872 1535 omnium
1919 1497 2197 1536 accessum

610 1569 713 1623 sibi
742 1568 1088 1624 interdictum
1116 1570 1482 1638 considerant,
1530 1571 1604 1628 ibi
1655 1587 1881 1630 necesse
1924 1581 2006 1628 est
2056 1573 2200 1628 desi-

607 1660 774 1714 lien.li
801 1660 976 1716 locum
1027 1661 1248 1732 eligant,
1297 1663 1389 1718 ubi
1431 1679 1588 1718 muro
1639 1663 1904 1718 existente
1948 1665 2199 1720 breviore

611 1755 892 1811 minimum
937 1757 1162 1827 periculi
1215 1757 1470 1813 cadentes
1508 1758 1806 1812 incurrant.
1847 1778 1864 1810 ι
1893 1757 1960 1812 Ει
1988 1758 2040 1812 iu
2068 1774 2200 1814 cou-

2307 557 2411 612 ista
2443 557 2772 624 continetur,
2818 567 3028 612 certum
3077 564 3160 611 est
3213 555 3403 612 debere
3451 565 3670 632 praeponi.
3707 567 3789 625 Etsi

2304 647 2448 702 enim
2479 649 2672 718 exigua
2705 647 2861 719 palea
2899 663 3009 719 [πω
3035 647 3207 702 multo
3255 663 3382 704 auro
3426 663 3547 720 pene
3588 668 3661 708 res
3689 656 3792 710 nulla

2305 747 2409 806 est,
2445 738 2578 796 ﬁdes
2605 749 2782 796 tamen
2813 757 2936 796 cum
2965 741 3018 795 in
3059 741 3276 810 negotio
3306 739 3466 811 paleae
3490 742 3615 798 sicut
3637 745 3682 799 in
3699 761 3794 802 auro

2304 831 2518 887 sincera
2550 839 2820 898 Servatur,
2854 847 2960 886 non
2993 832 3118 888 ideo
3146 834 3320 887 minor
3346 842 3421 887 est
3445 835 3556 904 quia
3581 835 3625 890 in
3644 850 3692 891 re
3724 841 3796 893 mi-

2303 937 2438 978 nore
2477 933 2752 978 servatur.
2785 921 2921 979 Cum
2946 939 3076 980 vero
3098 922 3164 978 ad
3194 931 3465 994 peccatum
3491 927 3796 984 admittendum

2305 1015 2594 1070 adhibetur
2607 1013 2760 1080 ﬁdes,
2781 1017 2978 1071 mirum
2999 1016 3044 1072 si
3069 1016 3204 1072 ﬁdes
3221 1017 3521 1088 appellanda
3531 1027 3618 1074 est.
3635 1019 3798 1076 Verum-

2303 1114 2485 1160 tamen
2511 1107 2904 1178 qualiscunque
2927 1109 3017 1175 sit,
3042 1109 3089 1164 si
3110 1118 3167 1164 et
3201 1118 3384 1164 contra
3414 1110 3569 1180 ipsam
3601 1110 3664 1178 ﬁt,
3689 1113 3800 1184 ticius

2304 1199 2402 1264 ﬁt,
2460 1201 2564 1256 nisi
2613 1217 2734 1257 cum
2783 1213 3071 1283 propterea
3129 1204 3423 1271 deseritur,
3468 1213 3522 1260 ut
3567 1208 3625 1262 ad
3667 1225 3798 1266 veram

2301 1288 2466 1364 653
2497 1293 2659 1348 ﬁdem
2683 1310 2746 1347 ac
2773 1294 3072 1366 legitimam
3100 1293 3372 1361 redeatur,
3402 1295 3569 1362 idest,
3592 1307 3642 1352 ut
3660 1314 3798 1369 pecca-

2303 1394 2418 1448 tum
2469 1387 2788 1442 emendetur
2827 1387 3100 1443 voluntate
3131 1389 3412 1458 pravitatis
3439 1400 3671 1446 correcta.
3701 1391 3803 1448 Tan-

2302 1491 2466 1547 quam
2492 1479 2535 1533 si
2559 1480 2811 1549 quisque,
2841 1493 2963 1534 cum
2987 1481 3264 1535 hominem
3290 1481 3432 1537 solus
3454 1483 3714 1552 exspoliare
3729 1499 3801 1539 non

2302 1570 2494 1636 possit,
2533 1571 2778 1627 inveniat
2823 1572 3028 1627 socium
3077 1572 3398 1642 iniquitatis,
3451 1581 3502 1628 et
3548 1588 3803 1646 eumeopa-

2305 1662 2564 1728 ciscatur,
2596 1672 2657 1718 ut
2687 1664 2847 1718 simul
2875 1664 2924 1718 id
2949 1661 3170 1730 faciant,
3198 1663 3529 1735 spoliumque
3552 1667 3800 1736 partiamur,

2304 1755 2448 1826 quod
2479 1754 2721 1812 facinore
2753 1757 3044 1811 commisso
3087 1763 3260 1811 totum
3303 1756 3446 1811 solus
3483 1757 3680 1823 auferat,
3705 1757 3804 1814 dolet

607 1845 730 1903 cilio
777 1846 1078 1904 ililerdeusi
1127 1851 1266 1920 (can.
1300 1849 1353 1918 7)
1385 1849 1700 1905 decernitur
1738 1868 1750 1903 :
1799 1869 1817 1902 ‹
1863 1849 1965 1913 Οιιὶ
2010 1864 2195 1904 sacra-
2227 1838 2276 1898 Β
2303 1847 2522 1918 quidem
2548 1845 2658 1910 ille,
2689 1847 2791 1902 sibi
2813 1855 2868 1902 et
2900 1846 3058 1902 ﬁdem
3082 1857 3357 1902 servatam
3385 1859 3488 1902 nun
3509 1857 3616 1904 esse
3634 1864 3804 1920 conque-

606 1949 790 1994 mcnto
817 1955 876 1996 se
903 1940 1248 2011 obligaverit,
1303 1951 1362 1994 ut
1414 1941 1634 2010 litigans
1680 1957 1802 1996 cum
1848 1939 2086 2010 quolibet
2129 1939 2198 1994 ad

606 2045 794 2100 pacem
825 2031 1136 2087 nullomodo
1175 2032 1380 2098 redeat,
1409 2047 1508 2103 pro
1535 2029 1774 2102 perjurio
1826 2047 1932 2086 uno
1972 2048 2118 2086 anno
2165 2049 2198 2088 a

605 2125 984 2180 communione
1013 2125 1261 2196 corporis
1293 2131 1348 2178 et
1388 2124 1667 2196 sanguinis
1697 2123 1910 2179 Domini
1949 2140 2198 2196 segrega-

605 2227 715 2281 tus,
743 2227 950 2272 reatum
979 2233 1136 2272 suum
1157 2217 1517 2289 eleemosynis
1539 2233 1602 2272 ac
1628 2215 1860 2280 fletibus,
1893 2227 1948 2272 et
1978 2215 2197 2287 quantis

602 2307 843 2377 potuerit
861 2307 1085 2378 jejuuiis
1127 2309 1402 2376 absolvat;
1431 2311 1499 2364 ad
1527 2309 1852 2363 charitatem
1887 2324 2036 2375 vero,
2075 2325 2198 2378 qua:

603 2401 780 2470 operit
827 2400 1226 2458 multitudinem
1270 2411 1659 2473 peccatorum,
1716 2401 1966 2456 celeriter
2017 2402 2197 2456 redire

601 2491 840 2547 festinet.
889 2511 908 2546 ι

672 2585 736 2638 Ει
765 2585 1020 2656 quoniam
1050 2584 1359 2657 huiusmodi
1403 2585 1472 2641 de
1519 2594 1861 2641 sacramento
1908 2584 2198 2640 voluerunt

597 2678 937 2750 interrogare
976 2688 1306 2748 quazreutes,
1341 2694 1448 2734 non
1487 2679 1586 2734 abs
1629 2693 1688 2732 re
1719 2675 1858 2733 forte
1880 2677 2196 2750 putavimus

597 2771 666 2826 de
693 2771 888 2826 talibus
913 2772 1310 2840 scribere,qu:e
1343 2770 1518 2826 solent
1552 2769 1605 2824 in
1634 2771 1868 2824 humana
1899 2768 2194 2838 fragilitate

597 2869 888 2925 accidere:
933 2883 1107 2938 neque
1153 2882 1215 2922 ea
1269 2883 1390 2937 qua:
1437 2866 1724 2922 scribimus
1768 2867 1820 2920 in
1866 2880 2192 2936 quemquam

596 2960 969 3031 impingimus,
1000 2959 1094 3014 sed
1123 2960 1170 3014 si
1200 2958 1323 3014 talis
1349 2959 1653 3025 exstiterit,
1679 2972 1840 3027 quem
1867 2957 1970 3011 hoc
2009 2956 2192 3011 consi-

595 3049 724 3104 liqu
749 3050 1008 3120 adjuvare
1031 3048 1288 3118 potuerit,
1315 3063 1584 3102 memores
1606 3047 1902 3118 Scriptura:
1922 3045 2189 3102 dicentis:

597 3141 750 3207 Quod
772 3139 1220 3211 supererogaveris
1247 3138 1462 3193 reddam
1485 3140 1577 3192 tibi
1604 3135 1759 3211 (Luc.
1786 3155 1841 3203 Χ,
1859 3135 1976 3210 35),
1996 3139 2062 3194 de
2086 3139 2191 3194 hoc

2305 1941 2446 1993 ritur
2475 1953 2488 1992 :
2517 1954 2703 1993 verum
2737 1939 2789 1992 in
2835 1938 2952 2009 ipsa
2980 1937 3201 2009 querela
3229 1939 3466 2012 cogitare
3494 1939 3652 2006 debet,
3677 1942 3804 2013 potius

2305 2030 2359 2084 in
2375 2031 2516 2086 bona
2535 2031 2645 2085 vita
2673 2031 2772 2102 ipsi
2794 2031 3048 2086 humanae
3072 2031 3324 2086 societati
3361 2029 3520 2088 fuisse
3541 2033 3802 2098 servandam,

2304 2138 2372 2178 ne
2418 2123 2597 2193 praeda
2644 2123 2830 2192 iniqua
2859 2137 2926 2177 ex
2971 2123 3190 2178 homine
3233 2121 3410 2192 fieret,
3462 2117 3504 2179 si
3532 2125 3804 2195 sentitqnam

2303 2213 2487 2282 inique
2515 2212 2618 2267 sibi
2649 2213 2704 2269 in
2731 2211 2941 2283 peccati
2979 2215 3253 2270 societate
3305 2223 3512 2271 servata
3557 2229 3648 2270 non
3675 2214 3801 2270 fuerit.

2301 2305 2395 2362 ille
2417 2308 2614 2378 quippe
2652 2305 2941 2376 utrobique
2991 2305 3258 2378 perﬁdus,
3299 2321 3398 2379 pro
3421 2315 3626 2379 peccato
3643 2306 3804 2363 scelera-

2302 2399 2410 2455 tior
2438 2396 2765 2469 iudicandus
2787 2407 2874 2454 est
2921 2398 3168 2469 reu5'qui
3217 2397 3267 2454 si
3321 2395 3442 2455 ideo
3470 2406 3582 2456 cum
3608 2399 3802 2471 participe

2301 2492 2558 2548 facinoris
2590 2491 2828 2563 praedam
2862 2491 3105 2547 dividere
3143 2490 3427 2566 noluisset,
3475 2501 3532 2547 ut
3570 2490 3730 2547 homini
3745 2487 3802 2545 cui

2301 2585 2478 2641 ablata
2506 2583 2681 2641 fixerat
2712 2585 3051 2651 redderetur,
3073 2600 3197 2640 eum
3229 2574 3498 2656 perﬁdum
3523 2599 3612 2640 nec
3632 2581 3804 2656 perﬁdus

2301 2679 2527 2735 diceret.
2575 2675 2652 2732 ita
2704 2677 2920 2751 mulier,
2973 2675 3164 2732 si'ﬁdc
3190 2675 3462 2748 conjbgali
3493 2673 3665 2730 violata
3695 2673 3803 2727 ﬁdem

2300 2776 2486 2825 servat
2509 2767 2780 2844 adultero,
2803 2765 2990 2840 utique
3010 2767 3153 2844 mala
3175 2773 3286 2834 est,
3311 2767 3408 2824 sed
3429 2767 3472 2824 si
3499 2769 3590 2822 nec
3611 2764 3803 2826 adultero,

2299 2859 2452 2932 pejor
2479 2867 2580 2916 est.
2610 2843 2784 2917 Porro
2812 2857 2855 2917 si
2885 2873 3006 2916 eam
3032 2854 3226 2929 ﬂagitii
3256 2859 3534 2932 poeniteat,
3555 2865 3601 2912 et
3621 2855 3674 2911 ad
3695 2852 3806 2910 casti-

2298 2961 2468 3008 tatem
2495 2953 2717 3008 redicns
2742 2951 3082 3025 coniugalem
3102 2959 3268 3023 pacta
3290 2963 3356 3007 ac
3371 2945 3562 3023 placita
3583 2945 3806 3005 adulterina

2299 3043 2598 3111 rescindat,
2635 3043 2806 3099 miror
2855 3041 2900 3098 Si
2951 3055 3074 3100 eam
3125 3039 3258 3098 ﬁdei
3298 3035 3616 3098 iﬁolatricem
3646 3036 3710 3092 vel
3731 3036 3807 3105 ipse

2299 3139 2516 3194 adulter
2557 3139 2790 3211 putabit.
2828 3127 2982 3208 Quod
3035 3143 3192 3210 aeque
3253 3135 3642 3212 intelligendum
3664 3139 3728 3190 est
3763 3128 3808 3182 de

596 3203 740 3306 quod
790 3203 898 3290 non
948 3203 1138 3290 sumus
1187 3233 1532 3305 interrogati,
1577 3203 1640 3286 ut
1693 3203 2266 3302 quilibet-noveritc
2302 3203 2575 3298 adultero;
2611 3227 2740 3300 quia
2781 3203 3078 3302 si'pacmm
3100 3203 3238 3287 cum
3275 3203 3516 3288 adultera
3563 3227 3726 3283 factum
3746 3235 3806 3274 re-

595 3331 724 3403 quid
755 3345 956 3402 auceps
988 3329 1129 3384 inter
1159 3327 1266 3384 duo
1299 3327 1502 3400 eligere
1531 3325 1728 3382 debeat
1747 3367 1760 3392 ,
1791 3326 2196 3398 adiungendum

602 3423 932 3496 putavimus.
962 3419 1080 3475 Non
1107 3419 1252 3475 enim
1281 3419 1444 3474 facile
1489 3417 1652 3474 modo
1705 3417 1994 3489 quisquam
2044 3433 2196 3489 repe-

593 3517 740 3582 riet,
793 3515 903 3569 imo
959 3528 1060 3568 nec
1115 3526 1443 3582 quemquam
1493 3498 1724 3580 quisque
1779 3510 2054 3580 reperiet,
2102 3510 2196 3594 qui

604 3605 778 3662 David
803 3600 1063 3669 sanctior,
1099 3601 1390 3658 Salomone
1433 3601 1755 3672 sapientior,
1804 3599 2068 3664 Samsoue
2124 3601 2198 3658 sit

591 3697 809 3764 fortior,
831 3704 886 3752 et
911 3695 1011 3762 illi,
1033 3708 1221 3750 amore
1243 3692 1534 3749 muliebrio
1560 3691 1729 3762 capti,
1746 3690 2003 3760 quoniam
2025 3691 2194 3747 etiam

591 3801 803 3847 mentes
826 3787 1036 3845 ferreas
1059 3785 1226 3841 libido
1255 3787 1462 3851 domat,
1488 3799 1591 3840 nec
1624 3797 1842 3863 pannos
1887 3798 2191 3854 pauperum

589 3881 1042 3951 perhorrescens,
1073 3891 1176 3934 nec
1201 3891 1390 3949 regum
1436 3890 1736 3947 purpuram
1769 3875 2187 3946 pertimescens,

590 3971 719 4029 talia
751 3979 1123 4042 egeruntqute
1154 3985 1262 4024 non
1313 3977 1687 4024 convenerant
1711 3985 1725 4023 :
1755 3976 1812 4023 et
1832 3967 1900 4023 ad
1924 3983 2023 4023 nos
2047 3983 2192 4039 saepe

591 4064 811 4124 feminae
866 4063 1111 4129 veniunt,
1161 4061 1546 4126 reclamantes,
1593 4061 1738 4130 quod
1781 4057 2060 4130 juvenculi
2109 4059 2191 4115 eis

601 4172 756 4212 suam
783 4155 945 4211 ﬁdem
974 4153 1347 4226 promiserint,
1377 4167 1578 4222 easque
1613 4151 1822 4206 derisas
1848 4149 2186 4221 reliquerint.

589 4248 658 4303 Et
697 4245 968 4302 interdum
995 4260 1026 4300 a
1055 4242 1211 4300 nobis
1237 4252 1514 4314 repertum
1541 4249 1664 4309 est,
1689 4241 1814 4312 quia
1867 4239 1969 4294 viri
2007 4240 2189 4312 legiti-

589 4356 706 4397 mas
736 4339 1075 4409 reliquerunt
1123 4351 1346 4402 uxores,
1379 4344 1435 4392 et
1485 4335 1769 4402 adulteris,
1798 4343 1858 4390 ut
1902 4321 2192 4390 servarent

587 4434 750 4490 ﬁdem
788 4431 1266 4503 pollicitam,adeo
1295 4434 1658 4501 cohaeserunt,
1707 4439 1768 4487 ut
1813 4411 1950 4488 .cum
2003 4430 2188 4488 multis

587 4527 864 4583 laboribus
891 4527 960 4582 ab
987 4527 1066 4582 eis
1106 4516 1380 4598 quiverint
1414 4529 1681 4599 separari.
1723 4526 1800 4584 De
1826 4541 1936 4599 quo
1961 4527 2182 4600 negotio
2216 4551 2246 4600 ε

585 4619 782 4676 beatus
805 4618 1143 4689 Augustinus
1166 4619 1220 4675 in
1248 4619 1388 4677 libro
1415 4621 1483 4676 de
1501 4620 1644 4676 bono
1667 4619 1936 4693 conjugali
1969 4621 2107 4695 (cap.
2123 4621 2182 4698 4)

586 4711 722 4769 dicit
751 4729 766 4766 :
803 4731 822 4765 ι
860 4711 996 4780 Huc,
1023 4711 1296 4783 inquiens,
1319 4711 1554 4780 accedit,
1578 4711 1706 4782 quia
1733 4711 1789 4768 in
1809 4727 1874 4768 eo
1899 4713 2018 4784 ipso
2035 4715 2182 4785 quod

586 4803 691 4862 sibi
721 4804 954 4862 invicem
981 4802 1240 4876 coniuges
1267 4805 1530 4876 debitum.
1555 4803 1796 4871 solvunt,
1825 4805 1991 4862 etiam
2037 4807 2084 4863 si
2125 4806 2183 4864 id

548 4924 558 4932 -
585 4897 866 4968 aliquanto
891 4897 1346 4968 intemperantius
1372 4903 1428 4951 et
1457 4895 1883 4952 incontinentius
1898 4904 2178 4966 expetant,

583 4987 747 5043 ﬁdem
778 4997 962 5044 tamen
986 4987 1090 5044 sibi
1117 4987 1350 5042 invicem
1396 4986 1620 5053 debent,
1665 4987 1754 5043 cui
1797 4987 1922 5044 fidei
1967 4995 2178 5045 tantum

575 5077 720 5150 juris
750 5079 942 5134 tribuit
968 5078 1281 5151 Apostolus,
1305 5085 1365 5132 ut
1387 5091 1508 5132 eam
1530 5084 1857 5146 potestatem
1882 5077 2180 5150 appellaret

585 5172 772 5226 dicens
804 5184 818 5224 :
853 5169 1050 5225 Mulier
1079 5186 1184 5224 non
1203 5168 1354 5223 habet
1374 5177 1680 5240 potestatem
1703 5170 1937 5239 corporis
1959 5171 2063 5237 sui,
2084 5169 2176 5225 sed

583 5266 700 5331 vir;
731 5263 973 5318 similiter
994 5273 1170 5318 autem
1199 5272 1246 5316 et
1277 5261 1356 5316 vir
1381 5278 1485 5316 non
1524 5261 1680 5316 habet
1713 5271 2022 5332 potestatem
2060 5279 2178 5318 cor-

581 5359 723 5428 poris
765 5357 868 5422 sui,
903 5355 994 5410 sed
1037 5354 1225 5410 mulier
1273 5355 1324 5427 (ι
1357 5353 1480 5410 Co'r.
1515 5353 1716 5428 νυνι),
1769 5353 1940 5426 Hujus
1993 5365 2176 5412 autem

583 5449 708 5503 ﬁdei
739 5447 961 5504 violatio
996 5447 1193 5503 dicitur
1239 5447 1589 5511 adulterium,
1637 5465 1762 5506 cum
1809 5449 1896 5506 vel
1941 5449 2175 5522 propriae

583 5540 821 5596 libidinis
865 5540 1148 5608 instinctu,
1194 5539 1281 5597 vel
1309 5539 1498 5597 aliena:
1527 5556 1818 5609 consensu,
1847 5558 1972 5598 cum
2000 5542 2175 5600 altero

583 5632 667 5685 vel
706 5632 876 5687 altera
925 5643 1114 5689 contra
1167 5643 1385 5706 pactum
1439 5633 1723 5708 coniugale
1771 5636 2171 5704 concumbitur,

585 5732 746 5792 atque
771 5723 844 5777 ita
873 5725 1137 5795 frangitur
1164 5726 1326 5793 ﬁdes,
1355 5743 1476 5798 quae
1505 5728 1557 5780 in
1597 5729 1760 5783 rebus
1786 5728 1949 5783 etiam
1976 5743 2173 5798 corpo-

590 5816 698 5871 reis
725 5824 780 5870 et
810 5815 1034 5884 abjeetis
1073 5833 1324 5890 magnum
1373 5819 1540 5873 animi
1588 5821 1791 5876 bonum
1831 5830 1936 5888 est,
1967 5830 2021 5876 et
2051 5822 2172 5878 ideo

2302 3321 2523 3388 scindit,
2544 3335 2648 3378 nec
2673 3321 2788 3394 ipsa
2831 3319 3076 3379 adultera
3101 3333 3228 3380 eum
3259 3321 3388 3380 ﬁdei
3408 3313 3806 3387 violatbremjuste

2299 3415 2480 3474 dicere
2505 3418 2726 3489 poterit.
2761 3435 2782 3471 ι

2699 3515 3321 3596 lNTERBO’GATIO
3351 3517 3492 3595 xv.

2368 3651 2446 3707 De
2471 3652 2577 3708 hoc
2602 3653 2746 3722 quod
2773 3653 3170 3724 interrogatum
3214 3661 3322 3720 est,
3353 3653 3404 3710 si
3428 3654 3529 3710 hoc
3549 3661 3708 3706 verum
3725 3652 3812 3704 este

2296 3743 2489 3814 possit,
2524 3744 2672 3814 quod
2699 3743 2888 3815 plures
2911 3743 3164 3801 homines
3189 3745 3406 3808 dicunt,
3425 3745 3551 3820 quia
3575 3756 3682 3804 sunt
3701 3737 3811 3797 femi-

2295 3847 2382 3886 nae
2435 3847 2556 3902 quas
2581 3833 2851 3890 maleﬁcio
2881 3846 2982 3890 alio
3005 3835 3150 3892 inter
3181 3837 3366 3896 virum
3388 3847 3442 3899 et
3465 3853 3666 3898 uxorem
3681 3833 3810 3891 odium

2296 3923 2756 3982 irreconciliabile
2807 3927 3016 3996 possint
3063 3928 3311 4001 mittere,
3365 3943 3424 3990 et
3467 3921 3808 3989 inenarrabile!

2295 4030 2537 4072 amorem
2568 4017 2766 4074 iterum
2816 4019 2960 4075 inter
2991 4021 3171 4082 virum
3200 4039 3258 4082 et
3287 4027 3541 4084 feminam
3569 4035 3720 4081 serere
3742 4035 3752 4071 :
3773 4021 3810 4068 et

2293 4104 2360 4162 de
2385 4107 2599 4165 caeteris
2625 4125 2746 4180 qua:
2785 4111 2920 4173 hinc
2953 4113 3025 4173 ad
3049 4119 3414 4190 quaestionem
3433 4119 3691 4178 voluerunt
3708 4123 3813 4184 qut-

2293 4211 2479 4261 rentes
2501 4205 2794 4266 deducere.

2889 4322 3301 4388 RESPONSIO.

2361 4429 2624 4508 Relegant
2671 4435 2962 4499 historiam
3011 4443 3137 4502 libri
3185 4445 3398 4519 Regum
3443 4455 3560 4518 post
3593 4444 3810 4516 peccatum

2291 4524 2458 4582 David
2491 4527 2550 4584 in
2588 4527 2901 4594 Bethsabee
2933 4553 3159 4595 uxorem
3205 4539 3386 4610 Uriae,
3431 4539 3644 4612 qualiter
3675 4543 3812 4604 81188⁸⁸

2289 4616 2467 4677 stione
2495 4621 2699 4682 diaboli
2745 4617 3089 4702 ﬁlius'ipsius
3131 4633 3304 4688 David
3348 4634 3556 4688 Amnon
3601 4617 3809 4683 adamavit

2287 4728 2527 4770 sororem
2554 4713 2713 4776 suam
2740 4721 3000 4790 Thamar,
3029 4733 3086 4781 et
3107 4726 3338 4782 consilio
3386 4724 3614 4782 Ionadab
3640 4720 3809 4793 ﬁxum“

2286 4807 2523 4865 tenentis
2553 4811 2757 4870 diaboli
2780 4829 2878 4886 per
2901 4812 3072 4873 Evam
3091 4820 3321 4876 consilio
3344 4819 3590 4892 peccandi
3618 4810 3810 4872 occiden-
3889 4859 3898 4874 .

2284 4897 2355 4955 tis
2381 4898 2580 4968 Adam,
2615 4903 2910 4963 concubuit
2938 4923 3062 4964 cum
3103 4909 3296 4968 eadem
3327 4926 3512 4968 sorore
3540 4923 3646 4966 sua.
3683 4901 3809 4969 ρυίιπι

2283 4997 2499 5048 tantum
2528 5003 2656 5052 ante
2683 4997 3034 5055 concubitum
3065 5001 3271 5068 dilexit,
3307 5012 3366 5058 ut
3385 5001 3638 5075 deperiret
3662 4996 3706 5049 in
3722 5000 3807 5045 eam

2282 5081 2469 5152 valde,
2497 5096 2555 5143 et
2580 5098 2868 5160 aegrotaret
2893 5101 3114 5164 propter
3140 5109 3386 5152 amorem
3411 5093 3556 5164 ejus;
3581 5096 3686 5162 post
3711 5095 3806 5138 οοιι·

2281 5176 2534 5234 cubitum
2586 5191 2800 5250 autem,
2833 5198 3055 5241 exesam
3101 5202 3222 5242 eam
3269 5187 3460 5244 habuit
3501 5183 3616 5240 odio
3661 5183 3807 5244 magno

2281 5272 2473 5345 nimis,
2505 5287 2564 5334 ut
2589 5275 2765 5351 majus
2789 5289 2934 5336 esset
2955 5275 3140 5336 odium
3163 5297 3270 5354 quo
3300 5283 3490 5339 oderat
3516 5295 3642 5343 eam,
3669 5279 3808 5328 amore

2282 5381 2396 5446 quo
2433 5381 2562 5426 ante
2591 5372 2856 5428 dilexerat
2881 5392 2894 5428 :
2922 5389 3044 5446 qua:
3075 5376 3346 5432 diabolica
3372 5375 3602 5448 Operatio
3626 5382 3708 5440 per
3727 5362 3806 5417 fra-

2281 5457 2563 5516 tricidium
2609 5463 2681 5518 ad
2708 5463 2814 5518 alia
2841 5465 3005 5541 etiam
3045 5465 3220 5534 mala,
3249 5481 3372 5537 qua:
3402 5464 3588 5520 ibidem
3626 5457 3804 5512 lecto“?s

2277 5547 2590 5621 inveniunt,
2621 5551 2864 5610 decurrit
2895 5553 2980 5627 (II
3015 5555 3142 5630 Reg.
3171 5555 3314 5626 xm).
3339 5555 3404 5611 Et
3429 5557 3604 5611 beatus
3621 5543 3801 5630 Ambit?

2277 5644 2429 5712 sius,
2465 5645 2660 5716 psalmi
2703 5649 2985 5705 ceutesimi
3036 5627 3230 5708 decimi
3267 5649 3445 5706 octavi
3489 5627 3800 5708 versum”)

2276 5748 2560 5808 upoueus
2589 5757 2601 5792 :
2633 5739 2754 5795 Nisi
2781 5743 2922 5814 quod
2949 5743 3034 5798 (ea:
3061 5755 3156 5800 tua
3186 5743 3454 5800 meditatio
3478 5756 3584 5795 mea
3608 5744 3689 5796 εει,
3707 5735 3800 5814 MF

2277 5825 2420 5905 [orte
2445 5830 2710 5900 periissem
2740 5812 2800 5886 ini
2823 5833 3117 5890 humilitate
3143 5853 3251 5894 mea
3273 5876 3287 5902 ,
3320 5834 3537 5905 loquens
3565 5825 3622 5884 de
3646 5812 3797 5886 Ioseph
