4026 6340
191 446 305 506 717

1133 450 1223 511 DE
1261 449 1590 509 DlVORTlO
1630 436 1956 509 LOTllARll
2001 451 2090 508 ET
2130 454 2556 514 TETBERGE.

3377 465 3481 525 ’118

188 565 513 643 perferente
540 566 905 624 imntissiones
931 582 1028 639 per
1069 567 1289 639 angelos
1323 568 1527 634 malos,
1558 568 1689 624 dicit
1717 567 1784 623 ad
1812 561 1860 626 Α
1890 567 2363 637 phantasmatibus
2401 570 2704 640 diabolicis,
2740 587 2841 645 per
2867 574 3204 634 exorcismos
3242 586 3300 634 et
3333 580 3478 637 anti-

190 663 410 720 locum:
449 680 470 714 t
501 660 715 727 Fertur,
742 662 1016 732 inquiens,
1038 662 1317 732 prophetm
1344 662 1580 729 cuidam,
1602 671 1655 717 et
1673 662 1787 734 ple-

189 755 356 826 rique
378 753 565 810 ferunt
590 753 732 824 quod
761 752 913 809 Isaia:
937 753 993 808 in
1021 768 1242 809 carcere
1269 755 1476 824 posito,
1500 768 1621 809 cum
1645 754 1786 809 mole

190 848 537 906 imminentis
555 855 841 917 urgeretur
855 846 1027 913 exitii,
1056 845 1262 902 dixisse
1287 845 1558 903 diabolum
1582 864 1595 901 :
1619 844 1797 919 654.

192 939 296 996 Dic
323 939 453 1011 quia
481 952 588 994 non
620 952 652 992 a
684 937 917 993 Domino
956 937 1168 992 locutus
1209 952 1271 992 es
1310 952 1431 1007 quae
1460 936 1643 993 dixisti
1669 977 1684 1005 ,
1732 944 1788 992 et

187 1030 441 1086 omnium
472 1029 526 1084 in
562 1037 614 1084 te
641 1038 851 1087 mentes
874 1026 1207 1102 aﬂ‘ectusque
1226 1029 1464 1085 mutabo.
1504 1048 1525 1082 ι

267 1160 383 1218 Sed
408 1171 465 1218 et
483 1162 537 1217 in
566 1164 823 1234 parochia
849 1162 1129 1233 cuiusdam
1151 1173 1397 1221 nostrum
1425 1162 1569 1237 quod
1597 1179 1787 1220 narra-

187 1268 320 1311 mus
364 1255 641 1311 acciderat
666 1274 680 1313 :
710 1256 964 1327 quoniam
994 1256 1214 1329 quidam
1250 1258 1448 1314 nobilis
1475 1273 1672 1332 genere
1691 1258 1788 1330 iu-

186 1348 350 1403 venis
408 1363 515 1403 non
569 1347 861 1420 ignobilem
917 1349 1136 1405 natione
1177 1350 1434 1405 feminam
1489 1350 1785 1417 adamavit,

186 1448 359 1510 Quam
400 1453 429 1493 a
456 1440 773 1512 parentibus
820 1440 1012 1513 puellas
1057 1441 1302 1513 legaliter
1329 1452 1611 1513 expetens,
1643 1442 1789 1514 apud

187 1542 409 1601 patrem
456 1530 647 1602 petitio
692 1531 810 1601 ejus
855 1534 1177 1603 praevaluit,
1230 1535 1326 1591 sed
1362 1534 1553 1605 puellae
1609 1544 1788 1591 mater

187 1624 446 1677 eamdem
475 1624 789 1693 petitionem
815 1627 1143 1683 omnimodis
1180 1627 1438 1683 refutavit
1467 1647 1479 1682 :
1510 1637 1666 1698 pater
1688 1642 1786 1682 ve-

188 1730 277 1779 ro,
310 1716 456 1785 quod
485 1731 612 1772 raro
657 1716 795 1774 solet
838 1719 1176 1789 contingere,
1208 1721 1261 1775 in
1286 1720 1501 1791 juvenis
1529 1722 1786 1791 precibus

187 1813 488 1868 annuendo
535 1813 834 1884 praevaluit,
892 1816 984 1886 qui
1024 1824 1146 1887 post
1186 1807 1699 1886 desponsationem,’
1732 1824 1788 1873 et

188 1904 337 1961 dotis
369 1905 605 1973 titulum,
638 1922 701 1962 ac
732 1906 1043 1977 nuptiarum
1092 1907 1491 1974 celebritatem,
1543 1910 1779 1979 puellam

188 2007 413 2055 secreta
467 1999 700 2055 cubiculi
746 1999 1097 2055 introducens
1122 2041 1138 2064 ,
1186 1999 1333 2055 nullo
1375 2001 1534 2057 modo
1560 2016 1683 2056 cum
1715 2016 1780 2057 ea

187 2090 561 2147 concumbere
582 2105 649 2145 ex
664 2106 815 2147 more
826 2091 1126 2161 praevaluit,
1167 2101 1221 2145 et
1248 2107 1370 2147 cum
1400 2092 1783 2148 irremediabili

186 2182 320 2236 odio
363 2182 641 2236 taediosam
696 2182 864 2237 vitam
917 2197 1018 2254 per
1060 2182 1337 2238 biennium
1388 2183 1678 2248 ducerent,
1716 2183 1785 2238 ad

186 2274 528 2344 episcopum,
577 2273 703 2344 quia
754 2273 898 2329 aliud
914 2272 1027 2342 iam
1064 2274 1188 2331 inde
1218 2274 1502 2331 consilium
1547 2276 1783 2332 inveniri

186 2368 303 2420 non
328 2371 560 2435 poterat,
585 2366 712 2422 hinc
732 2368 1057 2423 necessitate
1078 2376 1308 2439 cogente
1329 2383 1654 2425 concursum
1677 2379 1780 2438 est,

185 2472 320 2514 cum
374 2458 551 2514 verbis
598 2460 896 2527 suasoriis,
949 2460 1271 2531 precatoriis
1320 2477 1385 2518 ac
1454 2464 1782 2532 minatoriis,

185 2551 323 2622 quia
358 2548 461 2607 nisi
491 2553 828 2622 permitteret
854 2553 1073 2609 dissolvi
1104 2553 1441 2628 coniugium,
1465 2557 1581 2627 ipse
1602 2558 1784 2628 porri-

186 2653 353 2723 geret
379 2643 631 2716 gladium,
661 2662 767 2718 quo
801 2646 976 2717 fieret,
1003 2649 1047 2705 si
1069 2650 1225 2705 aliter
1253 2652 1474 2709 dissolvi
1500 2666 1604 2708 non
1634 2662 1788 2724 pote-

186 2745 304 2805 rat,
338 2736 704 2794 homicidium.
750 2738 924 2795 Isdem
951 2748 1131 2797 autem
1152 2742 1461 2813 episcopus,
1507 2736 1649 2798 inter
1678 2744 1785 2800 alia

184 2829 352 2902 plura
376 2831 491 2903 iam
518 2830 584 2887 de
611 2831 807 2888 talibus
838 2831 1038 2889 Satana
1066 2834 1299 2891 faciente
1326 2851 1467 2907 smpe
1493 2837 1785 2905 cribratus,

183 2934 250 2979 et
297 2925 367 2980 ad
412 2925 728 2981 memoriam
766 2926 1032 2983 reducens
1057 2930 1198 2999 quod
1237 2929 1369 2985 dicit
1399 2930 1659 2986 Dominus
1689 2946 1789 3002 per

182 3016 516 3089 prophetam
545 3033 561 3071 :
594 3014 706 3072 Fili
734 3020 979 3085 hominis,
1012 3021 1226 3091 perfode
1273 3023 1546 3094 parietem,
1576 3033 1622 3078 et
1666 3024 1787 3080 vide

187 3105 612 3162 abominationes
632 3123 763 3179 quas
806 3107 1010 3177 faciunt
1038 3108 1125 3164 isti
1150 3109 1254 3162 hic.
1286 3107 1357 3164 Et
1378 3126 1497 3164 cum
1520 3111 1786 3182 perfodis-

187 3215 304 3254 sem
344 3199 617 3269 parietem,
646 3202 891 3271 apparuit
923 3202 1163 3272 foramen
1194 3199 1412 3276 (Ezech.
1443 3204 1587 3276 vni),
1619 3215 1674 3261 et
1699 3220 1786 3261 re-

186 3287 343 3360 liqua
371 3306 491 3361 quae
529 3291 603 3346 ibi
647 3292 922 3363 leguntur,
971 3296 1036 3351 de
1067 3295 1264 3366 placito
1293 3295 1359 3350 ad
1400 3296 1682 3367 placitum,
1716 3298 1783 3355 de
1810 3317 1855 3381 ρ

188 3380 499 3453 quaestione
528 3382 596 3437 ad
630 3380 999 3440 difﬁnitionem
1035 3402 1132 3458 per
1160 3387 1476 3459 frequentes
1500 3398 1677 3445 tracta
1708 3400 1787 3446 ta-

186 3472 264 3551 lia
315 3471 585 3542 invitavit,
614 3490 785 3546 usque
824 3476 949 3532 dum
984 3480 1324 3549 operationes
1364 3480 1644 3539 diabolica:
1692 3483 1790 3540 Dei

187 3565 370 3640 gratia
422 3566 699 3623 dissolutae
747 3580 909 3637 sunt,
962 3579 1019 3626 et
1074 3573 1390 3630 concubitus
1419 3574 1471 3629 in
1514 3577 1789 3633 anteriore

186 3657 499 3715 concubina
553 3676 677 3715 cum
718 3659 1073 3717 delectatione
1112 3664 1414 3735 possibilis,
1465 3675 1521 3721 et
1557 3682 1679 3722 cum
1707 3666 1788 3723 le-

187 3749 391 3822 galiter
418 3749 607 3806 sortita
638 3751 1010 3822 impossibilis,
1042 3764 1166 3825 post
1190 3757 1571 3827 paenitentiam
1594 3766 1649 3814 et
1672 3772 1787 3815 me-

190 3843 433 3900 dicinam
457 3844 906 3912 ecclesiasticam,
931 3844 1117 3915 juveni
1142 3855 1227 3901 est
1250 3862 1373 3903 cum
1405 3864 1577 3905 uxore
1606 3849 1785 3921 possi-

188 3934 321 3993 bilis
347 3936 611 4005 redditus,
650 3948 741 4003 et,
790 3937 975 4011 fugato
1004 3939 1129 3994 odio
1167 3940 1454 4009 diabolico,
1493 3941 1790 4016 coniugalis

190 4043 353 4083 amor
381 4028 522 4084 inter
552 4028 809 4099 coniuges
832 4031 1152 4103 integratus,
1178 4047 1321 4088 nunc
1348 4048 1517 4103 usque
1543 4051 1665 4089 cum
1693 4035 1789 4090 de-

187 4113 310 4176 bito
333 4134 534 4186 ,amore
570 4130 903 4190 perseverat,
941 4131 1104 4192 atque
1153 4121 1424 4197 coniugati
1459 4125 1642 4182 sobole
1681 4141 1784 4181 nu-

190 4228 414 4269 merosa
438 4215 797 4297 congaudent.

270 4350 451 4423 Turpe
472 4362 558 4409 est
582 4351 791 4410 fabulas
815 4355 974 4411 nobis
1002 4364 1161 4412 notas
1190 4356 1431 4425 referre,
1473 4368 1530 4415 et
1564 4359 1785 4432 longum

188 4454 282 4501 est
305 4445 591 4517 sacrilegia
623 4456 959 4520 computare,
978 4465 1101 4520 qua:
1116 4466 1186 4507 ex
1209 4451 1523 4523 huiusmodi
1549 4454 1616 4511 de
1640 4454 1787 4510 ossi-

189 4538 299 4595 bus
328 4548 666 4595 mortuorum
683 4578 700 4606 ,
721 4549 887 4611 atque
916 4542 1193 4600 cineribus
1228 4544 1664 4618 carbonibusque
1692 4561 1789 4602 ex-

190 4627 506 4694 stinctis,et
526 4630 593 4687 de
620 4631 829 4703 capillis
852 4643 1017 4703 atque
1043 4634 1167 4704 pilis
1191 4635 1436 4692 locorum
1466 4637 1782 4708 genitalium

191 4720 440 4776 virorum
467 4735 533 4776 ac
553 4721 897 4791 feminarum,
921 4740 1049 4780 cum
1067 4724 1231 4782 ﬁlulis
1257 4727 1499 4784 colorum
1524 4729 1785 4801 multipli-

193 4814 370 4881 cium,
415 4825 473 4870 et
505 4817 688 4873 herbis
732 4817 932 4885 variis,
964 4833 1031 4875 ac
1051 4819 1304 4877 cocleolis
1346 4829 1404 4876 et
1448 4824 1786 4893 serpentium

196 4908 484 4979 particulis
538 4911 874 4983 composita,
931 4928 1057 4968 cum
1109 4914 1445 4972 carminibus
1507 4916 1786 4973 incantata

196 4998 671 5068 deprehendentes
710 5003 1110 5074 comperimus,
1136 5004 1334 5076 quibus
1366 5005 1617 5063 homines
1647 5006 1787 5064 libe-

198 5094 327 5159 rati,
343 5100 400 5149 et
413 5094 790 5153 benedictione
802 5098 1171 5157 ecclesiastica
1187 5100 1464 5168 medicati,
1479 5102 1653 5174 gratia
1665 5116 1790 5158 con-

191 5186 368 5259 iugali
388 5195 444 5243 et
464 5189 648 5246 debito
670 5191 901 5248 naturali
913 5192 1186 5264 perfuncti
1198 5203 1345 5270 sunt.
1365 5194 1597 5263 Quidam
1616 5196 1784 5253 etiam

197 5283 447 5338 vestibus
472 5284 787 5342 carminatis
804 5286 1185 5355 induebamur,
1210 5289 1294 5345 vel
1307 5290 1787 5361 cooperiebantur,

199 5372 294 5425 alii
326 5382 481 5442 potu,
506 5374 599 5429 alii
625 5384 809 5432 autem
836 5377 958 5433 cibo
982 5392 1016 5433 a
1038 5379 1308 5437 sortiariis
1336 5380 1665 5448 dementati,
1696 5380 1788 5437 alii

201 5478 335 5520 vero
362 5474 567 5522 tantum
605 5470 942 5528 carminibus
966 5486 995 5526 a
1040 5474 1226 5545 strigis
1250 5474 1500 5531 fascinati
1535 5485 1591 5531 et
1633 5473 1791 5546 quasi

202 5571 435 5613 enerves
464 5558 641 5617 effecti
668 5563 871 5634 reperti
900 5573 1027 5619 sunt
1052 5580 1066 5619 :
1094 5565 1316 5635 quidam
1345 5576 1531 5623 autem
1559 5581 1592 5622 a
1611 5566 1790 5623 lamiis

166 5706 167 5709 η
202 5649 320 5704 sive
364 5651 718 5723 genicialibus
755 5654 974 5713 feminis
1009 5655 1275 5714 debilitati
1298 5698 1314 5724 ,
1343 5659 1591 5728 quaedam
1625 5646 1788 5716 etiam

204 5743 423 5801 femina:
448 5761 479 5801 a
514 5748 694 5806 Dusiis
720 5750 776 5807 in
814 5753 997 5823 specie
1023 5751 1264 5808 virorum
1288 5795 1305 5819 ,
1335 5768 1569 5824 quorum
1604 5766 1793 5811 amore

204 5841 491 5909 ardebant,
515 5845 861 5901 concubitum
887 5846 1175 5916 pertulisse
1204 5847 1441 5902 inventae
1465 5856 1626 5914 sunt;
1653 5861 1790 5918 quos

210 5948 266 5992 et
314 5954 453 6009 quas
512 5940 691 5996 divina
755 5943 1026 6015 potentia,
1070 5944 1395 6015 compressis
1451 5951 1506 6000 et
1566 5941 1793 6012 abiectis

1894 658 2021 713 dota
2049 661 2315 717 catholica
2348 665 2585 721 restituit
2611 665 2850 723 sanitati.

1965 749 2103 807 Sunt
2140 759 2196 806 et
2227 752 2330 808 alia
2356 770 2477 826 qua:
2512 772 2612 813 nos
2642 757 2899 814 dirimere
2927 774 2992 816 ac
3010 757 3259 831 iudicare
3293 778 3480 824 neces-

1889 843 2023 900 sitas
2048 844 2337 929 compulit,
2363 845 2526 919 εδδ
2548 863 2669 921 quae
2696 859 2920 921 propter
2945 848 3210 909 nefariam
3247 858 3481 929 turpitu-

1892 933 2074 992 dinem
2102 936 2285 992 dicere
2308 926 2562 996 nolumus
2595 958 2608 995 :
2642 952 2699 998 et
2725 951 2851 999 sunt
2876 945 3182 1018 huiusmodi
3211 926 3477 1011 scelerata

1889 1036 2054 1100 atque
2074 1028 2382 1089 facinorosa
2404 1075 2419 1099 ,
2469 1044 2677 1104 quae'ut
2704 1037 2771 1091 ad
2798 1038 3048 1094 notitiam
3093 1041 3473 1114 malignorum,

1889 1121 1982 1193 qui
2009 1120 2151 1178 forte
2176 1137 2241 1179 ea
2270 1124 2520 1196 ignorant
2546 1167 2562 1194 ,
2608 1129 2894 1200 pervenire
2940 1146 3048 1188 non
3082 1132 3334 1201 valeant,
3387 1136 3481 1193 hic

1890 1216 2131 1273 scribere
2154 1219 2578 1291 supersedimus.
2611 1219 2751 1277 Sunt
2775 1232 3041 1294 praeterea
3062 1234 3119 1281 et
3144 1232 3255 1282 tam
3286 1228 3481 1285 imma-

1890 1311 1981 1367 nia
2009 1311 2292 1368 diabolicte
2319 1315 2653 1384 operationis
2676 1325 2932 1386 portenta
2962 1332 3064 1390 per
3094 1319 3360 1391 magicam
3389 1335 3480 1376 ar-

1892 1411 1998 1459 tem
2047 1402 2189 1458 facta
2216 1444 2233 1471 ,
2285 1420 2405 1477 qua:
2436 1405 2506 1461 ad
2550 1422 2653 1463 nos
2692 1417 3097 1478 pervenerunt,
3134 1418 3195 1466 ut
3221 1411 3482 1468 credendi

1890 1494 2111 1550 modum
2155 1498 2440 1553 excedant.
2492 1496 2602 1554 Sed
2650 1515 2755 1555 non
2804 1508 2890 1556 est
2937 1500 3135 1557 mirum
3182 1503 3229 1558 si
3271 1502 3327 1559 in
3361 1504 3484 1563 istis

1894 1589 2228 1661 temporibus
2258 1590 2464 1647 ultimis
2500 1591 2629 1647 talia
2656 1592 2977 1650 Antichristi
3007 1580 3298 1652 adventum
3339 1581 3481 1669 prae-

1891 1679 2164 1735 currentia
2196 1681 2441 1748 veniunt,
2475 1682 2654 1752 qualia
2693 1674 2959 1740 Dominus'
2996 1693 3052 1739 et
3098 1684 3326 1757 apostoli
3363 1686 3482 1756 ejus

1890 1774 2115 1825 ventura
2147 1772 2566 1844 descripserant,
2597 1774 2663 1830 de
2708 1774 2903 1844 quibus
2949 1784 3005 1830 et
3051 1775 3251 1833 Paulus
3298 1777 3476 1834 dicit:

1892 1857 2035 1915 Nam
2070 1865 2375 1932 mysterium
2404 1865 2525 1937 jam
2576 1875 2825 1939 operatur
2860 1867 3153 1938 iniquitatis
3190 1876 3481 1927 secundum

1810 1945 1862 2008 Β
1888 1961 2239 2031 Operationem
2275 1954 2491 2013 Satanw
2528 1959 2584 2012 in
2628 1960 2770 2013 omni
2809 1970 3079 2029 potestate,
3116 1971 3165 2016 et
3204 1963 3385 2035 signis,
3429 1972 3479 2019 et

1884 2049 2138 2121 prodigiis
2167 2047 2425 2135 mendacii
2474 2046 2561 2120 (II
2591 2046 2770 2104 Thess.
2800 2065 2862 2116 ll,
2892 2052 2977 2122 7);
3021 2060 3077 2106 et
3099 2051 3229 2107 item
3262 2070 3274 2106 :
3305 2051 3479 2123 Spiri-

1885 2152 1970 2197 tus
1998 2150 2176 2196 autem
2205 2138 2478 2212 manifeste
2506 2141 2657 2203 dicit,
2680 2142 2804 2211 quia
2830 2143 2885 2196 in
2913 2143 3206 2198 novissimis
3235 2145 3481 2215 tempori-

1886 2236 1983 2292 bus
2013 2236 2251 2291 recedent
2280 2236 2496 2307 quidam
2534 2254 2565 2290 a
2595 2236 2722 2305 ﬁde,
2757 2243 3080 2293 attendentes
3117 2239 3333 2309 spiritus
3371 2239 3479 2310 fal-

1886 2326 2024 2384 laces
2048 2369 2065 2396 ,
2117 2328 2386 2384 doctrinas
2442 2329 2823 2383 dwmoniorum
2871 2328 2925 2403 (I
2950 2312 3084 2385 Tim.
3117 2346 3192 2397 tv,
3222 2329 3298 2404 1).
3353 2329 3481 2388 Hinc

1887 2428 2070 2475 autem
2100 2419 2311 2475 vanitas
2338 2419 2671 2491 magicarum
2703 2419 2901 2474 artium
2945 2435 3014 2475 ex
3056 2420 3351 2478 traditione
3381 2435 3482 2477 an-

1888 2510 2128 2583 gelorum
2173 2510 2443 2566 malorum
2490 2510 2547 2565 in
2594 2518 2707 2567 toto
2739 2519 3006 2565 terrarum
3052 2496 3479 2578 orbe,.auctore

1889 2601 2179 2657 Zoroastre
2209 2616 2335 2672 rege
2372 2601 2785 2656 Bactrianorum
2809 2642 2823 2668 ,
2861 2616 3022 2672 quem
3049 2599 3218 2658 Ninus
3246 2616 3345 2658 rex
3371 2601 3480 2659 As-

1890 2697 2162 2769 syriorum
2190 2696 2377 2768 prmlio
2416 2695 2730 2762 interfecit,
2778 2703 2834 2751 et
2876 2705 3238 2769 propagatore
3283 2696 3481 2754 Demo-

1888 2788 2059 2859 crito,
2096 2785 2344 2857 plurimis
2397 2786 2613 2843 saeculis
2657 2784 2846 2841 valuit.
2897 2785 3005 2843 Sed
3040 2788 3183 2859 apud
3223 2787 3481 2861 Assyrios

1888 2879 2102 2937 exculta
2130 2894 2229 2951 per
2257 2878 2455 2936 multos
2481 2878 2775 2935 diabolicos
2802 2873 2949 2936 vi'ros
2976 2878 3096 2947 fuit,
3134 2896 3365 2952 quorum
3395 2881 3480 2937 in-

1890 2978 2098 3026 fantum
2125 2969 2376 3041 prodiere
2405 2967 2800 3025 maleficiorum
2829 2977 3001 3038 artes,
3030 2980 3091 3026 ut
3120 2971 3306 3040 etiam,
3338 2971 3483 3028 sicut

1891 3076 2051 3133 supra
2077 3060 2313 3116 diximus
2338 3101 2353 3128 ,
2401 3059 2572 3133 Moysi
2616 3059 2906 3117 simillimis
2936 3062 3105 3135 signis
3139 3064 3479 3135 resisterent,

1889 3162 2161 3209 vertentes
2189 3153 2366 3226 virgas
2395 3152 2450 3207 in
2488 3152 2754 3208 dracones
2777 3193 2793 3221 ,
2818 3146 3030 3225 aquam
3078 3154 3134 3210 in
3159 3156 3483 3228 sanguinem

1894 3241 2090 3316 (Exod.
2117 3241 2236 3314 vn).
2278 3241 2346 3296 Et
2376 3241 2689 3298 eorumdem
2725 3241 3119 3299 maleficiorum
3154 3260 3261 3301 una
3290 3245 3483 3316 impie-

1891 3344 1995 3401 tas,
2027 3345 2089 3391 ut
2130 3334 2444 3389 diversitate
2472 3333 2703 3401 artium,
2744 3332 2821 3389 ita
2866 3341 2922 3390 et
2967 3334 3279 3391 diversitate
3308 3336 3483 3391 nomi-

1892 3445 2022 3485 num
2058 3435 2317 3496 constat,
2367 3427 2507 3485 sicut
2541 3435 2598 3484 et
2642 3428 2839 3501 pagani
2884 3428 3136 3486 doctores
3163 3470 3178 3497 ,
3226 3435 3281 3485 et
3314 3429 3481 3485 etiam

1891 3525 2186 3582 Christiani
2214 3522 2476 3580 referunt.
2510 3520 2665 3580 Unde
2692 3523 2848 3595 plura
2876 3523 3209 3590 omittentes,
3232 3523 3481 3595 quaedam

1891 3632 2398 3675 commemoramus.
2451 3615 2590 3690 Magi
2631 3625 2796 3685 sunt,
2842 3616 2936 3688 qui
2964 3616 3126 3689 vulgo
3154 3615 3384 3673 malefici
3413 3615 3484 3673 ob

1891 3710 2193 3766 facinorum
2246 3708 2680 3781 magnitudinem
2727 3716 3130 3779 nuncupantur.
3180 3706 3247 3763 Hi
3285 3715 3342 3763 et
3376 3706 3487 3763 ele-

1892 3811 2074 3860 menta
2101 3801 2440 3868 concutiunt,
2467 3800 2690 3859 turbant
2717 3809 2930 3857 mentes
2950 3800 3255 3869 hominum,
3278 3815 3344 3857 ac
3364 3799 3483 3855 sine

1891 3899 2000 3954 ullo
2041 3897 2237 3953 ven’eni
2267 3897 2467 3952 haustu
2492 3936 2507 3963 ,
2546 3894 2805 3951 violentia
2848 3902 3062 3950 tantum
3091 3890 3350 3950 carminis
3400 3893 3485 3949 in-

1895 3991 2174 4048 terimunt.
2206 3986 2578 4044 Necromantii
2608 3994 2757 4052 sunt,
2784 4000 3013 4057 quorum
3046 3981 3486 4056 praecantationi-

1892 4086 1993 4141 bus
2017 4084 2269 4140 videntur
2292 4079 2602 4137 resuscitati
2628 4077 2829 4135 mortui
2857 4077 3120 4147 divinare,
3149 4084 3204 4130 et
3226 4075 3295 4130 ad
3317 4076 3488 4131 inter-

1893 4185 2081 4248 rogata
2113 4174 2463 4246 respondere.
2513 4170 2889 4246 Hydromantii
2935 4178 3082 4237 sunt,
3107 4170 3200 4241 qui
3230 4171 3286 4225 in
3326 4185 3484 4241 aqua:

1892 4268 2237 4340 inspectione
2268 4266 2491 4322 umbras
2520 4264 2825 4320 daemonum
2856 4270 3109 4330 evocant,
3135 4270 3191 4316 et
3216 4259 3485 4329 imagines

1892 4361 1978 4416 vel
2007 4359 2403 4416 ludificationes
2429 4372 2617 4413 eorum
2663 4356 2738 4412 ibi
2765 4354 2970 4422 videre,
3013 4364 3073 4409 et
3099 4354 3168 4409 ab
3197 4353 3278 4410 eis
3303 4352 3485 4425 aliqua
3526 4422 3533 4433 θ

1894 4451 2083 4508 audire
2108 4464 2167 4506 se
2187 4449 2491 4522 perhibent.
2531 4448 2919 4514 lncantatores,
2964 4446 3055 4518 qui
3099 4453 3272 4500 artem
3302 4444 3484 4502 verbis

1891 4550 2175 4616 peragunt.
2220 4539 2392 4597 Arioli
2418 4580 2433 4606 ,
2479 4539 2571 4612 qui
2602 4538 2748 4595 circa
2779 4552 2905 4593 aras
2937 4535 3202 4592 idolorum
3242 4532 3485 4592 nefarias

1891 4648 2084 4708 preces
2113 4636 2404 4698 emittunt,
2446 4640 2503 4688 et
2539 4629 2754 4687 funesta
2779 4626 3050 4688 sacriﬁcia
3078 4626 3331 4694 offerunt,
3370 4627 3485 4685 his—

1890 4743 1998 4799 que
2047 4725 2451 4783 celebritatibus
2514 4723 2821 4781 daemonum
2872 4736 3132 4803 responsa
3186 4720 3483 4794 accipiunt.

1889 4820 2203 4891 Aruspices,
2231 4819 2323 4888 qui
2350 4820 2513 4874 horas
2544 4817 2601 4872 in
2632 4815 2856 4887 agendis
2885 4813 3117 4887 negotiis
3144 4823 3201 4870 et
3224 4814 3484 4885 operibus

1892 4913 2225 4979 custodiunt,
2253 4911 2341 4983 qui
2373 4918 2499 4967 exta
2542 4908 2809 4981 pecudum
2845 4914 2902 4962 et
2945 4904 3111 4961 ﬁbras
3149 4912 3313 4975 atque
3356 4919 3483 4976 spa-

1893 5006 2056 5071 tulas,
2086 5004 2169 5061 vel
2196 5013 2393 5060 caetera
2423 5015 2650 5074 qumque
2673 4999 2992 5071 inspiciunt,
3019 5006 3073 5053 et
3095 5012 3163 5053 ex
3188 4997 3269 5052 eis
3299 4994 3484 5054 futura

1893 5096 2209 5168 praedicunt.
2236 5097 2481 5167 Augures
2504 5101 2649 5160 sunt,
2673 5093 2767 5166 qui
2796 5091 3009 5149 volatus
3036 5078 3297 5145 avium‘et
3317 5102 3483 5146 voces

1890 5189 2216 5255 attendunt,
2264 5201 2497 5259 quorum
2521 5199 2689 5240 unum
2735 5196 2906 5255 genus
2932 5180 2999 5236 ad
3033 5178 3222 5236 oculos
3249 5218 3266 5245 ,
3312 5178 3368 5234 id
3397 5185 3485 5235 est

1890 5283 2108 5340 volatus
2134 5281 2339 5348 avium,
2381 5279 2612 5336 alterum
2640 5277 2710 5334 ad
2758 5289 2941 5342 aures,
2974 5274 3027 5330 id
3056 5281 3141 5330 est
3166 5288 3269 5328 vox
3298 5273 3485 5330 avium

1891 5381 2149 5455 pertinet.
2189 5378 2330 5437 Sunt
2353 5388 2413 5436 et
2439 5377 2791 5452 pythonissm,
2822 5389 2945 5448 quae
2990 5381 3048 5429 et
3088 5370 3481 5442 ventriloquec;

1892 5481 2022 5531 sunt
2066 5482 2123 5529 et
2165 5471 2467 5545 astrologi,
2513 5484 2580 5527 eo
2624 5468 2770 5541 quod
2812 5467 2867 5523 in
2910 5465 3074 5522 astris
3125 5471 3482 5536 augurentur.

1898 5565 2039 5624 Sunt
2061 5576 2119 5623 et
2141 5566 2235 5637 qui
2277 5564 2393 5623 dies
2432 5561 2692 5639 natalium
2732 5558 3101 5623 considerant,
3133 5565 3189 5614 et
3211 5555 3310 5628 qui
3339 5555 3485 5611 side-

1897 5675 2022 5717 rum
2061 5672 2285 5716 eursum
2331 5658 2387 5713 in
2421 5653 2773 5715 nascentibus
2809 5653 3145 5717 observant,
3194 5649 3289 5721 qui
3323 5645 3485 5719 vulgo

1898 5750 2266 5809 mathematici
2296 5756 2579 5806 vocantur.
2610 5746 2749 5803 Sunt
2775 5753 2833 5802 et
2857 5742 3168 5814 horoscopi,
3199 5741 3294 5813 qui
3319 5740 3484 5796 horas

1897 5844 2200 5905 nativitatis
2220 5841 2567 5913 speculantur
2591 5839 2841 5895 dissimili
2863 5847 2919 5894 et
2941 5836 3159 5892 diverso
3183 5834 3314 5890 fato.
3342 5831 3486 5887 Sunt

1898 5950 1953 5997 et
1997 5937 2257 6009 sortilegi,
2306 5936 2395 6007 qui
2448 5936 2546 5989 sub
2595 5932 2810 5987 nomine
2856 5930 2994 5986 ﬁcta?
3046 5927 3345 6001 religionis,
3383 5936 3482 5995 per
