4026 6340
893 290 967 309 ,μα

904 325 944 373 .4.
967 316 1085 372 «ρ’βξςί
1112 359 1113 362 η

615 325 741 409 719‘

617 449 882 524 quasdam
911 463 1049 524 quas
1075 457 1386 510 sanctorum
1409 457 1587 509 sortes
1608 462 1826 518 vocant,
1857 443 2205 509 divinatidnis

616 545 905 602 scientiam
933 545 1278 618 proﬁtentur,
1307 553 1402 600 aut
1443 544 1887 615 quarumcuiique
1915 545 2204 614 scriptura-

616 651 740 692 rum
779 636 1115 708 inspectione
1157 634 1335 691 futura
1368 622 1710 706 promittunt.
1740 635 1924 707 '656
1963 635 2102 690 Sunt
2148 642 2204 690 et

612 729 706 799 qui
751 728 817 785 de
863 728 1003 786 saltu
1049 715 1417 787 membrorum
1444 773 1461 800 ,
1498 733 1623 788 dum
1653 733 1733 788 eis
1779 741 1874 786 aut
1919 731 2062 787 oculi
2109 740 2203 786 aut

613 821 986 891 cujuscunque
1047 821 1278 878 membri
1350 838 1477 894 pars
1529 824 1784 890 salicrit,
1843 823 2043 892 aliquid
2096 822 2200 878 sibi

610 913 808 969 exinde
836 926 1156 984 prosperum
1199 923 1295 970 aut
1340 917 1498 972 triste
1547 911 1844 986 significari
1881 906 2195 987 pi’aedicunt.

612 1001 755 1058 Sunt
783 1012 839 1060 et
871 1008 1294 1078 pmstigiatores
1319 1048 1335 1073 ,
1383 1008 1474 1077 qui
1526 1008 1632 1063 alio
1667 1009 1884 1062 nomine
1913 1006 2197 1078 obstrigilii

609 1103 897 1163 vocantur,
929 1100 1072 1169 quod
1107 1100 1490 1171 praestringam
1514 1101 1596 1154 vel
1635 1101 1979 1172 obstringant
2009 1099 2199 1153 huma-

606 1201 803 1244 norum
832 1190 1005 1246 aciem
1045 1191 1344 1256 oculorum,
1390 1192 1530 1247 sicut
1576 1192 1664 1247 isti
1708 1193 1802 1262 qui
1849 1193 1916 1247 de
1960 1192 2198 1262 denariis

607 1281 764 1351 quasi
789 1281 965 1352 jocari
993 1282 1266 1347 dicuntur,
1294 1284 1436 1354 quod
1463 1284 1688 1339 omnino
1713 1284 2038 1339 diabolicum
2067 1293 2150 1339 est
2179 1299 2192 1337 :

605 1378 663 1426 et
689 1371 832 1428 sicut
859 1371 1106 1444 legimus,
1137 1374 1370 1446 primum
1420 1374 1670 1431 diabolus
1721 1375 1824 1430 hoc
1867 1391 1964 1445 per
1992 1373 2196 1430 Mercu-

607 1463 750 1519 rium
777 1468 1038 1538 prodidit,
1070 1469 1211 1522 unde
1244 1477 1295 1522 et
1322 1467 1622 1524 Mercurius
1663 1469 1915 1523 inventor
1945 1469 2087 1523 illius
2112 1468 2196 1523 di-

605 1556 770 1624 citur,
803 1559 946 1628 quod
980 1559 1303 1616 diabolicum
1334 1576 1470 1631 opus
1521 1577 1681 1618 nemo
1713 1561 2055 1617 Christianus
2080 1561 2197 1617 sine

604 1659 835 1718 peccato
865 1661 992 1708 ante
1017 1668 1077 1708 se
1103 1667 1264 1724 agere
1292 1655 1576 1724 permittit,
1607 1655 1689 1709 vel
1720 1655 1764 1710 si
1793 1656 1842 1710 ei
1871 1663 2109 1725 potestas
2141 1654 2196 1708 in

604 1741 698 1798 illo
724 1753 811 1799 est
839 1745 930 1814 qui
965 1745 1090 1800 talia
1121 1747 1251 1814 agit,
1283 1747 1402 1802 sine
1431 1748 1668 1804 vindicta
1701 1748 1940 1804 dimittit.
1972 1748 2056 1803 Ad
2083 1749 2197 1805 tunc

603 1835 787 1889 omnia
815 1835 1089 1906 pertinent
1117 1846 1172 1892 et
1204 1837 1447 1909 ligaturae
1477 1840 1893 1895 exsecrabilium
1932 1840 2194 1895 remedio-

600 1940 747 1992 rum,
773 1942 895 1998 quaa
920 1943 1012 1983 ars
1042 1929 1375 1985 medicorum
1405 1932 1749 1996 condemnat,
1791 1932 1906 1987 sive
1957 1933 2012 1986 in
2055 1947 2193 2002 prie-

599 2019 1024 2084 cantattonibus,
1063 2020 1178 2075 sive
1214 2022 1266 2076 in
1304 2022 1731 2088 characteribus,
1765 2023 1848 2077 vel
1871 2009 1940 2077 in
1972 2023 2194 2093 quibus-

598 2121 816 2178 cunque
841 2110 1006 2165 rebus
1034 2111 1430 2181 suspendendis
1467 2121 1629 2182 atque
1669 2112 1918 2183 ligandis,
1948 2113 2032 2167 vel
2064 2114 2190 2183 qui-

597 2199 919 2274 buscunque
966 2204 1236 2260 mensuris
1275 2207 1652 2262 mensurandis
1683 2223 1697 2259 :
1728 2216 1784 2261 et
1822 2223 1958 2278 quas
2004 2223 2192 2278 super-

595 2302 789 2351 ventas
823 2294 1038 2352 feminae
1069 2299 1120 2353 in
1149 2300 1262 2355 suis
1293 2299 1562 2357 lanifaciis
1597 2301 1680 2357 vel
1715 2303 1990 2358 textilibus
2017 2305 2192 2374 operi-

594 2387 700 2443 bus
744 2388 1061 2457 nominant;
1120 2390 1172 2445 in
1221 2392 1420 2462 quibus
1466 2393 1719 2448 omnibus
1753 2410 1846 2450 ars
1883 2395 2190 2451 daemonum

593 2487 726 2548 est,
775 2496 844 2537 ex
896 2482 1128 2553 quadam
1183 2481 1439 2552 pestifera
1488 2484 1750 2540 societate
1801 2486 2078 2540 hominum
2135 2493 2191 2542 et

597 2574 911 2646 angelorum
953 2576 1217 2631 malorum
1265 2586 1475 2633 exorta.
1525 2578 1676 2634 Unde
1725 2589 1923 2636 cuncta
1970 2580 2188 2637 vitanda

595 2675 724 2722 sunt
751 2668 820 2724 ab
845 2669 992 2724 omni
1032 2669 1344 2726 Christiano
1369 2713 1384 2738 ,
1436 2679 1494 2726 et
1525 2673 1670 2726 omni
1702 2673 1918 2744 penitus
1943 2690 2188 2730 exsecra~

598 2758 742 2816 tione
774 2762 1108 2831 repudianda
1150 2772 1316 2836 atque
1361 2764 1686 2821 damnanda.
1741 2766 1880 2823 Sunt
1921 2769 2085 2824 etiam
2135 2778 2190 2825 et

579 2852 687 2921 qui
733 2852 956 2920 dicant,
991 2855 1208 2924 quando
1253 2857 1304 2910 in
1351 2858 1696 2914 venationem
1749 2869 2002 2932 pergunt,
2043 2861 2188 2930 quod

594 2945 814 3001 obvium
859 2946 960 3000 sibi
991 2961 1096 3001 non
1127 2947 1358 3004 debeant
1397 2949 1597 3005 habere
1631 2949 1911 3005 clericum.
1966 2952 2104 3006 Sunt
2132 2961 2187 3007 et

593 3037 686 3109 qui
747 3036 956 3108 faciunt
1008 3054 1173 3095 canes
1225 3042 1292 3096 ad
1348 3050 1600 3098 truncum
1661 3043 1861 3100 latrare
1923 3045 2058 3100 sicut
2119 3047 2186 3101 ad

598 3127 856 3184 bestiam.
899 3129 1037 3185 Sunt
1064 3141 1120 3186 et
1149 3133 1240 3201 qui
1274 3134 1564 3189 observant
1599 3134 1714 3190 dies
1751 3137 1804 3190 in
1837 3138 2072 3192 motione
2103 3139 2187 3192 iti-

591 3221 763 3286 neris,
790 3231 844 3276 et
866 3222 920 3277 in
942 3222 1286 3280 inchoatione
1309 3224 1642 3280 aediﬁcandae
1670 3227 1890 3293 domus;
1921 3231 2062 3299 quod
2087 3245 2184 3300 pro

591 3320 705 3368 tam
732 3329 928 3387 magno
957 3327 1182 3386 peccato
1206 3315 1408 3373 Paulus
1444 3318 1597 3374 duxit
1623 3320 1921 3390 apostolus,
1952 3330 2011 3376 ut
2035 3322 2184 3378 dice-

591 3411 676 3458 ret
703 3421 718 3459 :
745 3405 872 3461 Dies
911 3407 1195 3463 observatis
1215 3449 1232 3472 ,
1261 3419 1310 3463 et
1354 3427 1540 3476 annos,
1583 3421 1632 3465 et
1661 3428 1861 3467 menses
1883 3430 1902 3467 :
1932 3415 2086 3468 timeo
2123 3431 2186 3470 ne

589 3498 703 3552 sine
739 3515 900 3554 causa
947 3499 1295 3558 laboraverim
1334 3503 1391 3557 in
1434 3504 1573 3559 vobis
1633 3503 1797 3577 (Gal.
1835 3522 1907 3573 tv,
1941 3507 2079 3579 10);
2130 3517 2186 3564 et

589 3587 854 3645 Dominus
895 3592 949 3646 in
979 3591 1276 3663 Evangelio
1312 3595 1484 3650 dicit:
1516 3595 1773 3653 Similiter
1808 3600 1944 3654 sicut
1981 3601 2182 3670 factum

592 3689 668 3734 est
707 3680 762 3734 in
796 3681 979 3736 diebus
1024 3681 1121 3738 Lot
1145 3724 1160 3750 ,
1211 3683 1430 3740 edebant
1460 3695 1510 3741 et
1543 3687 1822 3753 bibebant,
1866 3688 2102 3742 emebant
2132 3697 2180 3744 et

587 3770 899 3838 vendebant,
929 3772 1239 3843 plantabant
1267 3785 1316 3830 et
1345 3776 1677 3846 wdiﬁcabant
1719 3776 1872 3848 (Luc.
1900 3793 2033 3854 xv",
2061 3777 2175 3850 28).

587 3858 654 3916 Et
683 3864 1047 3932 praetermisso
1077 3865 1171 3922 illo
1199 3867 1439 3921 maximo
1477 3875 1534 3921 et
1564 3866 1785 3922 infando
1817 3867 2175 3923 Sodomorum

587 3951 812 4020 scelere,
841 3954 953 4010 sola
981 3971 1043 4012 ea
1071 3973 1192 4028 qua:
1219 3957 1356 4013 levia
1385 3957 1469 4013 vel
1519 3958 1661 4012 nulla
1710 3969 1901 4029 putare
1925 3969 2177 4029 poterant

586 4050 780 4106 delicta
808 4062 1224 4119 commemorat,
1249 4063 1308 4109 ut
1333 4054 1603 4126 intelligas
1633 4054 1817 4110 illicita
1843 4057 1988 4125 quali
2015 4071 2176 4126 poena

583 4143 870 4210 feriantur,
908 4146 953 4200 si
998 4145 1146 4200 licita
1167 4187 1182 4211 ,
1225 4155 1281 4201 et
1308 4160 1372 4200 ea
1401 4146 1518 4201 sine
1559 4147 1752 4216 quibus
1782 4148 1897 4208 haec
1923 4149 2033 4202 vita
2065 4163 2175 4205 non

585 4235 822 4302 ducitur,
861 4235 1273 4292 immoderatius
1314 4245 1456 4303 acta,
1494 4237 1616 4308 igne
1659 4238 1741 4292 vel
1779 4238 2038 4309 sulphure
2073 4254 2173 4308 pu-

581 4328 823 4382 niuntur.

652 4419 847 4474 Merito
878 4433 1008 4490 ergo
1037 4418 1231 4476 beatus
1258 4418 1592 4491 Augustinus
1617 4463 1632 4488 ,
1675 4421 1807 4478 visis
1832 4422 2010 4478 noxia:
2039 4437 2172 4478 con-

581 4511 884 4568 suetudinis
909 4511 1212 4578 illecebris,
1254 4528 1317 4568 ac
1342 4512 1489 4581 justo
1520 4515 1706 4569 dolore
1737 4521 2043 4570 commotus
2076 4529 2172 4569 ex-

578 4601 781 4656 clamat
811 4619 825 4656 :
857 4601 948 4657 Va:
975 4603 1214 4673 peccatis
1250 4603 1551 4672 hominum,
1583 4620 1704 4674 quae
1751 4605 1864 4660 sola
1912 4605 2170 4660 inusitata

579 4693 1008 4749 inhorrescimus
1031 4733 1046 4759 ,
1084 4693 1283 4749 usitata
1314 4707 1444 4750 vero
1470 4735 1486 4762 ,
1538 4710 1637 4766 pro
1662 4695 1860 4766 quibus
1887 4694 2171 4750 abluendis

574 4784 698 4840 Filii
729 4784 824 4841 Dei
868 4786 1088 4855 sanguis
1121 4783 1341 4866 .ell‘usus
1383 4793 1504 4852 εει,
1543 4787 1791 4856 quamvis
1830 4796 1940 4840 tam
1972 4801 2170 4857 magna

575 4875 705 4942 sint,
734 4885 793 4930 ut
820 4875 1041 4931 omnino
1067 4874 1244 4931 claudi
1272 4884 1462 4932 contra
1487 4891 1545 4930 se
1570 4876 1776 4931 faciunt
1795 4891 2021 4948 regnum
2049 4875 2164 4943 Dei,

574 4983 719 5038 saepe
760 4968 984 5023 vitando
1019 4967 1202 5022 omnia
1245 4967 1505 5032 tolerare,
1543 4983 1684 5038 smpe
1717 4968 2001 5023 tolerando
2033 4983 2167 5022 non-

573 5058 721 5112 nulla
756 5060 921 5114 etiam
963 5057 1145 5113 facere
1186 5058 1461 5128 cegimur;
1514 5067 1677 5129 atque
1724 5059 1953 5124 utinam,
1985 5074 2017 5113 ο
2059 5059 2165 5113 Do-

573 5150 747 5204 mine!
787 5164 893 5204 non
934 5149 1134 5214 omnia,
1175 5163 1296 5219 quae
1339 5163 1448 5202 non
1495 5147 1832 5219 potuerimus
1877 5149 2167 5218 prohibere

569 5239 869 5297 faciamus!
899 5241 1188 5297 Sciendum
1217 5247 1302 5296 est
1328 5240 1493 5296 etiam
1521 5241 1646 5311 quia
1666 5281 1682 5307 ,
1722 5241 1863 5296 sicut
1891 5241 1946 5295 in
1978 5243 2167 5297 docto-

570 5347 690 5387 rum
756 5333 939 5389 verbis
1005 5332 1234 5405 legimus
1262 5373 1277 5399 ,
1332 5342 1458 5388 sunt
1525 5333 1802 5389 daemones
1865 5334 1957 5403 qui
2005 5334 2165 5404 quasi

579 5424 888 5496 specialiter
954 5424 1280 5496 specialibus
1355 5426 1700 5483 intendentes
1766 5424 1912 5481 vitiis
1943 5465 1959 5491 ,
2037 5440 2164 5482 cum

575 5517 634 5574 in
683 5518 938 5576 omnibus
997 5517 1372 5584 delectentur,
1418 5517 1486 5573 ad
1533 5533 1599 5574 ea
1666 5517 1864 5589 quibus
1921 5525 2166 5588 praesunt

568 5605 826 5668 homines
870 5610 1029 5682 quasi
1083 5608 1394 5683 specialiter
1444 5616 1759 5680 provocent.
1817 5608 2163 5680 Quapropter

565 5709 621 5756 et
662 5702 730 5754 de
767 5702 958 5768 Maria,
995 5719 1117 5775 quas
1153 5711 1274 5759 erat
1313 5702 1368 5759 in
1405 5701 1628 5759 civitate
1661 5703 1974 5774 peccatrix,
2016 5701 2160 5757 Mar-

566 5810 663 5858 cus
691 5797 1023 5867 evangelista
1053 5799 1341 5854 Dominum
1381 5806 1591 5873 septem
1621 5797 1884 5854 daemonia
1929 5797 2156 5868 eiecisse

1614 329 1948 392 HINCMARI
1983 331 2378 394 RHEMENSIS
2413 331 2931 396 ARCHIEPISCOPI

3714 353 3788 411 720

2232 461 2284 522 Α
2308 464 2698 511 commemorat
2729 455 2867 527 (cap.
2901 455 3014 529 16),
3037 462 3097 512 ut
3129 455 3217 513 ubi
3244 456 3519 518 abundavit
3551 476 3792 543 peccatum,

2305 551 2771 622 superabundasse
2819 553 2992 624 gratia
3052 562 3456 611 monstraretur.
3515 557 3791 630 Septenaria;

2303 659 2539 714 namque
2559 661 2816 701 numerus
2841 661 2940 715 pro
2961 645 3310 702 universitate
3329 647 3457 704 solet
3473 655 3666 722 mystice
3683 661 3790 725 poni.

2304 737 2446 806 Ergo
2461 752 2490 790 a
2505 745 2711 805 septem
2726 735 3060 791 daemonibus
3071 744 3257 791 curata
3267 779 3280 801 ,
3298 737 3398 793 hoc
3411 749 3504 804 est,
3521 744 3580 797 ab
3591 746 3792 806 universis

2303 827 2528 884 liberata
2541 827 2704 898 657
2719 827 3016 883 sceleribus
3027 827 3187 884 debet
3199 829 3432 901 intelligi.
3451 829 3588 887 Unde
3600 835 3710 892 inter
3719 856 3793 896 ca}-

2303 930 2449 977 teros
2471 921 2743 976 daemones
2772 920 3027 976 vitiorum
3062 921 3349 993 magistros
3369 923 3577 996 legimus
3597 928 3652 984 de
3671 929 3790 987 llam-

2301 1029 2482 1075 mona,
2517 1013 2584 1067 de
2611 1029 2718 1082 quo
2749 1012 3012 1068 Dominus
3041 1012 3192 1079 dicit,
3231 1012 3354 1068 Non
3389 1017 3580 1085 potestis
3607 1017 3694 1073 Deo
3711 1039 3791 1075 ser-

2299 1107 2408 1160 uire
2444 1115 2490 1160 et
2529 1104 2847 1160 Hammona:
2899 1104 3114 1176 (Matth.
3147 1122 3226 1171 v1,
3255 1107 3368 1178 24),
3420 1110 3534 1178 quia
3573 1113 3647 1180 qui
3673 1117 3793 1169 servit

2300 1197 2645 1263 Mammonae,
2680 1197 2733 1252 id
2757 1205 2842 1252 est
2869 1197 3091 1263 divitiis,
3119 1197 3196 1252 illi
3228 1199 3410 1270 utique
3443 1201 3612 1269 servit,
3634 1205 3704 1273 qui
3738 1220 3794 1261 re—

2299 1291 2400 1346 bus
2431 1291 2549 1347 istis
2577 1289 3048 1357 terrenis,merito_
3069 1305 3181 1346 suae
3215 1293 3567 1360 perversitatis
3602 1297 3792 1364 praeposi-

2301 1389 2390 1436 tus
2421 1391 2527 1448 est,
2568 1389 2624 1435 et
2653 1381 3003 1450 magistratus
3029 1379 3192 1449 hujus
3219 1381 3402 1438 saeculi
3431 1399 3460 1437 a
3491 1382 3685 1438 Domino
3702 1385 3792 1440 dici-

2299 1480 2388 1526 tur
2420 1491 2432 1524 :
2465 1481 2520 1527 et
2553 1471 2622 1527 de
2655 1486 2720 1526 eo
2756 1486 2954 1543 genere
2990 1471 3322 1538 daemonum,
3378 1473 3466 1542 qui
3508 1474 3558 1528 in
3591 1473 3791 1530 fervorem

2298 1565 2612 1628 iracundiae,
2637 1564 2725 1620 vel
2753 1564 2843 1633 qui
2873 1565 2929 1618 in
2959 1563 3291 1635 voluptatem
3322 1564 3500 1620 carnis
3531 1565 3792 1637 resolvitper

2299 1655 2540 1717 delicias.
2578 1654 2662 1708 vel
2685 1663 2835 1709 certe
2865 1654 2919 1708 in
2944 1653 3119 1724 ignem
3144 1653 3416 1718 adulterii,
3449 1669 3547 1724 quo
3560 1655 3792 1709 adulteran-

2299 1747 2433 1801 tium
2461 1746 2626 1801 corda
2665 1759 2927 1801 succensa
2975 1753 3123 1810 sunt,
3150 1754 3206 1800 et
3236 1745 3290 1800 in
3315 1761 3498 1815 aquas,
3531 1747 3638 1816 qua
3670 1746 3792 1801 solent

2222 1827 2268 1888 Β
2297 1821 2645 1908 exstinguere
2680 1837 3027 1902 charitatem,
3054 1837 3305 1892 invasum
3335 1838 3562 1902 mittunt,
3586 1837 3698 1907 quod
3720 1852 3790 1891 non

2297 1939 2476 2000 potest
2508 1929 2630 1997 ejici
2668 1929 2772 1984 nisi
2805 1930 2856 1983 in
2898 1929 3149 1984 oratione
3181 1939 3241 1986 et
3271 1929 3490 2001 jejunio.
3530 1929 3589 1984 Et
3624 1929 3790 2000 primum

2296 2028 2572 2090 patentem
2608 2028 2872 2082 nostrum,
2909 2019 3073 2074 sicuti
3111 2028 3299 2075 notum
3338 2029 3436 2086 est,
3471 2019 3687 2090 antiquus
3723 2019 3790 2072 ho-

2294 2112 2396 2168 stis
2422 2112 2568 2183 gula,
2611 2127 2748 2166 vana
2776 2111 2972 2184 gloria,
3019 2120 3075 2167 et
3123 2112 3354 2167 avaritia
3382 2112 3605 2174 tentavit,
3632 2125 3682 2164 ac
3710 2119 3789 2163 ten-

2294 2206 2457 2262 tando
2483 2206 2778 2275 superavit,
2801 2205 2926 2274 quia
2950 2204 3053 2260 sibi
3079 2221 3202 2260 eum
3233 2221 3329 2277 per
3349 2219 3641 2261 consensum
3664 2201 3789 2257 subdi-

2293 2298 2387 2353 dit.
2452 2297 2554 2353 Sed
2605 2298 2805 2368 quibus
2847 2297 3024 2352 modis
3069 2296 3306 2368 primum
3351 2295 3606 2352 hominem
3637 2291 3788 2356 stravit,

2292 2387 2499 2443 eisdem
2529 2388 2706 2444 modis
2731 2385 2972 2443 secundo
2999 2387 3209 2441 homini
3241 2395 3447 2442 tentato
3477 2383 3728 2442 succubuit.

2364 2481 2419 2534 In
2446 2480 2656 2550 psalmo
2689 2495 2908 2550 quoque
2935 2489 3248 2545 cantamus,
3278 2480 3342 2534 de
3378 2480 3555 2550 sagitta
3580 2475 3736 2532 volante
3753 2473 3789 2525 in

2290 2570 2375 2624 die
2401 2567 2572 2640 (Psal.
2601 2586 2690 2635 xc,
2721 2569 2774 2642 6)
2800 2611 2815 2637 ,
2842 2571 2895 2624 id
2937 2579 3022 2626 est
3047 2570 3115 2624 de
3146 2585 3398 2626 sermone
3425 2568 3736 2624 hmreticorum
3754 2571 3788 2616 et

2290 2661 2760 2733 philosophorum,
2825 2661 2919 2732 qui
2979 2670 3108 2716 sunt
3152 2660 3355 2715 diaboli
3398 2674 3602 2730 organa,
3647 2664 3690 2711 et
3718 2669 3787 2708 non

2289 2767 2518 2829 possunt
2561 2757 2831 2826 decipere,
2885 2755 2989 2812 nisi
3043 2755 3220 2811 lucem
3261 2753 3617 2826 promiserint;
3646 2757 3688 2805 et
3723 2747 3788 2801 hoc

2291 2865 2461 2922 genus
2488 2850 2796 2904 daemonum
2842 2863 2938 2904 eos
2979 2839 3136 2904 facile
3165 2847 3466 2919 corrumpit
3492 2845 3573 2909 qui
3600 2857 3699 2898 suas
3723 2855 3786 2893 ne-

2289 2941 2497 3015 gligunt
2528 2943 2790 3006 actiones,
2820 2949 2877 2997 et
2896 2940 3103 2997 alienas
3137 2949 3416 3004 curantes,
3438 2946 3578 2993 extra
3615 2932 3786 2988 habitum

2289 3042 2452 3103 atque
2475 3043 2630 3088 extra
2657 3033 2906 3087 ordinem
2938 3031 3219 3102 proprium
3254 3038 3528 3100 vagantur,
3552 3035 3599 3081 et
3621 3040 3667 3079 se
3690 3020 3789 3077 curis

2288 3127 2657 3181 exterioribus
2706 3126 3120 3180 immoderatius
3163 3124 3464 3195 implicant.
3511 3121 3572 3176 Et
3598 3118 3704 3173 adeo
3728 3111 3788 3166 de-

2212 3193 2257 3256 C
2290 3227 2502 3288 ceptam
2535 3227 2770 3272 mentem
2805 3217 2991 3271 talium
3031 3231 3127 3288 per
3154 3193 3328 3272 vanas
3358 3230 3478 3287 spes
3501 3212 3645 3272 ducit.
3671 3215 3715 3261 ut
3744 3204 3789 3256 ab

2291 3307 2593 3362 intentione
2643 3309 2974 3378 paenitentia:
3025 3308 3418 3378 suspendatur,
3466 3303 3709 3362 ostendens
3739 3293 3788 3349 illi

2287 3397 2469 3466 plures
2497 3413 2594 3468 per
2616 3397 2724 3451 lata
2749 3406 2804 3453 et
2832 3397 3072 3468 spatiosa
3095 3397 3428 3468 gradientes,
3452 3399 3680 3466 quatenus
3702 3394 3789 3438 tunc

2287 3488 2428 3543 bona
2459 3488 2604 3542 nulla
2635 3488 2921 3559 percipiat,
2948 3503 3110 3558 quam
3143 3503 3293 3543 nunc
3323 3487 3458 3541 mala
3489 3482 3616 3540 nulla
3645 3474 3788 3534 contri-

2285 3586 2453 3645 stant,
2488 3587 2541 3633 et
2581 3587 2710 3634 tunc
2737 3578 2951 3650 plenius
2978 3579 3248 3634 obruatur
3268 3576 3550 3650 suppliciis,
3575 3587 3672 3645 qua:
3690 3579 3788 3624 nunc

2284 3670 2450 3724 etiam
2474 3669 2674 3739 gaudet
2706 3669 2759 3723 in
2782 3669 3012 3724 delictis.
3043 3668 3122 3724 De
3146 3671 3372 3742 negotio
3393 3669 3546 3724 etiam
3575 3658 3786 3734 perambuo

2283 3760 2430 3816 laute
2472 3761 2525 3816 in
2558 3762 2818 3828 tenebris,
2848 3761 3101 3816 videlicet
3142 3762 3214 3816 de
3254 3761 3530 3833 praeposito
3557 3747 3786 3823 negationis

2283 3861 2444 3923 atque
2473 3853 2761 3918 IllelldaCll,
2795 3854 2863 3908 de
2887 3856 3110 3908 incursu
3138 3855 3395 3910 videlicet
3433 3838 3786 3923 praecipitationis

2281 3955 2444 4016 atque
2471 3945 2700 4012 timoris,
2736 3954 2792 4002 et
2818 3947 3086 4002 daemonio
3124 3947 3447 4011 meridiano,
3473 3940 3662 4000 accidiat
3683 3930 3783 3990 scill-

2280 4048 2387 4104 cet,
2414 4041 2556 4108 quod
2584 4037 2716 4095 facit
2743 4038 3014 4096 fervorem
3033 4050 3230 4111 empta:
3245 4038 3538 4096 devotionis
3558 4039 3783 4103 tepescere:

2279 4132 2363 4185 vel
2398 4133 2681 4187 luereticos
2715 4133 3080 4189 simulationis
3107 4144 3274 4190 recta:
3314 4129 3608 4189 intentionis
3632 4133 3675 4178 et
3697 4133 3785 4188 ope-

2287 4239 2407 4278 rum
2453 4223 2589 4279 lucis
2617 4223 2928 4279 ambitionis
2979 4240 3164 4280 amore
3194 4225 3407 4290 ardere,
3435 4225 3496 4278 dc
3525 4233 3618 4290 qua
3640 4220 3784 4285 genere

2281 4317 2587 4372 daemonum
2627 4318 2886 4387 scriptum
2917 4328 3003 4374 est
3027 4336 3040 4372 :
3069 4317 3177 4374 Sub
3205 4319 3408 4383 umbra,
3427 4313 3606 4384 inquit,
3627 4301 3784 4364 dormit,

2277 4410 2335 4462 in
2363 4421 2560 4464 secreto
2588 4410 2799 4474 calami,
2834 4411 2892 4465 in
2931 4409 3058 4466 locis
3101 4410 3433 4465 humentibus
3462 4405 3571 4478 (Job
3609 4415 3681 4461 XL.
3707 4392 3782 4457 l5)-

2277 4501 2337 4555 ln
2367 4502 2578 4565 umbra,
2610 4502 2860 4558 videlicet
2904 4502 3225 4558 tenebrosas
3256 4497 3616 4558 conscientias,
3653 4492 3782 4582 in

2202 4567 2254 4628 D
2279 4593 2445 4658 lamo,
2471 4593 2566 4663 qui
2597 4591 2734 4648 foris
2766 4593 2972 4650 nitidus
3004 4593 3152 4648 intus
3177 4602 3262 4649 est
3311 4605 3524 4654 vacuus,
3553 4571 3782 4641 simulatri-

2277 4699 2388 4752 ces,
2421 4684 2476 4738 in
2501 4684 2637 4741 locis
2664 4684 3030 4752 humentibus,
3061 4685 3294 4740 lascivas
3327 4682 3602 4749 mollesque
3628 4672 3782 4729 mentes

2277 4778 2535 4833 insinuat.
2578 4776 2844 4848 Quodque
2880 4794 3051 4850 genus
3090 4779 3394 4834 daemonum
3431 4775 3600 4831 exiens
3636 4765 3690 4819 ab
3715 4760 3782 4813 ho-

2276 4871 2422 4926 mine
2454 4870 2802 4940 baptismatis
2826 4880 3091 4941 tempore,
3131 4870 3217 4926 vel
3245 4879 3365 4940 post
3386 4858 3679 4940 paenitentia:
3703 4850 3780 4948 (tu:

2274 4973 2394 5020 ctus
2428 4977 2482 5020 et
2522 4965 2980 5020 reconciliationis
3023 4965 3278 5035 gratiam,
3328 4962 3488 5024 vadit,
3527 4966 3569 5010 et
3615 4945 3777 5035 ωεαιτιέε

2273 5068 2467 5128 septem
2501 5057 2635 5112 alios
2661 5059 2878 5127 spiritus
2911 5033 3184 5128 nequiores
3218 5074 3295 5122 se,
3335 5064 3382 5110 et
3417 5050 3604 5108 veniens
3627 5038 3682 5096 ad
3711 5033 3778 5086 ἀο-

2273 5165 2416 5203 mum
2446 5147 2594 5202 illam
2630 5149 2770 5202 unde
2797 5147 3018 5213 exierat,
3057 5163 3172 5202 eam
3201 5147 3393 5201 invenit
3425 5145 3672 5196 vacantem.
3695 5139 3776 5179 πο·

2273 5243 2353 5312 pis
2381 5241 2709 5305 mandatam,
2733 5251 2779 5294 et
2801 5248 3043 5294 ornatam
3077 5239 3227 5311 (Luc.
3257 5254 3368 5298 xvi,
3395 5233 3502 5302 εδ),
3533 5223 3772 5314 inundant“

2271 5334 2528 5390 videlicet
2556 5349 2587 5388 a
2616 5333 2764 5389 vitiis
2788 5333 3034 5403 pristinis
3062 5347 3158 5403 per
3201 5331 3517 5402 baptismum
3553 5318 3625 5374 vel
3648 5323 3773 5410 ptt‘nl'

2272 5427 2518 5490 tentiam,
2551 5434 2839 5480 vacantem
2870 5439 2902 5479 a
2925 5423 3084 5478 bonis
3104 5419 3315 5478 actibus
3342 5433 3433 5489 per
3447 5409 3769 5502 negligenlltmb

2268 5528 2520 5575 ornatam
2549 5518 2819 5575 simulatis
2853 5517 3146 5574 virtutibus
3173 5529 3272 5588 per
3305 5506 3606 5598 ιιγροετίείηι

2265 5612 2337 5670 ab
2365 5627 2433 5670 eo
2458 5614 2725 5684 assumpti
2758 5612 3049 5684 nequiores
3091 5609 3314 5683 spiritus
3337 5597 3548 5675 ίηὲνθδδί
3581 5587 3766 5692 nam???

2267 5709 2362 5766 ibi.
2389 5710 2494 5766 Per
2530 5719 2738 5780 septem
2767 5710 2915 5766 enim
2953 5709 3126 5766 malos
3166 5705 3385 5779 spiritus
3427 5699 3644 5754 universa

2262 5778 2643 5874 dOSiinantur.
2675 5800 3064 5872 Quemcunque
3083 5778 3234 5856 enim
3274 5805 3390 5865 post
3412 5787 3661 5858 baptisma.
3682 5778 3766 5827 Si"
