4026 6340
258 332 362 398 fit

1195 341 1284 397 DE
1322 338 1649 398 DIVORTIO
1688 340 2018 399 LOTHARII
2059 343 2148 400 ET
2190 345 2604 409 TETBERGE.

3437 358 3545 420 722

256 457 506 528 pravitas
527 456 810 523 haeretica,
848 458 962 512 sive
990 456 1266 513 mundana
1295 459 1566 529 cupiditas
1595 459 1844 530 arripue-
1867 461 1924 524 Α
1948 462 1998 517 ei
2060 464 2346 533 epistolam
2388 469 2526 526 dixit
2568 489 2582 526 :
2618 468 2767 528 Vade
2803 470 3100 534 secundum
3136 478 3299 540 talem
3345 483 3545 542 hamm

253 548 352 615 rit,
388 563 514 604 mox
548 550 789 604 omnium
826 557 1137 621 prosternet
1165 551 1220 606 in
1251 550 1360 606 ima
1383 551 1658 628 vitiorum.
1690 550 1844 608 Unde

250 651 409 698 recte
437 642 725 714 nequiores
755 652 885 698 tunc
902 658 1026 698 eum
1051 643 1276 714 spiritus
1304 643 1559 700 dicuntur
1589 643 1842 715 ingressi,

249 732 385 802 quia
426 748 530 788 non
564 734 738 789 solum
768 735 990 790 habebit
1019 734 1106 788 illa
1137 743 1342 805 septem
1383 735 1536 799 vitia,
1569 749 1690 805 quae
1723 749 1844 805 sep-

249 837 364 882 tem
397 827 734 898 spiritalibus
754 836 880 882 sunt
906 829 1179 883 contraria
1214 827 1530 891 virtutibus,
1555 827 1649 880 sed
1667 833 1722 880 et
1745 839 1844 895 per

251 919 569 991 hypocrisin
596 920 764 992 658
790 920 935 991 ipsas
957 937 1017 977 se
1042 921 1274 976 virtutes
1305 920 1506 975 habere
1538 918 1836 974 simulabit.

249 1008 320 1063 Et
349 1011 622 1079 quomodo
649 1011 701 1064 in
731 1009 865 1066 Isaia
903 1014 1041 1083 (cap.
1085 1011 1186 1082 xl),
1215 1027 1378 1081 super
1420 1013 1629 1084 virgam
1657 1012 1722 1068 de
1749 1025 1841 1067 ra-

248 1100 373 1156 dice
408 1099 582 1167 Jesse,
612 1112 667 1156 et
693 1099 880 1157 florem
915 1103 1007 1172 qui
1036 1102 1103 1158 de
1128 1103 1313 1158 radice
1342 1102 1680 1168 conscendit,
1712 1117 1838 1172 sep—

249 1202 364 1249 tem
394 1195 615 1265 spiritus
632 1196 896 1250 virtutum
929 1196 1276 1251 descendisse
1314 1204 1630 1258 narrantur,
1681 1195 1755 1248 ita
1786 1202 1840 1248 et

247 1301 282 1342 e
304 1285 586 1344 contrario
609 1283 862 1343 vitiorum
907 1304 1169 1346 numerus
1212 1289 1267 1344 in
1299 1287 1512 1345 diabolo
1539 1296 1622 1345 est
1647 1303 1839 1346 conse-

245 1388 457 1434 cratus.

320 1470 460 1526 Sunt
493 1481 547 1527 et
589 1474 692 1528 alia
731 1474 892 1530 etiam
923 1489 1122 1546 genera
1161 1477 1490 1540 daemonum,
1538 1489 1675 1546 quos
1704 1475 1838 1546 legi-

241 1578 368 1618 mus
400 1581 564 1636 super
590 1567 818 1638 singulis
850 1567 998 1623 vitiis
1032 1568 1102 1624 ab
1123 1583 1312 1624 eorum
1359 1567 1608 1638 principe
1633 1567 1836 1622 consti-

239 1667 413 1720 tutos,
446 1673 568 1728 quas
594 1658 680 1713 hic
711 1660 976 1715 adnotare
1001 1659 1326 1715 omittimus.
1361 1660 1595 1714 Tantum
1635 1658 1703 1713 de
1728 1659 1836 1713 da:-

238 1749 496 1804 tnonibus
525 1749 617 1818 qui
648 1765 810 1819 super
832 1749 1251 1806 fornicationem
1287 1759 1412 1805 sunt
1439 1750 1701 1806 adnotare
1735 1764 1831 1804 cu-

235 1856 450 1908 ramus,
477 1844 832 1898 monstraturi
858 1845 1116 1913 quoniam
1140 1843 1265 1898 talia
1291 1852 1418 1897 sunt
1439 1842 1603 1896 etiam
1631 1827 1829 1913 genera

234 1938 567 2002 daemonum,
611 1939 701 2008 qui
729 1946 940 1993 tantum
970 1939 1025 1994 in
1060 1937 1514 1994 fornicationibus
1555 1934 1828 1991 delectan-

195 2087 200 2092 _
235 2037 345 2094 tur,
379 2039 439 2084 ut
478 2030 641 2085 etiam
693 2029 988 2084 humanum
1032 2029 1380 2086 concubitum
1427 2035 1685 2099 expetant
1719 2046 1732 2082 :
1763 2027 1829 2082 de

232 2119 436 2190 quibus
460 2119 639 2190 aliqua
663 2121 834 2174 nostri
861 2121 1120 2191 temporis
1140 2128 1258 2175 acta
1285 2119 1466 2174 dicere
1487 2127 1820 2189 poteramus,

231 2211 340 2266 nisi
365 2227 426 2266 ea
459 2211 742 2282 brevitatis
769 2212 1094 2282 compendio
1119 2211 1497 2266 transiremus.
1535 2210 1604 2264 Et
1626 2220 1688 2264 ut
1714 2224 1826 2264 me-

228 2301 339 2358 lius
367 2303 507 2374 quod
532 2304 764 2360 dicimus
787 2305 932 2360 credi
975 2304 1170 2373 possit,
1206 2303 1387 2374 legant
1422 2302 1730 2372 quicunque
1758 2301 1826 2356 de

232 2395 433 2450 talibus
475 2395 746 2460 dubitant,
789 2394 931 2466 quod
978 2405 1200 2450 sanctus
1233 2393 1678 2464 Amphilochius,
1711 2391 1821 2447 lce-

225 2485 439 2540 niensis
467 2486 705 2541 civitatis
729 2487 1036 2556 episcopus,
1061 2500 1222 2557 quem
1250 2485 1444 2540 beatus
1467 2484 1822 2555 Hieronymus

224 2577 282 2632 in
319 2577 463 2634 libro
498 2578 565 2634 de
594 2575 740 2635 Viris
766 2578 1066 2634 illustribus
1093 2579 1272 2634 debita
1299 2577 1648 2632 veneratione
1676 2591 1822 2631 com-

223 2679 516 2736 memorat,
571 2670 717 2727 inter
770 2671 1003 2726 virtutes
1041 2670 1277 2726 mirandi
1326 2668 1508 2724 Basilii
1561 2668 1823 2722 Caesarea:

225 2757 585 2830 Cappadocia:
615 2761 855 2816 civitatis
875 2761 1115 2831 episcopi
1142 2759 1336 2816 scribit
1361 2761 1584 2815 dicens:
1621 2775 1639 2806 ι
1678 2754 1822 2810 Ella-

224 2852 354 2908 dius
378 2861 580 2918 autem,
630 2854 802 2923 ipsius
850 2855 1209 2909 sanctissima:
1260 2851 1534 2908 memoria:
1574 2850 1724 2905 visor
1761 2858 1818 2905 et

224 2945 485 3000 minister
519 2945 696 3001 factus
732 2947 802 3001 ab
837 2961 904 3004 eo
932 2946 1300 3016 perfectorem
1328 2942 1734 3007 miraculorum,
1765 2949 1820 2996 et

224 3052 514 3093 successor
565 3037 711 3093 sedis
762 3047 885 3109 post
937 3038 1143 3094 obitum
1179 3035 1292 3106 jam
1343 3034 1503 3091 dictae
1542 3033 1816 3090 memoria:

225 3133 539 3204 apostolica:
567 3133 776 3199 Basilii,
815 3134 902 3188 vir
938 3132 1223 3198 mirabilis,
1253 3139 1310 3186 et
1347 3131 1402 3185 in
1435 3130 1583 3186 omni
1612 3129 1813 3183 virtute

223 3227 537 3292 decoratus,
567 3225 847 3280 enarravit
881 3225 1016 3280 mibi
1063 3225 1189 3294 quia
1237 3233 1457 3280 senator
1485 3222 1703 3292 quidam
1745 3220 1815 3274 fi-

224 3317 383 3383 delis,
419 3318 638 3374 nomine
675 3318 978 3385 Proterius,
1025 3317 1161 3373 abiit
1189 3318 1258 3373 ad
1289 3327 1477 3373 sancta
1511 3326 1566 3371 et
1591 3329 1816 3370 venera-

223 3409 355 3466 bilia
395 3410 536 3476 loca,
563 3421 617 3466 et
651 3411 722 3466 ibi
755 3410 920 3466 filiam
958 3427 1112 3468 suam
1145 3425 1492 3474 consecrare,
1523 3425 1589 3465 ac
1623 3410 1679 3464 in
1706 3425 1817 3466 uno

224 3504 292 3559 de
324 3503 462 3560 bene
498 3504 860 3561 actionalibus
901 3505 1152 3562 domibus
1191 3505 1647 3562 monasteriorum
1689 3505 1816 3560 mit-

226 3604 362 3661 tere,
409 3607 571 3667 atque
605 3597 936 3654 sacrificium
971 3597 1084 3653 Deo
1115 3597 1312 3654 offerre
1343 3597 1548 3653 volens.
1602 3596 1708 3652 Sed
1746 3596 1815 3652 ab

217 3687 382 3744 initio
410 3689 681 3745 homicida
719 3689 987 3756 diabolus,
1020 3690 1272 3744 invidens
1295 3689 1490 3744 divinae
1520 3688 1810 3755 voluntati,

215 3782 395 3850 movit
437 3799 603 3838 unum
647 3783 714 3838 de
757 3784 932 3838 servis
981 3781 1116 3848 suis,
1149 3791 1204 3836 et
1248 3779 1489 3836 incendit
1524 3781 1592 3836 ad
1620 3779 1813 3850 puella:

217 3888 486 3929 amorem.
517 3873 570 3929 Is
599 3882 778 3930 autem
801 3889 926 3930 cum
955 3873 1149 3929 fuisset
1171 3871 1477 3942 hujusmodi
1511 3871 1811 3928 inchoatio-

215 3969 306 4023 nis
336 3968 615 4038 indiguus,
651 3977 708 4024 et
749 3984 857 4024 non
889 3968 1095 4025 audens
1121 3968 1558 4039 appropinquare
1583 3965 1650 4020 ad
1675 3980 1806 4035 pre-

211 4058 456 4130 positum
476 4099 491 4124 ,
522 4058 816 4129 alloquitur
842 4075 1011 4114 unum
1040 4058 1525 4114 abominandorum
1557 4058 1806 4112 incanta-

216 4164 422 4218 torum,
455 4153 781 4222 promittens
825 4168 902 4219 se,
933 4153 976 4208 si
1019 4152 1284 4208 meruerit
1323 4151 1591 4206 dominari
1639 4150 1810 4221 ipsius

213 4246 431 4318 puellae,
467 4246 693 4300 multam
735 4249 784 4302 ei
812 4246 1047 4302 tribuere
1081 4246 1200 4301 auri
1230 4238 1808 4316 quantitatem.'Male-

212 4337 352 4392 ﬁcus
389 4351 519 4393 vero
546 4337 684 4392 dixit
714 4338 782 4393 ad
810 4353 935 4392 eum
969 4356 982 4392 :
1014 4337 1058 4394 Ο
1095 4339 1276 4404 homo,
1302 4353 1401 4409 ego
1437 4338 1490 4393 in
1519 4337 1663 4394 istud
1698 4353 1806 4394 non

210 4431 506 4502 prmvaleo,
535 4431 630 4486 sed
657 4431 702 4486 si
724 4431 806 4486 vis
827 4432 986 4486 mitto
1015 4439 1067 4486 te
1087 4433 1156 4487 ad
1191 4447 1367 4487 meum
1393 4441 1804 4504 procuratorem

1948 556 2144 622 noctis,
2195 551 2292 614 sta'
2327 576 2493 632 super
2536 575 2946 623 monumentum
2985 573 3224 642 gentilis,
3261 585 3319 633 et
3357 572 3542 638 exaltu

1949 651 2199 706 chartam
2227 653 2280 708 in
2313 670 2459 722 aere,
2493 665 2548 713 et
2575 660 2831 717 astabunt
2859 663 2951 718 tibi
2980 664 3072 736 qui
3098 667 3299 726 debent
3335 673 3537 732 ducere

1946 750 2001 797 te
2014 743 2366 817 diabolo.lQui
2394 747 2649 805 alacriter
2662 752 2764 810 hoc
2784 753 3009 823 faciens,
3026 757 3260 828 jactavit
3277 764 3538 824 miseram

1942 849 2132 891 vocem
2151 836 2408 895 invocans
2434 841 2633 898 diaboli
2653 847 2932 904 auxilium.
2960 850 3026 906 Et
3046 855 3307 912 continuo
3345 859 3539 916 astite-

1943 935 2070 1020 runt
2095 927 2263 1000 659
2287 930 2335 985 ei
2368 932 2648 1004 principes
2675 941 2960 1006 potestatis
2985 945 3337 1003 tenebrarum
3374 950 3538 1020 spiri-

1943 1018 2070 1074 talia
2123 1023 2416 1092 nequitite,
2463 1035 2517 1082 et
2565 1031 3032 1099 apprehendentes
3081 1048 3358 1095 errantem
3403 1018 3536 1097 cum

1940 1109 2138 1177 gaudio
2169 1127 2399 1184 magno,
2444 1116 2716 1174 duxerunt
2755 1135 2877 1176 eum
2903 1124 2994 1179 ubi
3025 1135 3144 1182 erat
3172 1128 3452 1197 diabolus,
3481 1143 3536 1188 et

1940 1203 2293 1259 ostenderunt
2340 1207 2390 1262 ei
2427 1208 2602 1278 ipsum
2645 1212 2924 1270 sedentem
2969 1216 3023 1272 in
3056 1221 3183 1276 sede
3222 1223 3359 1289 alta,
3392 1234 3448 1279 et
3477 1226 3533 1280 in

1939 1293 2170 1350 circuitu
2199 1295 2318 1366 ejus
2346 1298 2704 1370 malignitatis
2731 1305 2954 1374 spiritus
2990 1316 3229 1376 stantes,
3264 1321 3316 1367 et
3354 1316 3532 1370 susci-

1935 1389 2091 1460 piens
2117 1391 2312 1447 missas
2354 1409 2384 1448 a
2425 1395 2672 1454 maleﬁco
2699 1398 2908 1456 litteras
2949 1403 3085 1458 dixit
3130 1406 3198 1461 ad
3238 1407 3528 1468 miserum:

1938 1481 2129 1537 Credis
2161 1484 2212 1538 in
2244 1486 2369 1540 me?
2399 1485 2501 1554 Qui
2543 1489 2651 1543 ait:
2683 1489 2875 1547 Credo.
2908 1493 3015 1548 Et:
3050 1494 3226 1565 Negas
3251 1498 3530 1556 Christum

1936 1575 2129 1629 tuum?
2156 1573 2256 1642 Qui
2287 1580 2563 1649 reSpondit
2590 1599 2601 1634 :
2635 1581 2799 1653 Nego.
2849 1585 2990 1641 Dicit
3015 1588 3062 1644 ei
3093 1589 3370 1648 diabolus:
3396 1591 3534 1648 Per-

1935 1663 2026 1719 fidi
2057 1667 2190 1722 estis
2234 1683 2329 1724 vos
2350 1668 2666 1738 Christiani,
2702 1682 2754 1728 et
2778 1678 2996 1745 quando
3030 1681 3247 1748 quidem
3278 1697 3416 1752 opus
3439 1700 3533 1740 me

1936 1757 2167 1826 habetis,
2196 1761 2392 1818 venitis
2414 1764 2478 1818 ad
2513 1781 2630 1834 me;
2663 1769 3097 1841 quandoquidem
3129 1777 3527 1846 consequimini

1860 1823 1908 1884 Β
1936 1851 2258 1908 desiderium
2301 1867 2574 1924 vestrum,
2633 1861 2842 1932 negatis
2887 1823 2972 1919 me
2997 1906 3011 1930 ,
3054 1875 3110 1922 et
3155 1823 3413 1928 acceditis
3453 1873 3526 1930 ad

1931 1943 2214 2001 Christum
2244 1958 2483 2004 vestrum
2504 1991 2517 2016 ,
2549 1953 2640 2021 qui
2665 1964 2749 2009 est
2773 1956 3040 2027 benignus
3066 1975 3130 2016 ac
3160 1962 3527 2022 clementissi-

1931 2051 2091 2127 mus,
2134 2045 2189 2092 et
2216 2039 2445 2109 suscipit
2484 2055 2600 2097 vos.
2660 2043 2766 2099 Sed
2808 2045 2894 2102 fac
2936 2049 3068 2104 mihi
3093 2057 3524 2127 manuscriptam

1928 2124 2129 2182 Christi
2161 2129 2234 2184 tui
2262 2138 2317 2184 et
2346 2131 2684 2202 baptismatis
2715 2137 3240 2200 abrenuntiationem
3268 2124 3520 2205 volunta-

1927 2218 2088 2285 riam,
2118 2231 2175 2276 et
2203 2237 2323 2291 qua:
2352 2224 2404 2278 in
2444 2240 2532 2281 me
2556 2235 2640 2281 est
2675 2227 2730 2282 in
2761 2231 2957 2286 saecula
2990 2235 3351 2293 voluntariam
3393 2255 3523 2310 pro-

1927 2309 2217 2367 fessionem
2239 2355 2253 2378 ,
2291 2324 2346 2370 et
2385 2317 2510 2387 quia
2543 2333 2754 2374 mecum
2785 2322 2861 2378 sis
2895 2325 2946 2377 in
2974 2325 3063 2381 die
3093 2327 3282 2397 judicii
3314 2309 3520 2389 conde-

1925 2403 2135 2462 lectans
2161 2407 2289 2463 mihi
2323 2408 2376 2463 in
2405 2414 2728 2483 prteparatis
2752 2420 2970 2472 aeternis
2997 2425 3279 2480 tormentis
3299 2467 3311 2489 ,
3341 2435 3394 2483 et
3415 2441 3518 2498 ego

1924 2499 2108 2553 statim
2166 2500 2493 2558 desiderium
2549 2514 2697 2560 tuum
2743 2509 3030 2580 adimpleo.
3099 2513 3199 2581 Qui
3251 2517 3521 2586 disposuit

1923 2591 2144 2661 propria
2174 2607 2337 2648 manu
2381 2595 2643 2666 scripturn
2674 2600 2815 2655 sicut
2852 2605 3110 2672 quaesitus
3146 2604 3266 2662 fuit.
3313 2607 3516 2669 Statim

1925 2693 2106 2738 autem
2156 2685 2460 2742 animarum
2508 2700 2798 2761 corruptor
2834 2693 2998 2750 draco
3045 2706 3320 2756 tortuosus
3363 2703 3515 2762 misit

1924 2777 2016 2846 qui
2044 2786 2170 2831 sunt
2213 2793 2374 2848 super
2407 2779 2818 2838 fornicationem
2863 2786 3134 2844 dtemones
3154 2831 3170 2857 ,
3215 2800 3271 2846 et
3299 2790 3514 2849 inﬂam-

1923 2875 2211 2922 maverunt
2251 2868 2482 2938 puellam
2518 2871 2572 2927 in
2609 2887 2849 2930 amorem
2873 2876 3119 2947 juvenis,
3155 2897 3275 2954 quae
3301 2889 3516 2960 prOSpi-

1922 2959 2073 3015 ciens
2103 2961 2156 3014 in
2185 2970 2388 3018 terram
2423 2966 2590 3036 cmpit
2615 2966 2852 3024 clamare
2881 2972 2946 3025 ad
2973 2982 3214 3042 patrem:
3252 2959 3513 3038 Miserere

1920 3051 2052 3142 mihi
2077 3092 2090 3115 ,
2124 3052 2384 3110 miserere
2409 3096 2424 3120 ,
2464 3066 2637 3127 pater,
2678 3060 2804 3129 quia
2849 3061 2966 3117 dire
3005 3074 3263 3135 torqueor
3287 3081 3514 3142 propter

1920 3141 2081 3198 talem
2122 3143 2288 3198 istum
2329 3155 2571 3201 nostrum
2609 3163 2836 3219 puerum
2875 3170 2888 3206 :
2921 3155 3180 3212 miserere
3211 3141 3512 3217 visceribus

1922 3234 2062 3300 tuis,
2129 3235 2352 3291 ostende
2414 3237 2468 3292 in
2517 3254 2605 3295 me
2643 3241 2975 3313 unigenitam
3027 3255 3172 3303 tuam
3217 3259 3512 3321 paternum

1919 3341 2184 3392 amorem,
2225 3337 2281 3384 et
2322 3331 2588 3402 conjunge
2617 3348 2704 3389 me
2739 3350 2908 3405 puero
2944 3354 3103 3408 quem
3129 3357 3272 3397 amo.
3315 3342 3373 3400 Si
3405 3361 3511 3400 au-

1918 3424 2026 3473 tem
2058 3419 2162 3474 hoc
2190 3435 2296 3474 non
2330 3421 2414 3476 vis
2453 3421 2634 3479 facere
2657 3465 2674 3491 ,
2722 3427 2934 3483 videbis
2966 3444 3052 3486 me
3079 3439 3203 3500 post
3234 3433 3513 3493 modicum

1916 3510 2238 3566 morientem
2280 3526 2466 3568 amara
2494 3524 2711 3584 morte,
2765 3527 2822 3573 et
2866 3535 3172 3577 sermonem
3213 3523 3366 3581 dabis
3405 3542 3512 3597 pro

1915 3616 2004 3656 me
2051 3602 2104 3656 in
2152 3603 2238 3658 die
2275 3604 2464 3674 judicii
2497 3607 2624 3662 Deo.
2685 3607 2849 3665 Pater
2885 3619 3066 3666 autem
3097 3628 3219 3668 cum
3251 3614 3511 3689 lacrymis

1917 3691 2162 3748 dicebat:
2198 3693 2314 3748 Heu
2343 3695 2474 3749 mihi
2503 3701 2780 3768 peccatori
2800 3741 2816 3767 ,
2845 3701 2976 3771 quid
3006 3705 3259 3760 convenit
3288 3707 3508 3764 miserae

1916 3799 2050 3840 mea:
2079 3785 2239 3841 filim?
2262 3788 2386 3857 quis
2417 3805 2596 3845 meum
2634 3793 2948 3850 thesaurum
2987 3795 3196 3855 furatus
3235 3801 3358 3858 est?
3381 3803 3509 3874 quis

1914 3883 2094 3932 meam
2135 3878 2398 3948 iniquavit
2433 3880 2638 3938 ﬁliam?
2663 3886 2785 3955 quis
2821 3886 2976 3944 dulce
3005 3889 3188 3947 lumen
3219 3893 3504 3951 oculorum

1913 3984 2158 4025 meorum
2191 3974 2488 4030 exstinxit?
2534 3976 2647 4047 Ego
2693 3979 2898 4034 cmlesti
2926 3989 2977 4035 te
3015 3983 3260 4039 volebam
3302 3987 3509 4045 nubere

1914 4076 2112 4132 sponso
2151 4063 2392 4131 Christo,
2442 4075 2498 4121 et
2535 4068 2848 4141 angelorum
2890 4073 3338 4132 cobabitatricem
3374 4095 3507 4135 con-

1911 4153 2159 4220 stituere,
2187 4164 2242 4209 et
2265 4156 2318 4210 in
2349 4157 2601 4226 psalmis,
2639 4169 2696 4216 et
2724 4162 2968 4234 hymnis,
2999 4174 3054 4220 et
3091 4170 3318 4226 canticis
3346 4173 3510 4243 spiri-

1912 4252 2111 4310 talibus
2153 4268 2351 4310 canere
2400 4256 2514 4313 Deo
2564 4258 2926 4327 festinabant,
2969 4271 3022 4318 ct
3053 4279 3150 4335 per
3195 4274 3248 4320 te
3297 4269 3504 4327 salvari

1913 4347 2198 4418 sperabam
2221 4390 2236 4413 ,
2290 4358 2346 4403 tu
2378 4359 2558 4406 autem
2590 4351 2644 4407 in
2685 4368 2924 4409 amorem
2968 4355 3324 4416 lascivietatis
3353 4361 3502 4418 insa~

1912 4439 2082 4494 nisti?
2113 4439 2245 4495 Siue
2271 4455 2358 4496 me
2377 4481 2392 4507 ,
2437 4441 2578 4498 sicut
2604 4442 2755 4510 volo,
2788 4444 3118 4518 desponsare
3143 4458 3197 4504 te
3225 4448 3358 4516 Deo,
3387 4468 3498 4510 non

211 4525 514 4591 diabolum,
553 4533 608 4580 et
660 4525 775 4594 ipse
819 4522 1063 4595 perficiet
1108 4533 1256 4580 tuam
1307 4525 1663 4582 voluntatem.
1703 4523 1806 4592 Qui
1834 4546 1886 4608 ι)
1914 4531 2082 4587 ducas
2104 4543 2438 4589 senectutem
2461 4550 2638 4591 meam
2661 4551 2783 4591 cum
2809 4539 3153 4597 tribulatione
3183 4543 3249 4598 ad
3272 4543 3500 4611 inferos,

209 4618 290 4672 ait
318 4619 388 4672 ad
412 4633 535 4672 eum
560 4636 574 4672 :
601 4617 948 4687 Quaecunque
984 4619 1188 4676 dixeris
1222 4620 1352 4674 mihi
1385 4619 1603 4677 faciam.
1634 4619 1699 4674 Et
1727 4620 1805 4675 ait

211 4712 279 4766 ad
308 4728 472 4766 eum:
507 4711 884 4768 Abrenuntias
920 4711 1136 4769 Christo
1181 4713 1235 4769 in
1276 4715 1519 4784 scripto?
1541 4713 1690 4768 Dixit
1713 4713 1800 4769 ei:

208 4801 413 4858 Etiam.
465 4801 772 4875 lniquitatis
819 4811 1000 4860 autem
1046 4813 1302 4876 Operator
1349 4805 1480 4861 dicit
1519 4806 1568 4860 ei
1603 4823 1617 4860 :
1648 4803 1706 4860 Si
1747 4805 1804 4860 in

209 4892 321 4947 isto
349 4902 572 4961 paratus
611 4893 912 4960 exstiteris,
941 4903 1267 4977 cooperator
1309 4893 1458 4950 fiam.
1489 4894 1593 4963 Qui
1628 4895 1705 4949 ait
1737 4893 1806 4950 ad

207 5004 339 5044 eum
370 5006 383 5042 :
418 4987 646 5044 Paratus
685 5006 827 5056 sum,
873 4998 1082 5046 tantum
1111 5005 1417 5061 consequar
1446 4988 1801 5045 desiderium.

208 5078 281 5135 Et
314 5078 521 5135 faciens
546 5081 903 5151 malignitatis
929 5082 1180 5140 minister
1206 5081 1487 5154 epistolam
1522 5080 1590 5135 ad
1627 5079 1810 5137 diabo-

207 5171 348 5235 lum,
381 5172 530 5227 misit
561 5173 630 5228 ad
657 5173 810 5229 illum
838 5175 1127 5231 habentem
1155 5191 1375 5233 sensum
1419 5174 1583 5230 istum
1617 5191 1630 5228 :
1657 5173 1806 5242 Quo-

206 5267 359 5322 niam
417 5269 661 5338 quidem,
710 5270 783 5324 mi
825 5271 1045 5326 domine
1097 5280 1155 5327 et
1200 5277 1542 5342 procurator,
1589 5278 1805 5341 oportet

206 5362 473 5419 festinare
504 5380 590 5420 me
619 5381 649 5419 a
672 5365 1111 5423 Christianorum
1159 5367 1420 5439 religione
1466 5367 1802 5432 abstrahere,

207 5464 265 5509 et
321 5464 423 5510 tuae
461 5457 731 5513 adducere
776 5459 1066 5525 voluntati,
1119 5469 1180 5516 ut
1231 5461 1624 5533 multiplicetur
1673 5478 1800 5534 pars

208 5553 328 5610 tua,
347 5547 466 5601 misi
491 5548 587 5603 tibi
611 5550 756 5604 hunc
771 5551 861 5621 qui
887 5559 1182 5620 praesentes
1203 5567 1353 5607 meas
1372 5551 1548 5607 defert
1569 5552 1796 5618 litteras,

207 5638 510 5708 cupiditate
539 5643 592 5697 in
622 5643 857 5714 puellam
889 5660 1166 5711 exarsum,
1208 5655 1264 5699 et
1293 5645 1508 5715 postulo
1552 5661 1674 5701 eum
1704 5662 1796 5702 ac-

210 5728 416 5783 tionem
446 5731 604 5787 istam
636 5735 919 5805 consequi,
955 5743 1015 5788 ut
1039 5745 1095 5788 et
1123 5736 1174 5789 in
1202 5736 1306 5790 isto
1336 5735 1554 5806 glorier,
1589 5745 1642 5790 et
1673 5753 1796 5791 cum

205 5819 384 5878 multa
407 5821 689 5883 alacritate
713 5841 1036 5901 congregem
1065 5824 1357 5899 placitores
1395 5835 1537 5886 tuos.
1566 5825 1634 5885 Et
1663 5828 1798 5889 dans

1919 4641 2098 4696 neque
2163 4626 2501 4684 nobilitatem
2559 4639 2844 4700 parentum
2911 4640 3126 4690 tuorum
3185 4637 3506 4697 confusione

1913 4719 2151 4788 operias.
2183 4718 2275 4773 illa
2306 4728 2486 4776 autem
2507 4763 2521 4788 ,
2554 4723 2621 4778 ad
2651 4722 2880 4779 nihilum
2911 4737 3169 4796 reputans
3201 4745 3323 4800 qua:
3349 4745 3380 4786 a
3407 4747 3508 4802 pa-

1913 4817 1999 4865 tre
2024 4811 2362 4879 dicebantur,
2392 4813 2632 4871 instabat
2658 4815 2931 4874 clamans:
2963 4819 3126 4876 Pater
3150 4822 3222 4876 mi
3244 4864 3259 4889 ,
3295 4833 3389 4879 aut
3418 4824 3505 4882 fac

1915 4904 2244 4960 desiderium
2292 4922 2473 4964 meum
2501 4949 2516 4974 ,
2561 4916 2656 4964 aut
2701 4920 2823 4981 post
2863 4912 3134 4968 modicum
3178 4915 3503 4973 morientem

1913 4996 2125 5054 videbis
2151 5013 2256 5053 me.
2292 4998 2458 5056 Pater
2484 5017 2615 5073 ergo
2655 5002 2707 5057 in
2741 5020 2934 5076 magna
2964 5006 3264 5064 defectione
3296 5007 3499 5078 factus,

1915 5103 1981 5144 ac
2007 5089 2549 5150 immensurabilitate
2581 5096 2818 5152 tristitize
2844 5099 3165 5169 absorptus,
3202 5109 3257 5156 et
3286 5104 3498 5159 amico-

1915 5197 2034 5235 rum
2061 5183 2304 5240 consiliis
2332 5184 2584 5242 credulus
2610 5229 2625 5252 ,
2676 5189 3012 5246 hortantium
3060 5192 3110 5246 ei
3157 5193 3370 5250 deferre
3404 5211 3501 5251 vo-

1912 5274 2174 5331 luntatem
2204 5277 2322 5348 ejus
2346 5319 2361 5344 ,
2409 5289 2504 5334 aut
2541 5280 2774 5350 seipsam
2816 5297 3113 5354 exponere,
3159 5288 3500 5345 concredens

1912 5375 2070 5440 pater
2096 5371 2351 5441 prmcepit
2377 5371 2491 5426 fieri
2520 5372 2846 5428 desiderium
2873 5361 3083 5445 puellae,
3113 5392 3182 5432 ne
3208 5377 3414 5433 exitiali
3437 5395 3501 5436 se

1911 5463 2154 5519 traderet
2196 5464 2380 5517 morti.
2440 5464 2507 5518 Et
2548 5463 2774 5520 adduxit
2823 5468 3106 5536 quaesitum
3150 5483 3377 5539 puerum
3425 5470 3493 5526 ad

1909 5556 2183 5626 propriam
2216 5555 2380 5608 tiliam
2407 5595 2420 5616 ,
2464 5555 2706 5625 dansque
2751 5557 2830 5613 eis
2875 5574 3089 5615 omnem
3134 5559 3492 5618 substantiam

1911 5661 2064 5700 suam
2089 5645 2221 5699 dixit
2240 5645 2361 5698 filia:
2386 5661 2526 5700 suae:
2562 5646 2704 5710 Vale,
2736 5649 2840 5704 ﬁlia
2873 5666 2999 5706 vere
3016 5653 3210 5707 misera
3231 5670 3245 5720 ;
3265 5654 3494 5710 multum

1909 5736 2052 5790 enim
2083 5737 2303 5806 planges
2342 5736 2611 5805 paenitens
2658 5739 2711 5793 in
2759 5739 3056 5797 novissimo
3094 5743 3310 5813 quando
3359 5743 3495 5798 nihil

1908 5827 2081 5888 babes
2105 5826 2392 5903 prolicere.
2435 5826 2626 5904 lniquo
2653 5845 2783 5906 ergo
2816 5831 3066 5907 conjugio
3097 5834 3262 5908 facto,
3296 5843 3353 5894 et
3379 5835 3496 5894 dia-
