4026 6340
579 293 690 351 725

1557 284 1892 343 HINCMARI
1924 281 2320 342 RHEMENSIS
2353 284 2874 346 ARCHIEPISCOPI

3719 297 3802 357 ἠδ

584 410 763 475 holica
784 408 1192 467 facinorositate
1215 405 1503 481 completa,
1525 419 1592 461 ac
1610 404 1825 463 modico
1850 408 2167 459 transeunte
2194 401 2250 466 Α
2270 411 2397 473 post
2436 418 2636 476 paucos
2661 405 2777 462 dies
2804 404 3047 483 visitavit
3072 418 3196 463 eum
3221 447 3238 475 ,
3288 416 3348 464 et
3394 408 3548 466 dicit:
3571 410 3805 479 Quomodo

585 519 833 583 tempore
857 549 873 576 ,
901 507 1218 579 designatus
1244 512 1330 562 est
1371 519 1402 559 a
1441 502 1766 576 quibusdam
1787 516 1922 573 puer
1948 515 2056 558 non
2084 499 2171 557 in-

585 603 756 659 troire
795 586 851 657 in
871 599 1196 667 ecclesiam,
1235 610 1411 667 neque
1457 594 1891 666 appropinquare
1947 592 2170 648 immor-

585 695 787 751 talibus
808 703 865 751 et
889 693 1122 757 viviﬁcis
1144 689 1440 764 mysteriis.
1478 688 1548 745 Et
1568 687 1755 747 dicunt
1775 688 1988 751 misera:
2004 684 2170 758 660

587 786 801 859 conjugi
830 784 949 855 ejus
974 804 988 841 :
1016 783 1139 842 Scis
1164 784 1294 858 quia
1317 783 1404 839 vir
1425 791 1571 850 tuus,
1601 797 1762 853 quem
1791 779 2032 852 elegisti,
2057 793 2168 835 non

582 889 670 939 est
697 879 1043 937 Christianus
1066 919 1083 948 ,
1136 878 1234 937 sed
1276 877 1599 950 peregrinus
1644 876 1771 933 fidei
1818 883 1875 932 et
1919 873 2170 930 alienus?

587 973 963 1031 Tenebrarum
991 986 1124 1045 ergo
1164 980 1222 1029 et
1262 971 1526 1029 dolorosae
1565 969 1737 1041 plagae
1774 967 2012 1039 repleta,
2039 979 2169 1037 pro-

586 1066 781 1121 sternit
808 1080 868 1122 se
910 1064 965 1121 in
995 1064 1255 1130 humum,
1299 1070 1356 1119 et
1394 1062 1561 1135 coepit
1597 1062 1909 1132 discerpere
1937 1059 2170 1129 seipsam

585 1155 825 1230 ungulis,
854 1165 912 1213 et
937 1165 1225 1229 percutere
1247 1164 1440 1227 pectus
1468 1170 1534 1211 ac
1558 1154 1834 1210 clamare:
1861 1152 2031 1209 Nemo
2060 1166 2170 1208 non

585 1248 846 1306 obediens
858 1248 1180 1320 parentibus
1207 1247 1388 1314 salvus
1402 1246 1506 1304 fuit
1518 1261 1777 1318 unquam.
1818 1244 1951 1312 Quis
1962 1258 2171 1299 annun-

588 1332 745 1398 tiabit
770 1342 913 1413 patri
932 1357 1055 1399 meo
1082 1356 1259 1398 meam
1283 1340 1693 1398 confusionem?
1714 1338 1830 1394 Heu
1857 1337 1992 1394 mihi
2012 1336 2175 1393 mise-

583 1450 682 1502 rm,
717 1436 773 1490 in
803 1442 1065 1506 quantam
1094 1433 1516 1505 profunditatem
1535 1432 1857 1504 perditionis
1882 1429 2168 1487 descendi!

585 1525 697 1595 Cur
723 1539 852 1582 nata
876 1541 1027 1593 sum,
1055 1533 1111 1583 et
1130 1534 1260 1582 nata
1290 1526 1548 1582 continuo
1574 1535 1728 1595 rapta
1765 1539 1870 1580 non
1902 1523 2020 1578 fui?
2065 1522 2174 1585 [Sta

585 1632 716 1689 ergo
758 1617 1046 1673 lamentari
1091 1633 1212 1674 eam
1259 1618 1476 1675 discens
1515 1618 1888 1673 erratissimus
1920 1617 2005 1671 vir
2033 1615 2169 1687 ejus,

587 1710 899 1767 accucurrit
938 1712 1006 1767 ad
1040 1726 1165 1769 eam
1191 1711 1529 1769 contendens
1566 1727 1676 1768 non
1709 1710 1900 1767 haberi
1931 1709 2006 1765 ita
2031 1708 2173 1765 veri-

2267 496 2470 564 habes,
2494 497 2608 555 fili?
2634 498 2779 555 Dicit
2799 500 2851 555 ei
2876 512 2893 553 :
2923 499 3086 556 Pater
3105 509 3325 567 sancte,
3352 500 3561 575 alonge
3585 504 3807 564 clamores

2268 606 2457 647 eorum
2486 592 2647 649 audio
2677 602 2732 649 et
2755 592 2962 661 minas,
3016 594 3110 650 sed
3140 609 3247 650 non
3279 594 3442 649 video
3484 610 3589 651 eos.
3633 596 3693 651 Et
3732 598 3809 655 ite-

2269 698 2392 738 rum
2433 683 2570 739 dans
2611 683 2662 739 ei
2707 699 2889 740 eseam
2935 692 2991 740 et
3014 699 3208 749 orans,
3239 684 3605 754 claudensque
3648 689 3808 745 ostium

2246 775 2424 830 abiit.
2468 775 2535 830 Et
2562 776 2981 846 quadragesimo
3006 777 3096 834 die
3125 777 3289 832 rediit
3314 816 3330 843 ,
3374 785 3431 831 et
3456 777 3587 833 dicit
3611 778 3656 833 ei
3686 778 3811 845 :Quo

2269 871 2432 926 modo
2474 871 2634 943 661
2693 871 2895 935 babes,
2948 870 3151 927 frater?
3207 870 3568 939 Respondens
3610 871 3725 926 dicit
3760 873 3811 927 ad

2254 979 2395 1021 eum
2430 982 2443 1017 :
2477 963 2622 1019 Bene
2655 962 2848 1031 habeo,
2873 973 3061 1020 sancte
3101 965 3214 1021 Dei.
3247 964 3376 1021 Vidi
3417 964 3562 1019 enim
3607 972 3655 1020 te
3687 967 3812 1023 hodie

2271 1054 2327 1109 in
2357 1054 2477 1109 visu
2510 1061 2837 1125 pugnantem
2863 1070 2963 1125 pro
2996 1071 3108 1122 me,
3132 1064 3188 1135 et
3222 1055 3540 1111 vincentem
3565 1056 3810 1113 diabolum.

2274 1145 2395 1203 Mox
2424 1162 2555 1217 ergo
2581 1157 2804 1203 sanctus
2833 1147 3129 1205 secundum
3166 1149 3615 1204 consuetudinem
3651 1148 3813 1209 facient

2272 1237 2595 1302 orationem,
2625 1236 2814 1294 eduxit
2841 1254 2987 1305 eum,
3027 1247 3084 1294 et
3131 1239 3364 1294 adduxit
3393 1239 3448 1294 in
3491 1240 3811 1298 dormitorium

2273 1349 2451 1389 suum.
2493 1333 2650 1390 Mane
2678 1346 2858 1390 autem
2887 1334 3033 1390 facto
3059 1335 3280 1391 vocavit
3308 1350 3528 1391 sacrum
3556 1336 3750 1402 clerum,
3772 1348 3811 1393 et

2274 1428 2631 1493 monasteria,
2664 1435 2718 1481 et
2746 1441 2966 1483 omnem
3006 1425 3227 1484 Christo
3257 1427 3551 1484 amabilem
3584 1431 3811 1500 populum,

2262 1529 2333 1577 .et
2358 1520 2495 1576 dixit
2525 1521 2604 1576 eis
2635 1537 2648 1574 :
2686 1520 2865 1576 Filioli
2900 1521 3007 1576 mei
3038 1521 3412 1589 dilectissimi,
3442 1536 3626 1577 omnes
3654 1524 3814 1594 gratias

2276 1615 2450 1685 agatis
2484 1614 2735 1670 Domino.
2791 1614 2934 1673 Ecce
2981 1615 3126 1671 enim
3182 1631 3348 1673 ovem
3392 1617 3651 1689 perditam
3694 1619 3813 1675 debet

2266 1714 2463 1776 pastor
2490 1706 2665 1760 bonus
2692 1706 2746 1760 in
2774 1707 3019 1763 humeris
3056 1718 3344 1778 reportare
3381 1716 3440 1764 et
3467 1707 3650 1766 offerre
3672 1709 3815 1766 Eccle-

584 1812 773 1858 tatem.
812 1803 905 1858 illa
936 1812 1116 1859 autem
1147 1804 1202 1860 in
1244 1805 1674 1861 consolationem
1712 1804 1965 1860 veniente
1992 1802 2175 1858 suadi-
2202 1771 2251 1832 Β
2280 1799 2391 1855 siae.
2426 1798 2770 1869 Quapropter
2794 1800 3037 1857 debitum
3074 1812 3157 1858 est
3185 1812 3244 1857 et
3285 1817 3389 1858 nos
3425 1802 3651 1873 vigiliam
3676 1802 3811 1859 facere

583 1894 789 1953 bilibus
819 1896 937 1968 ejus
968 1896 1331 1963 sermonibus,
1364 1895 1504 1951 dixit
1544 1896 1613 1951 ad
1654 1911 1780 1952 eum
1806 1912 1819 1951 :
1852 1893 1911 1950 Si
1940 1893 2023 1950 vis
2045 1893 2178 1951 satis

587 1988 722 2044 mihi
756 1987 938 2043 facere
966 1998 1023 2044 et
1048 1988 1262 2044 miserae
1301 1988 1494 2044 animae
1530 2003 1694 2055 meae,
1727 1988 1963 2045 crastina
1992 2002 2092 2058 ego
2123 1994 2179 2041 et

588 2090 648 2136 tu
680 2081 1015 2137 unanimiter
1062 2097 1251 2137 eamus
1297 2082 1363 2136 ad
1405 2081 1731 2148 ecclesiam,
1775 2090 1832 2140 et
1877 2095 2060 2137 coram
2090 2093 2179 2135 me

583 2175 852 2248 particips
902 2176 1457 2232 incontaminatorum
1505 2176 1890 2247 mysteriorum
1919 2215 1935 2240 ,
1997 2184 2051 2231 et
2098 2172 2180 2229 sic

586 2266 871 2322 satisfacta
898 2281 1012 2322 ero.
1037 2266 1208 2335 ~"Iuno
1234 2274 1454 2323 coactus
1483 2266 1620 2322 dixit
1656 2267 1705 2322 ei
1736 2264 2057 2321 sententiam
2089 2279 2179 2321 ca-

586 2355 764 2427 pituli.
808 2355 1077 2432 Continuo
1118 2372 1248 2428 ergo
1297 2360 1574 2429 deponens
1620 2357 1710 2412 illa
1748 2357 2065 2412 muliebrem
2098 2356 2181 2411 in-

588 2448 906 2504 ﬁrmitatem
926 2489 941 2515 ,
971 2457 1027 2504 et
1058 2449 1348 2505 consilium
1374 2450 1577 2504 bonum
1604 2449 1895 2504 consilians
1920 2447 2024 2513 illi,
2059 2463 2182 2504 cur-

589 2545 662 2599 rit
705 2545 773 2599 ad
813 2551 1091 2614 pastorem
1150 2553 1205 2600 et
1250 2544 1574 2615 discipulum
1626 2543 1832 2601 Christi
1876 2542 2134 2599 Basilium
2160 2580 2177 2610 ,

588 2636 852 2692 adversus
898 2638 1234 2708 impietatem
1280 2637 1559 2693 clamans:
1595 2636 1852 2693 Miserere
1894 2636 2026 2692 mihi
2077 2636 2181 2691 mi-

588 2742 741 2793 serae,
775 2736 965 2784 sancte
992 2729 1126 2793 Dei,
1158 2728 1419 2785 miserere
1445 2729 1609 2795 mihi,
1646 2729 1909 2800 discipule
1941 2728 2177 2796 Domini,

589 2837 710 2892 qua:
738 2837 863 2877 cum
919 2819 1255 2878 daemonibus
1299 2837 1519 2879 causam
1566 2824 1685 2894 egi;
1742 2824 2007 2879 miserere
2046 2823 2182 2880 mihi

591 2915 810 2970 misera:
838 2914 1119 2985 proprium
1149 2922 1358 2984 patrem
1397 2929 1504 2971 non
1542 2915 1879 2971 obaudienti.
1928 2914 1996 2971 Et
2024 2915 2183 2973 docet

590 3010 642 3064 ei
687 3023 870 3064 rerum
919 3018 1194 3079 gestarum
1243 3007 1511 3063 ordinem.
1586 3007 1820 3064 Sanctus
1868 3017 2050 3064 autem
2083 3008 2179 3065 Dei

589 3116 794 3160 vocans
817 3117 1070 3174 puerum,
1106 3101 1415 3159 sciscitatus
1441 3111 1525 3159 est
1560 3103 1630 3159 ab
1659 3117 1726 3159 eo
1749 3103 1794 3159 si
1825 3102 1929 3158 ista
1958 3102 2012 3157 in
2037 3102 2183 3158 hunc

592 3194 814 3251 modum
855 3209 915 3250 se
943 3194 1165 3260 habent,
1225 3192 1328 3261 Qui
1360 3194 1426 3248 ad
1474 3200 1719 3250 sanctum
1760 3210 1884 3250 cum
1924 3193 2182 3265 lacrymis

593 3287 711 3343 ait:
738 3285 916 3344 Etiam
941 3328 957 3354 ,
997 3295 1187 3343 sancte
1213 3286 1341 3352 Dei,
1387 3285 1432 3342 si
1469 3302 1569 3357 ego
1606 3286 1806 3343 siluero
1827 3328 1842 3352 ,
1866 3300 2035 3358 opera
2060 3302 2182 3344 mea

595 3379 948 3450 clamabunt,
995 3389 1051 3440 et
1077 3388 1300 3437 enarrat
1335 3380 1383 3437 ei
1411 3381 1575 3436 etiam
1602 3379 1716 3450 ipse
1742 3395 1771 3434 a
1796 3379 2063 3451 principio
2090 3394 2183 3437 us-

591 3488 702 3544 que
727 3473 795 3529 ad
821 3472 987 3530 ﬁnem
1032 3465 1458 3545 consequentem
1503 3472 1705 3529 diaboli
1746 3472 1943 3528 malam
1990 3486 2186 3544 opera-

594 3564 822 3623 tionem.
863 3564 1019 3623 Tunc
1046 3566 1179 3622 dicit
1224 3565 1273 3621 ei
1320 3574 1541 3622 sanctus
1573 3584 1587 3621 :
1622 3564 1714 3621 Vis
1753 3566 1954 3622 reverti
1981 3566 2050 3622 ad
2077 3564 2185 3623 Do-

594 3657 803 3713 minum
861 3657 1031 3714 Deum
1078 3657 1367 3715 nostrum?
1412 3656 1494 3714 Ad
1552 3673 1713 3729 quem
1761 3672 1896 3730 puer
1934 3676 1948 3712 :
1987 3657 2185 3730 Utique

591 3747 755 3815 volo,
802 3748 898 3805 sed
942 3763 1053 3805 non
1089 3749 1261 3806 valeo.
1298 3749 1441 3805 Dicit
1483 3750 1532 3806 ei
1567 3764 1582 3804 :
1620 3750 1836 3819 Quare?
1882 3749 2184 3822 Respondit

592 3854 768 3910 puer:
803 3839 1021 3912 Scripto
1045 3842 1305 3915 abnegavi
1341 3841 1616 3899 Christum
1638 3884 1654 3909 ,
1684 3852 1740 3899 et
1761 3843 2038 3915 professus
2059 3856 2183 3901 sum

593 3932 831 3989 diabolo.
873 3932 1019 3989 Dicit
1045 3932 1135 3990 ei:
1171 3933 1288 3991 Non
1338 3934 1412 3991 sit
1456 3934 1553 3990 tibi
1603 3935 2074 4009 curae,'benignus
2098 3942 2184 3992 est

590 4024 736 4082 Deus
757 4034 966 4093 noster,
994 4033 1049 4083 et
1076 4027 1303 4097 recipiet
1344 4036 1396 4082 te
1433 4028 1821 4098 ptenitentem;
1851 4027 2182 4097 compatitur

591 4115 736 4175 enim
763 4116 987 4175 malitiis
1011 4116 1235 4174 nostris.
1276 4117 1345 4174 Et
1375 4116 1591 4187 jactans
1627 4133 1686 4174 se
1712 4116 1891 4187 puella
1920 4118 1988 4173 ad
2014 4117 2183 4188 pedes

591 4207 787 4273 sancti,
810 4208 1120 4280 evangelice
1149 4208 1440 4280 deprecata
1472 4219 1557 4266 est
1587 4224 1712 4267 eum
1741 4209 1926 4265 dicens
1958 4227 1971 4263 :
2006 4208 2182 4266 Disci-

597 4300 725 4372 pule
751 4298 954 4358 Christi
980 4302 1076 4358 Dei
1104 4303 1276 4360 nostri
1303 4343 1319 4372 ,
1360 4313 1624 4376 quantum
1655 4312 1812 4375 potes
1833 4302 2029 4373 adjuva
2055 4317 2177 4360 nos.

590 4391 736 4448 Dicit
767 4391 834 4447 ad
878 4408 1106 4463 puerum
1147 4401 1371 4452 sanctus
1394 4414 1407 4450 :
1429 4394 1620 4451 Credis
1647 4394 1883 4452 salvari?
1923 4394 2023 4461 Qui
2052 4393 2129 4450 ait
2161 4411 2176 4450 :

2272 1900 2464 1958 nocte,
2491 1907 2556 1947 ac
2578 1893 2857 1963 postulare
2879 1895 2995 1965 ejus
3020 1896 3443 1967 benignitatem,
3469 1908 3649 1950 utnon
3673 1896 3812 1951 vincat

2274 1994 2567 2057 corruptor
2586 1986 2892 2044 animarum
2922 1990 3087 2047 etiam
3121 1989 3176 2044 in
3206 1989 3318 2046 hoc
3337 1989 3506 2045 facto.
3533 1990 3597 2044 Et
3615 1990 3811 2045 alacriter

2277 2078 2478 2148 pepulo
2503 2088 2854 2151 coaggerato,
2896 2096 2996 2150 per
3023 2094 3244 2136 omnem
3300 2089 3523 2136 noctem
3562 2079 3810 2151 postulavev

2278 2180 2408 2226 runt
2434 2172 2606 2227 Deum
2663 2189 2787 2228 cum
2818 2175 2962 2230 bono
3002 2183 3244 2245 pastore,
3294 2189 3423 2230 cum
3464 2173 3695 2245 lacrymis
3726 2170 3807 2227 cla-

2277 2276 2494 2322 mantes
2520 2281 2618 2336 pro
2647 2281 2713 2322 eo
2746 2285 2761 2321 :
2793 2267 3218 2341 Kyrie,eleison.
3248 2269 3319 2324 Et
3349 2277 3558 2323 mature
3575 2282 3680 2323 cum
3702 2263 3808 2321 θυιιή

2283 2357 2631 2413 multitudine
2661 2358 2842 2430 populi
2893 2360 3105 2431 accepit
3153 2370 3388 2417 sanctus
3420 2375 3652 2431 puerum,
3678 2367 3723 2414 et
3752 2365 3806 2412 te-

2281 2466 2421 2506 nens
2449 2451 2735 2507 dexteram
2770 2466 2991 2508 manum
3030 2452 3168 2523 ejus,
3213 2454 3455 2511 ducebat
3490 2454 3629 2509 illum
3652 2453 3698 2507 in
3720 2465 3807 2506 san-

2281 2552 2424 2598 etam
2457 2543 2551 2598 Dei
2575 2544 2866 2601 ecclesiam
2892 2560 3013 2602 cum
3044 2546 3275 2619 psalmis
3298 2555 3356 2603 et
3383 2547 3612 2619 hymnis.
3639 2545 3695 2601 Et
3717 2556 3805 2601 ecce

2283 2636 2529 2692 diabolus
2555 2639 2797 2693 omnium
2824 2638 3099 2696 fascinans
3144 2640 3199 2695 in
3250 2641 3466 2697 tristem
3522 2641 3684 2701 vitam,
3718 2650 3805 2692 cum

2285 2728 2434 2781 omni
2464 2729 2772 2799 perniciosa
2797 2729 3001 2786 virtute
3040 2731 3290 2798 advenit,
3314 2740 3373 2788 et
3414 2728 3722 2786 invisibiliter
3740 2741 3805 2797 ap-

2282 2820 2627 2889 prehendens
2646 2836 2897 2892 puerum,
2924 2823 3227 2879 conabatur
3252 2838 3451 2895 rapere
3472 2839 3589 2878 eum
3614 2822 3671 2878 de
3686 2833 3803 2875 manu

2283 2912 2484 2967 sancti.
2508 2911 2577 2967 Et
2606 2913 2773 2985 coepit
2806 2914 3042 2971 clamare
3074 2929 3215 2986 puer
3246 2934 3261 2971 :
3298 2915 3500 2972 Sancte
3528 2915 3634 2981 Dei,
3661 2910 3802 2983 adjtm

2284 3022 2392 3062 me.
2427 3007 2495 3061 Et
2537 3016 2686 3062 tanta
2717 3007 2994 3079 improbus
3038 3009 3307 3065 instantia
3342 3024 3621 3083 aggressus
3651 3016 3732 3067 est,
3764 3010 3804 3057 at

2211 3136 2259 3201 Ο
2289 3099 2455 3154 etiam
2514 3099 2927 3155 memorabilem
2981 3100 3160 3156 virum
3220 3101 3585 3172 compelleret,
3641 3096 3804 3152 trabem

2288 3207 2540 3263 puerum.
2563 3192 2873 3248 Conversus
2894 3208 3026 3264 ergo
3046 3202 3275 3251 sanctus
3293 3195 3363 3250 ad
3386 3193 3663 3257 diabolum,
3680 3186 3800 3244 dixit:

2287 3282 2718 3353 lmprobissime,
2738 3292 2797 3340 et
2839 3285 3142 3341 animarum
3194 3294 3507 3358 corruptor,
3530 3292 3667 3355 pater
3700 3287 3803 3334 teno-

2285 3375 2510 3433 brarum
2537 3385 2593 3434 et
2621 3378 2964 3449 perditionis,
2988 3395 3094 3436 non
3118 3379 3330 3438 sufficit
3366 3380 3461 3437 tibi
3492 3387 3575 3436 tua
3606 3372 3799 3448 perditio.

2287 3485 2394 3540 qua
2423 3478 2477 3526 te
2501 3480 2557 3526 et
2592 3485 2689 3527 eos
2712 3471 2808 3543 qui
2842 3473 2943 3528 sub
2976 3483 3031 3529 te
3053 3482 3180 3529 sunt
3210 3471 3465 3540 aﬁ‘ecisti,
3496 3470 3593 3527 nisi
3614 3468 3744 3524 etiam
3762 3468 3800 3518 et

2287 3561 2383 3618 Dei
2423 3562 2533 3618 mei
2575 3570 2754 3619 tentes
2793 3563 3040 3635 plasma?
3090 3564 3357 3622 Diabolus
3392 3571 3565 3619 autem
3607 3556 3721 3614 dixit
3751 3548 3799 3606 ad

2286 3669 2411 3711 eum
2441 3672 2455 3709 :
2489 3654 2818 3727 Prtejudicas
2848 3673 2952 3721 me,
2985 3655 3174 3714 Basrli.
3207 3656 3294 3714 Ita
3324 3667 3387 3713 ut
3424 3653 3624 3728 plurimi
3655 3663 3709 3705 ex
3733 3659 3803 3700 no-

2285 3746 2373 3802 bis
2398 3746 2650 3804 audirent
2675 3763 2840 3804 voces
2886 3749 3193 3805 daemonum
3244 3749 3371 3805 hac
3417 3743 3698 3804 dicentium,
3722 3734 3802 3791 cla-

2285 3848 2471 3896 mante
2490 3839 2718 3912 populo:
2744 3840 2930 3913 Kyrie,
2953 3841 3177 3898 eleison.
3205 3842 3277 3897 Sa
3289 3851 3446 3899 nctus
3468 3846 3630 3894 autem
3654 3829 3729 3887 Dei
3748 3824 3803 3881 ait

2287 3934 2355 3989 ad
2376 3948 2501 3991 eum
2527 3951 2542 3990 :
2570 3935 2821 4007 Increpat
2864 3944 2917 3992 te
2948 3937 3228 4001 Dominus,
3254 3931 3611 3999 diaboleaoni
3633 3936 3800 3993 restim"

2286 4023 2421 4080 dens
2449 4024 2528 4081 ait
2575 4027 2645 4082 ad
2687 4040 2812 4081 eum
2844 4045 2858 4081 :
2886 4026 3073 4094 Basili,
3109 4026 3439 4100 praeiudicas
3467 4038 3580 4089 me,
3604 4033 3692 4075 non
3719 4008 3798 4067 abii

2283 4132 2385 4188 080
2410 4118 2477 4174 ad
2500 4134 2646 4185 eum,
2669 4119 2770 4196 sed.
2796 4120 2910 4190 ipse
2943 4120 3093 4175 venit
3121 4121 3190 4176 ad
3242 4136 3353 4176 me.
3390 4111 3661 4187 Abnegavit
3684 4101 3797 4162 Chri-

2285 4201 2464 4277 stum,
2487 4218 2544 4266 et
2568 4210 2848 4282 professus
2868 4220 2955 4267 est
2987 4212 3143 4268 mihi.
3173 4211 3243 4267 Et
3271 4227 3404 4269 ecce
3444 4199 3796 4269 manuscripr

2285 4300 2483 4367 habeo,
2506 4310 2563 4356 et
2588 4303 2642 4357 in
2673 4301 2761 4357 die
2781 4300 2975 4370 judicii
3006 4302 3075 4358 ad
3102 4315 3444 4357 communem
3463 4295 3675 4367 judicent
3704 4294 3794 4341 ϐω

2286 4391 2446 4449 duco.
2474 4392 2709 4450 Sanctus
2735 4393 2832 4449 Dei
2864 4393 3004 4449 dixit
3031 4412 3045 4448 :
3073 4393 3400 4450 Benedictus
3439 4387 3669 4446 Dominus
3692 4378 3794 4432 Delli

592 4481 791 4551 Credo,
838 4484 1088 4552 Domine,
1141 4486 1337 4558 adjuva
1385 4486 1818 4543 incredulitatem
1861 4499 2060 4542 meam.
2109 4484 2182 4541 Et
2205 4491 2261 4551 D
2287 4497 2462 4551 meus,
2488 4499 2596 4541 non
2617 4482 2869 4541 deﬂectet
2892 4485 3123 4557 populus
3146 4485 3252 4542 iste
3278 4497 3469 4540 manus
3494 4480 3555 4535 de
3573 4466 3793 4531 διιὶιυάίιο

603 4574 863 4632 continuo
915 4577 1326 4648 apprehendens
1380 4594 1600 4635 manum
1654 4577 1814 4650 ejus,
1862 4576 2178 4649 faciensque

593 4665 798 4723 Christi
829 4667 1041 4741 signum
1073 4670 1125 4725 in
1156 4671 1272 4741 ipso
1296 4680 1351 4726 et
1377 4687 1563 4737 orans,
1595 4672 1817 4729 reclusit
1837 4688 1959 4730 eum
1993 4673 2046 4728 in
2070 4688 2180 4733 uno

593 4753 716 4811 loco
753 4755 1031 4814 interioris
1077 4761 1217 4815 sacri
1262 4760 1508 4831 periboli.
1564 4761 1634 4818 Et
1663 4763 1799 4818 dans
1821 4763 1871 4817 ei
1912 4762 2176 4835 regulam,

594 4844 964 4903 collaborabat
1005 4848 1055 4905 ei
1098 4864 1197 4921 per
1238 4859 1350 4908 tres
1389 4852 1525 4909 dies.
1591 4851 1723 4909 Post
1763 4868 1898 4923 quos
1939 4853 2180 4909 visitavit

593 4945 820 5005 eum,et
865 4939 997 4997 dicit
1050 4942 1132 4997 ei:
1187 4941 1467 5010 Quomodo
1508 4945 1713 5010 habes,
1757 4944 1870 5007 fili?
1914 4943 2058 5001 Dicit
2108 4945 2180 5001 ad

592 5046 717 5087 eum
752 5049 767 5085 :
802 5032 861 5088 ln
918 5048 1113 5106 magna
1162 5050 1279 5090 sum
1305 5076 1319 5100 ,
1368 5036 1621 5104 domine,
1659 5036 1962 5094 defectione
1985 5077 2001 5105 ,
2055 5051 2182 5093 san-

593 5131 680 5177 cte
731 5121 867 5190 Dei,
931 5140 1040 5181 non
1088 5123 1205 5182 fero
1260 5127 1528 5184 clamores
1566 5143 1754 5184 eorum
1795 5136 1852 5185 et
1895 5137 2178 5198 terrores,

595 5227 661 5269 ac
709 5212 1069 5283 jaculationes
1112 5233 1209 5276 seu
1260 5220 1615 5291 lapidationes
1655 5237 1866 5279 eorum.
1909 5221 2182 5280 Tenentes

593 5309 1021 5380 manuscriptam
1060 5327 1255 5376 meam,
1290 5323 1581 5370 causantur
1621 5329 1708 5370 me
1753 5315 1995 5370 dicentes
2037 5334 2049 5370 :
2096 5315 2181 5372 Tu

592 5395 795 5452 venisti
846 5400 916 5456 ad
960 5416 1061 5458 nos
1089 5443 1104 5469 ,
1142 5418 1251 5458 non
1296 5419 1396 5461 nos
1430 5405 1498 5459 ad
1546 5413 1615 5459 te.
1686 5405 1752 5460 Et
1781 5406 1911 5462 dicit
1958 5407 2008 5463 ei
2054 5422 2181 5465 san-

595 5496 714 5543 ctus
750 5503 764 5542 :
811 5487 932 5545 Noli
974 5492 1167 5548 timere
1194 5535 1209 5560 ,
1268 5494 1341 5549 fili
1372 5504 1579 5551 tantum
1608 5498 1802 5563 crede;
1854 5506 1910 5553 et
1953 5498 2090 5555 dans
2128 5502 2183 5557 ei

594 5577 862 5634 modicam
915 5594 1136 5651 escam,
1210 5584 1519 5657 faciensque
1582 5603 1746 5660 super
1805 5606 1929 5646 eum
1979 5590 2182 5650 Christi

596 5666 793 5726 iterum
847 5673 1180 5748 signaculum
1244 5694 1309 5736 ac
1355 5694 1553 5749 orans,
1617 5682 1835 5738 reclusit
1878 5698 2021 5740 eum.
2114 5686 2186 5747 Ει

2287 4574 2437 4641 οωιί,
2473 4576 2648 4633 donec
2674 4577 2873 4633 reddas
2901 4578 3353 4649 manuscriptum.
3384 4574 3450 4631 Et
3466 4565 3793 4649 convertens”

2287 4667 2425 4723 dixit
2456 4668 2655 4739 populo
2680 4684 2695 4723 :
2724 4669 2933 4742 Erigite
2959 4685 3155 4728 manus
3180 4647 3395 4727 vestras
3421 4667 3474 4722 in
3502 4659 3688 4719 εωιωηο
3711 4647 3792 4742 dif

2284 4735 2497 4813 mantes
2531 4735 2672 4815 cum
2722 4735 3012 4832 lacrvymis:
3044 4760 3260 4818 Christe
3302 4758 3480 4833 Kyrie,
3521 4749 3709 4808 eleison-
3743 4735 3792 4792 Ει

2287 4859 2469 4906 stante
2505 4851 2704 4922 populo
2740 4853 2793 4907 in
2836 4853 3028 4909 horam
3074 4853 3303 4910 multam
3348 4858 3584 4908 extensae
3614 4834 3790 4895 ham“

2290 4957 2485 4998 manus
2508 4942 2565 4998 in
2588 4943 2811 5011 omium,
2844 4960 2976 5002 ecce
2998 4946 3373 5018 manuscripts
3396 4938 3536 5014 pueri
3554 4946 3638 5007 Ρθτ
3651 4931 3785 4983 ac”

2289 5030 2489 5096 delata,
2512 5039 2569 5115 et
2591 5033 2662 5088 ab
2687 5035 2940 5090 omnibus
2968 5035 3084 5092 visa
3116 5036 3280 5101 venit,
3306 5042 3361 5092 et
3381 5026 3607 5101 imposita
3622 5021 3786 5115 αξιωξο

2291 5123 2455 5180 nibus
2490 5107 2867 5183 memorabilis
2896 5128 3072 5184 nostri
3109 5127 3288 5185 Patris
3316 5134 3371 5184 et
3393 5116 3623 5195 pastoris,
3644 5107 3780 5163 διιεοί·

2287 5217 2445 5287 piens
2469 5227 2653 5275 autem
2682 5235 2825 5288 eam,
2861 5229 2916 5277 et
2945 5222 3154 5294 gratias
3173 5236 3337 5293 agens
3358 5221 3480 5282 Deo,
3502 5208 3684 5294 gavisus
3702 5196 3783 5251 h0-

2289 5320 2379 5368 tus
2412 5320 2495 5368 est
2526 5311 2699 5377 valde,
2739 5321 2794 5368 et
2835 5292 3020 5370 coram
3064 5292 3229 5370 omni
3249 5309 3437 5385 populo
3464 5292 3780 5392 dixit

2289 5418 2414 5458 rum
2447 5422 2461 5457 :
2497 5401 2791 5475 Cognoscis
2833 5404 3097 5461 litterulas
3149 5368 3271 5470 has:
3302 5368 3494 5458 frater?
3532 5387 3619 5459 Qui
3642 5381 3702 5436 ait

2292 5512 2416 5573 eum
2444 5515 2457 5551 :
2491 5496 2691 5563 Etiam,
2720 5509 2909 5553 sancte
2940 5497 3054 5563 Dei,
3096 5494 3449 5563 manuscripla
3477 5495 3580 5540 mea
3610 5480 3693 5531 es"
3718 5459 3779 5573 ξι

2293 5595 2638 5660 disrumpens
2696 5591 3119 5661 manuscriptam
3166 5597 3397 5646 sanctus.
3429 5574 3646 5636 Basilius.

2294 5687 2453 5745 duxit
2483 5656 2607 5741 eum
2641 5683 2707 5740 ad
2735 5656 3044 5753 ecclesiam,
3083 5689 3139 5739 et
3160 5681 3375 5758 dignum
3399 5670 3515 5731 fecit
3537 5656 3772 5723 sancto”
