4026 6340
223 323 334 384 725

1177 325 1262 380 DE
1304 322 1630 380 DIVORTIO
1670 321 1995 379 LOTIIARII
2034 328 2120 383 ET
2163 328 2573 389 TETBERGJE.

3387 341 3488 395 7:26

215 440 474 507 uisterio,
495 449 551 496 et
579 441 961 497 communione
1005 441 1383 512 mysteriorum
1424 448 1478 494 et
1516 453 1799 495 munerum
1826 440 1883 502 Α
1906 456 1985 505 ra,
2013 453 2070 496 ut
2093 448 2514 515 supradixitnus,
2546 450 2822 515 coalescit,
2868 460 2919 507 et
2955 454 3192 522 peccatis
3223 456 3488 526 exigenti-

210 536 445 592 Cltristi.
472 535 539 590 Et
561 534 765 591 faciens
792 534 1190 606 susceptionem
1214 550 1486 606 magnam,
1515 533 1801 604 refrigera-

210 629 291 683 vit
312 643 535 683 omnem
557 627 834 699 populum,
858 637 914 683 et
942 628 1143 684 ducens
1166 644 1392 699 puerum
1416 644 1480 683 ac
1507 629 1800 691 instruens,

206 736 311 777 seu
343 722 481 779 dans
502 722 551 777 ei
580 721 826 793 regulam
851 722 1157 787 decentem,
1175 720 1412 777 reddidit
1438 736 1560 777 eum
1589 720 1802 776 mulieri

203 812 336 881 ejus
364 813 628 869 intacibili
659 829 755 869 ore
774 814 1174 887 gloriticantem
1204 824 1259 870 et
1284 814 1591 871 laudantem
1609 814 1801 871 Deum.

200 903 412 961 Amen.

284 997 357 1052 Et
371 997 696 1057 venerabilis
722 999 1005 1070 presbyter
1030 998 1172 1057 Beda
1198 1000 1253 1056 in
1286 1000 1446 1057 tertio
1469 1000 1635 1073 662
1662 999 1801 1055 libro

207 1091 526 1151 Commenti
570 1090 731 1153 Luca:
765 1091 1149 1173 evangelista:
1187 1091 1568 1162 Interrogavit,
1602 1091 1798 1162 inquit,

206 1183 367 1238 illum
407 1182 565 1239 Jesus
607 1184 785 1249 dicens
824 1197 842 1236 :
881 1180 1038 1249 Quod
1086 1184 1181 1239 tibi
1231 1182 1422 1238 nomen
1445 1183 1561 1238 est?
1607 1184 1673 1236 At
1713 1181 1803 1237 ille

209 1275 366 1341 dicit,
422 1273 604 1346 Legio,
667 1276 795 1346 quia
845 1276 1173 1337 intraverant
1228 1275 1490 1331 dwmonia
1535 1272 1701 1329 multa
1744 1275 1803 1330 iu
1844 1294 1855 1309 ’

209 1380 333 1418 eum
367 1362 522 1434 (Luc.
561 1381 679 1431 vut,
711 1364 826 1436 '50).
851 1364 968 1421 Non
990 1365 1137 1421 velut
1164 1366 1368 1423 inscius
1397 1380 1592 1421 nomen
1626 1365 1803 1436 inqui-

211 1458 309 1523 rit,
333 1458 430 1517 sed
457 1466 518 1514 ut
544 1458 792 1516 confessa
834 1476 1019 1515 coram
1059 1470 1233 1530 peste,
1264 1476 1427 1532 quam
1464 1459 1650 1516 furens
1678 1461 1805 1517 tole-

211 1552 399 1616 rabat,
422 1552 596 1611 virtus
613 1554 856 1608 curantis
880 1554 1085 1625 gratior
1106 1554 1387 1609 emicaret.
1419 1553 1522 1613 Sed
1547 1562 1601 1609 et
1629 1553 1803 1610 nostri

212 1642 482 1712 temporis
507 1643 838 1704 sacerdotes,
869 1644 959 1713 qui
986 1659 1082 1713 per
1110 1646 1404 1701 cxorcismi
1432 1645 1665 1714 gratiam
1694 1646 1803 1701 daa-

209 1751 409 1793 moucs
435 1735 631 1805 ejicere
657 1748 879 1804 norunt,
909 1738 1085 1795 solent
1136 1740 1337 1805 dicere,
1387 1739 1658 1811 patientes
1690 1754 1799 1795 non

1910 533 2029 597 bus,
2067 534 2118 588 in
2161 536 2302 592 bono
2334 538 2568 611 conjugii
2594 540 2792 595 tnalum
2832 541 2891 595 ﬁt
2917 544 3232 617 operatione
3260 546 3487 611 diaboli.

1908 626 2048 682 sicut
2070 627 2282 683 Domini
2320 640 2404 686 est
2443 641 2614 698 terra,
2656 634 2798 690 bona
2824 634 3036 706 utique,
3064 647 3178 693 uta
3208 638 3349 692 bono
3381 638 3486 711 Dec

1908 728 2113 786 creata,
2142 729 2195 777 et
2218 721 2535 793 iniquitates
2571 734 2698 781 sunt
2726 738 2946 795 nostraz,
2983 729 3076 784 sed
3113 744 3254 800 saepe
3289 731 3490 789 nostris

1904 811 2068 884 663
2100 813 2476 885 iniquitatibus
2510 818 2755 875 videmus
2775 829 2830 876 et
2864 822 3128 880 sentimus
3159 832 3357 879 terram
3387 824 3491 879 Do-

1906 903 2039 961 mini
2068 904 2454 975 tabescentem,
2484 909 2576 979 qui
2600 912 2850 980 promisit
2874 913 3045 971 iratus
3070 914 3306 971 futuram
3334 916 3491 973 nobis

1906 1003 2109 1050 terram
2138 994 2394 1063 ferream,
2427 998 2482 1054 et
2526 1000 2721 1057 coelum
2751 1017 2971 1069 aereum,
3013 1012 3067 1059 et
3111 1005 3357 1076 placatus
3395 1004 3493 1061 da-

1906 1094 2087 1145 turqu
2116 1102 2174 1144 se
2213 1089 2367 1153 nobis
2403 1091 2639 1161 pluviam
2696 1096 3053 1165 temporinam
3093 1105 3146 1151 et
3190 1098 3491 1153 scrotinam

1906 1189 2087 1247 terrm,
2120 1190 2176 1237 et
2199 1184 2323 1252 quia
2362 1184 2562 1243 coelum
2594 1186 2741 1242 dabit
2770 1186 3030 1257 pluviam,
3060 1197 3114 1243 et
3165 1198 3308 1245 terra
3344 1190 3493 1245 dabit

1905 1272 2144 1331 fructum
2194 1292 2348 1332 suum
2390 1296 2401 1330 :
2452 1294 2559 1335 non
2608 1294 2717 1348 quo
2762 1288 3135 1335 creaturarum
3178 1281 3494 1335 innuutetur

1906 1375 2122 1432 natura,
2155 1370 2249 1423 sed
2276 1369 2402 1440 quia
2436 1370 2752 1425 meritorum
2786 1370 3067 1436 distantia,
3099 1370 3238 1426 irato
3266 1371 3347 1425 vel
3376 1371 3491 1441 pla-

1906 1467 2030 1514 cato
2080 1459 2221 1527 Deo,
2264 1460 2461 1516 exinde
2491 1452 2554 1517 ’a
2608 1463 2765 1518 nobis
2812 1463 3045 1519 vindicta
3102 1464 3367 1518 sentiatur
3413 1463 3497 1519 vel

1907 1550 2103 1620 gratia.
2140 1550 2208 1606 Et
2239 1552 2433 1608 beatus
2474 1551 2772 1624 Gregorius
2799 1555 2853 1608 in
2888 1554 3024 1609 libro
3050 1555 3288 1612 secundo
3321 1554 3496 1610 Mora-

1904 1640 2035 1697 lium
2088 1642 2228 1713 (cap.
2272 1644 2328 1713 4)
2367 1644 2542 1699 dicit:
2583 1664 2600 1695 ι
2640 1645 2898 1710 Occulta,
2948 1647 3195 1717 inquiens
3220 1689 3233 1710 ,
3282 1647 3496 1716 justitia

1906 1732 2004 1789 Dei
2035 1733 2255 1789 licentia
2290 1735 2542 1806 malignis
2583 1737 2868 1806 spiritibus
2921 1738 3102 1804 datur,
3132 1747 3190 1792 ut
3216 1754 3351 1806 quos
3392 1753 3492 1793 v0-

209 1828 378 1883 aliter
404 1828 584 1885 valere
620 1830 821 1895 curari,
872 1830 976 1886 nisi
1017 1842 1281 1902 quantum
1330 1847 1521 1903 sapere
1550 1840 1801 1901 possunt,
1832 1813 1879 1873 Β
1907 1826 2080 1884 lentes
2106 1830 2159 1884 in
2188 1830 2395 1900 peccati
2435 1829 2629 1900 laqueo
2653 1832 3016 1903 strangulant,
3048 1834 3097 1887 in
3131 1835 3340 1903 peccati
3370 1849 3490 1903 pa:-

208 1937 377 1979 ornne
420 1922 565 1991 quod
614 1922 684 1977 ab
732 1922 1029 1978 immundis
1077 1922 1380 1993 Spiritibus,
1412 1924 1555 1988 visu,
1593 1923 1799 1987 auditu,

211 2024 398 2086 gustu,
429 2016 661 2073 odoratu
692 2026 747 2072 et
778 2025 946 2082 tactu,
975 2018 1062 2073 vel
1112 2017 1218 2073 alio
1260 2016 1504 2088 quolibet
1532 2016 1800 2087 corporis,

211 2110 299 2165 vel
328 2110 499 2164 animi
556 2124 742 2176 sensu,
788 2109 1100 2181 vigilantes,
1141 2110 1539 2165 dormientesve
1567 2108 1807 2179 pertule-

210 2204 346 2268 rint,
400 2204 715 2260 conﬁtendo
766 2213 1019 2274 patenter
1072 2212 1365 2275 exponant.
1443 2204 1510 2260 Et
1567 2205 1807 2261 maxime

209 2294 459 2364 quando,
482 2294 566 2350 vel
592 2295 724 2351 viris
747 2295 802 2351 in
827 2296 1008 2367 Specie
1034 2295 1294 2361 feminea,
1325 2295 1410 2352 vel
1436 2296 1489 2351 in
1521 2296 1661 2351 virili
1709 2297 1806 2351 ha-

210 2385 331 2440 bitu
361 2384 578 2442 feminis
603 2395 951 2457 apparentes,
984 2403 1121 2459 quos
1143 2388 1416 2445 dremones
1442 2388 1577 2444 Galli
1611 2389 1806 2445 Dusios

211 2482 435 2539 vocant,
477 2474 701 2531 infando
730 2477 996 2533 miraculo
1028 2478 1251 2547 spiritus
1278 2478 1586 2549 incorporei
1614 2494 1806 2549 corpo-

213 2566 294 2620 ris
325 2565 551 2621 humani
574 2568 925 2627 concubitum
956 2577 1146 2638 petere
1173 2585 1233 2624 se
1261 2585 1326 2624 ac
1353 2579 1572 2640 patrare
1598 2568 1806 2624 contin~

214 2665 382 2727 gunt,
403 2665 460 2711 et
490 2672 685 2713 nomen
722 2658 1002 2725 daemonis,
1035 2675 1143 2729 quo
1186 2675 1245 2716 se
1274 2660 1482 2716 censeri
1511 2660 1729 2723 dixerit,
1751 2667 1806 2717 et

215 2747 501 2820 dejeraudi
537 2750 746 2817 modos,
799 2752 993 2821 quibus
1038 2752 1242 2808 amoris
1286 2753 1368 2808 sui
1422 2753 1599 2809 ﬁcdus
1642 2753 1807 2811 altera

214 2852 404 2897 utrum
436 2841 776 2912 pepigerunt,
812 2843 1118 2913 prodendos
1159 2858 1281 2899 esse
1301 2843 1641 2914 praecipiunt.
1676 2843 1806 2911 Qua)

216 2935 506 2991 mendacio
531 2935 807 2992 simillima
839 2952 948 3002 res,
989 2935 1083 2991 sed
1128 2938 1263 2993 adeo
1284 2951 1436 3002 vera,
1463 2945 1518 2990 et
1548 2936 1807 3006 plurimo-

215 3042 341 3083 rum
364 3029 712 3086 attestatione
757 3030 1065 3095 notissima,
1092 3039 1156 3085 ut
1192 3030 1413 3101 quidam
1434 3030 1643 3086 vicinus
1672 3029 1808 3087 mihi

218 3123 506 3194 presbyter
533 3123 779 3181 retulerit
822 3140 879 3181 se
907 3125 1198 3196 quamdam
1231 3126 1702 3181 sanctimonialem
1728 3124 1804 3179 fe-

220 3215 429 3270 minam
453 3231 483 3270 a
513 3216 780 3273 damonio
811 3233 1009 3273 curare
1037 3218 1293 3288 coepisse,
1324 3219 1417 3274 sed
1444 3218 1683 3289 quandiu
1718 3233 1805 3273 res

216 3303 446 3371 latebat,
472 3306 610 3362 nihil
634 3309 775 3377 apud
801 3324 922 3364 eam
948 3309 1217 3381 proﬁcere
1246 3311 1487 3381 potuisse
1513 3324 1530 3364 :
1556 3310 1807 3366 confesso

218 3405 403 3454 autem
428 3413 538 3469 quo
560 3400 950 3457 molestabatur
976 3402 1374 3473 phantasmate,
1405 3418 1529 3459 mox
1550 3411 1607 3458 et
1630 3402 1807 3473 ipsum

216 3491 580 3560 orationibus,
609 3494 955 3566 ceterisque
991 3512 1115 3567 quae
1143 3497 1428 3567 oportebat
1473 3494 1807 3567 puriﬁcatio-

219 3597 350 3637 num
386 3584 675 3654 generibus
698 3585 986 3657 effugasse,
1019 3597 1074 3643 et
1101 3587 1343 3657 ejusdem
1375 3586 1591 3644 femintr
1610 3600 1807 3656 corpus

216 3671 290 3727 ab
311 3672 610 3741 ulceribus,
632 3691 755 3747 qua;
782 3678 1043 3734 damonis
1074 3687 1221 3734 tactu
1249 3688 1616 3746 contraxerat,
1641 3679 1809 3734 medi-

218 3764 385 3821 cinali
410 3767 611 3832 studio,
643 3766 901 3837 adjuncto
921 3770 1038 3826 sale
1074 3770 1380 3835 benedicto,
1421 3786 1663 3827 curasse.
1698 3768 1805 3826 Sed

214 3859 349 3913 dum
379 3873 545 3913 unum
569 3860 636 3915 de
671 3860 964 3928 ulceribus,
998 3864 1140 3933 quod
1188 3862 1351 3918 altius
1394 3862 1549 3917 lateri
1580 3862 1804 3917 inﬁxum

210 3959 520 4023 repererat,
550 3953 858 4011 nullatenus
886 3964 1072 4026 posset
1098 3954 1228 4025 quin
1256 3956 1513 4009 continuo
1540 3954 1805 4034 pandere-

210 4053 306 4098 tur
327 4043 623 4111 obducere,
651 4046 720 4121 ab
741 4047 931 4102 eadem
972 4048 1109 4117 ipsa,
1141 4062 1306 4117 quam
1342 4059 1541 4101 sanare
1567 4045 1800 4112 volebat,

207 4136 497 4193 mnsilium
521 4153 627 4208 quo
653 4149 940 4195 sanaretur
963 4140 1257 4211 accepisse.
1292 4138 1371 4205 Si,
1396 4139 1594 4209 inquit,
1621 4138 1801 4195 oleum

204 4243 311 4301 pro
338 4229 575 4285 inﬁrmis
590 4241 965 4288 consecratum
991 4233 1168 4288 eidem
1193 4232 1592 4288 medicamento
1620 4247 1804 4302 asper»

206 4321 374 4388 seris,
403 4321 592 4393 sicque
633 4338 722 4379 me
749 4324 1097 4395 perunxeris,
1130 4325 1316 4379 statim
1365 4324 1585 4379 sanitati
1640 4323 1803 4379 resti-

207 4421 354 4467 tuar.
401 4411 537 4469 Nam
566 4414 675 4470 vidi
702 4417 972 4485 quondam
1018 4431 1119 4489 per
1165 4416 1415 4487 spiritum
1466 4416 1521 4471 in
1563 4416 1799 4487 quadam

206 4503 427 4577 longius
446 4506 621 4576 posita
656 4507 895 4571 civitate,
920 4523 1087 4578 quam
1115 4524 1393 4581 nunquam
1425 4508 1798 4579 corporalibus

204 4596 385 4652 oculis
412 4597 543 4663 vidi,
569 4598 803 4670 puellam
831 4602 1126 4670 quamdam
1156 4602 1276 4673 pari
1304 4602 1613 4658 calamitate
1640 4602 1798 4657 labo-

202 4698 424 4746 rantem
472 4690 655 4748 taliter
699 4708 730 4749 a
773 4695 1059 4750 sacerdote
1096 4703 1366 4749 curatam.
1424 4694 1577 4750 Fecit
1615 4702 1676 4749 ut
1704 4694 1797 4750 illa

203 4793 575 4857 suggesserat,
611 4786 905 4857 statimque
948 4787 1102 4843 ulcus
1127 4788 1447 4855 remedium,
1485 4789 1630 4859 quod
1671 4796 1798 4844 ante

204 4885 519 4945 respuerat,
550 4878 800 4949 accipere
835 4879 1133 4935 consensit.
1187 4880 1311 4936 Haec
1355 4887 1545 4936 contra
1577 4878 1795 4935 fraudes

203 4971 514 5027 daemonum
558 4972 748 5043 paucis
793 4972 1068 5045 explicare
1116 4973 1326 5040 curavi,
1370 4982 1431 5028 ut
1474 4988 1640 5045 quam
1685 4987 1794 5027 non

204 5059 415 5119 frustra
443 5062 703 5143 Dominus
725 5078 924 5120 nomen
952 5064 1088 5135 ejus,
1119 5079 1281 5135 quem
1312 5062 1637 5135 expulsurus
1656 5069 1796 5130 erat,

204 5155 439 5225 spiritus
468 5156 837 5229 interrogarit,
865 5156 1154 5229 intelligas.

259 5248 875 5313 INTERROGATIO
922 5250 1072 5311 XVI
1121 5249 1224 5310 ET
1267 5247 1729 5311 RESPONSIO.

277 5344 359 5401 De
384 5360 449 5402 eo
470 5355 651 5403 autem
678 5348 823 5420 quod
844 5349 1238 5420 interrogatum
1261 5356 1368 5413 est,
1398 5361 1521 5417 qum
1542 5345 1613 5401 sit
1636 5361 1800 5403 causa

205 5453 309 5495 cur
335 5437 500 5506 Deus,
530 5448 594 5495 ut
626 5439 846 5507 dicitur,
877 5454 1019 5511 saepe
1041 5439 1094 5495 in
1136 5439 1382 5512 legitimo
1406 5438 1659 5511 conjugio
1679 5452 1801 5510 per-

206 5533 394 5590 mittat
417 5533 548 5590 talia
584 5536 723 5603 ﬁeri,
752 5536 1032 5592 sciendum
1084 5544 1167 5591 est
1198 5534 1328 5606 quia
1356 5544 1415 5590 ut
1444 5550 1475 5589 a
1504 5534 1616 5589 Deo
1647 5534 1806 5589 insti-

206 5634 386 5683 tutum
417 5627 726 5700 coniugium
755 5629 955 5684 bonum
980 5636 1083 5695 est,
1113 5635 1165 5683 et
1190 5642 1351 5683 omne
1385 5635 1668 5698 peccatum
1695 5642 1802 5683 non

207 5735 277 5777 ex
311 5721 531 5793 propria
558 5731 752 5777 natura
781 5721 1044 5789 subsistit;
1076 5721 1274 5776 malum
1304 5722 1503 5793 quippe
1532 5721 1649 5777 sine
1672 5719 1799 5776 sub.

207 5810 417 5874 Stantia
440 5819 550 5882 est,
572 5813 717 5887 quod
756 5820 937 5870 tamen
966 5821 1240 5889 utcunque
1280 5812 1358 5883 tit,
1391 5812 1447 5870 in
1494 5814 1621 5871 boni
1649 5822 1802 5869 natu-

1906 1936 2032 1975 nam
2054 1922 2218 1976 etiam
2247 1922 2495 1979 nolentes
2528 1924 2767 1979 trahant.
2801 1945 2819 1977 ι
2870 1926 2937 1981 Et
2966 1925 3300 1997 Augustinus
3332 1929 3384 1983 in
3430 1928 3493 1983 li-

1906 2014 2006 2099 bro
2047 2016 2222 2086 primo
2262 2017 2326 2071 de
2362 2016 2575 2088 Nuptiis
2606 2027 2660 2074 et
2695 2016 3145 2089 Concupiscentia
3179 2022 3319 2092 (cup.
3350 2020 3444 2090 25)
3471 2034 3493 2077 :

1912 2125 1931 2158 s
1970 2104 2071 2171 Qui
2116 2108 2347 2163 miratur
2393 2110 2520 2179 quia
2575 2119 2824 2165 creatura
2855 2110 2950 2165 Dei
2976 2112 3225 2167 subditur
3253 2112 3491 2181 diabolo,

1906 2215 2015 2255 non
2048 2200 2297 2255 miretur.
2335 2200 2595 2257 Subditur
2635 2202 2781 2257 enim
2806 2210 3058 2258 creatura
3102 2204 3194 2258 Dei
3226 2213 3496 2263 creaturas

1906 2292 2024 2355 Dei,
2059 2293 2239 2350 minor
2283 2292 2497 2361 majori,
2533 2294 2662 2363 quia
2714 2294 2879 2350 homo
2935 2294 3147 2367 angelo,
3177 2312 3276 2352 nec
3312 2306 3496 2354 tamen

1906 2396 2129 2455 propter
2153 2396 2428 2452 naturam,
2459 2386 2555 2443 sed
2582 2396 2808 2459 propter
2838 2389 3051 2455 vitium,
3087 2390 3216 2461 quia
3252 2390 3495 2445 immun-

1906 2478 2006 2533 dus
2039 2479 2335 2534 immundo.
2374 2499 2391 2531 ι
2427 2478 2562 2546 Quia
2606 2490 2661 2535 et
2692 2480 2808 2550 ipse
2851 2482 3095 2538 diabolus
3132 2482 3355 2552 Spiritus
3398 2483 3496 2537 im-

1907 2571 2139 2624 mundus
2168 2580 2271 2625 est.
2304 2570 2370 2624 Et
2401 2570 2587 2639 utique
2618 2571 2816 2627 bonum
2846 2572 2990 2642 quod
3016 2572 3262 2640 Spiritus,
3295 2572 3496 2628 malum
3547 2622 3556 2632 .

1907 2660 2051 2729 quod
2081 2660 2390 2715 immundus
2416 2678 2427 2713 :
2455 2660 2711 2730 quoniam
2761 2661 2988 2730 spiritus
3017 2671 3100 2718 est
3140 2671 3358 2727 natura,
3390 2663 3495 2717 imo

1907 2751 2140 2807 mundus
2164 2760 2247 2806 est
2284 2751 2438 2816 vitio,
2470 2768 2700 2823 quorum
2739 2753 2971 2809 duorum
3019 2752 3150 2812 illud
3181 2771 3211 2810 a
3242 2756 3354 2812 Deo
3386 2763 3492 2821 est,

1909 2843 2012 2898 hoc
2035 2843 2103 2898 ab
2135 2845 2270 2913 ipso.
2296 2842 2413 2899 Non
2441 2844 2628 2916 itaque
2655 2854 2805 2902 tenet
2834 2848 3103 2914 homines,
3132 2847 3249 2904 sive
3276 2847 3499 2916 maioris

1908 2937 2023 2992 sive
2063 2937 2327 2993 infantilis
2359 2938 2559 3004 aetatis,
2604 2947 2829 3010 propter
2858 2938 3005 3009 quod
3057 2939 3307 2997 homines
3345 2946 3496 3005 sunt.

1908 3032 2003 3087 sed
2028 3041 2251 3101 propter
2285 3032 2429 3101 quod
2459 3032 2718 3088 immundi
2746 3040 2891 3088 sunt.
2924 3031 2993 3087 Et
3025 3031 3079 3087 in
3111 3030 3250 3087 libro
3271 3030 3338 3087 de
3361 3029 3502 3089 Gra-

1911 3124 1985 3178 tia
2012 3132 2065 3177 et
2089 3123 2259 3179 libero
2281 3123 2784 3195 Arbitrio(cap.2l)
2802 3142 2814 3178 :
2832 3142 2853 3179 ι
2880 3122 3076 3181 Fixum
3103 3122 3268 3186 enim.
3299 3121 3495 3191 inquit,

1830 3173 1879 3239 C
1914 3217 2074 3270 debet
2094 3230 2212 3271 esse
2241 3225 2298 3272 et
2324 3173 2601 3273 immobile
2624 3173 2683 3271 in
2708 3216 2875 3273 corde
2892 3224 3095 3281 vestro,
3125 3215 3252 3286 quia
3283 3229 3391 3273 non
3413 3222 3499 3270 est

1911 3306 2173 3375 iniquitas
2202 3306 2346 3377 apud
2388 3306 2578 3361 Deum.
2617 3306 2696 3362 Ac
2737 3321 2834 3376 per
2863 3308 2967 3363 hoc
2988 3305 3204 3375 quando
3233 3303 3411 3375 legitis
3441 3302 3499 3361 in

1910 3395 2107 3450 litteris
2141 3396 2410 3462 veritatis,
2440 3412 2471 3450 a
2503 3396 2615 3452 Deo
2658 3396 2845 3452 seduci
2877 3395 3147 3460 homines,
3174 3403 3268 3451 aut
3300 3394 3500 3450 obtun-

1908 3486 1964 3541 di
1993 3486 2078 3541 vel
2107 3487 2367 3543 obdurari
2394 3487 2555 3542 corda
2598 3503 2811 3553 eorum,
2868 3488 3037 3544 nolite
3076 3486 3324 3545 dubitare
3350 3498 3497 3555 prat-

1907 3579 2141 3634 cessisse
2172 3579 2312 3634 mala
2356 3581 2552 3635 merita
2582 3594 2794 3646 eorum,
2822 3589 2883 3636 ut
2914 3581 3063 3652 juste
3097 3580 3199 3637 ista
3239 3587 3495 3648 pateren-

1910 3678 2018 3737 tur,
2046 3686 2114 3726 ne
2150 3672 2443 3728 incurratis
2476 3671 2608 3728 illud
2638 3671 2990 3743 proverbium
3016 3670 3369 3729 Salomonis:
3409 3668 3497 3727 lu:-

1908 3765 2162 3835 sipientia
2198 3765 2296 3820 viri
2325 3763 2491 3821 violat
2515 3764 2633 3821 vias
2654 3765 2800 3836 ejus,
2830 3765 3002 3823 Deum
3030 3773 3209 3821 autem
3238 3771 3496 3823 causatur

1908 3858 1964 3913 in
1990 3859 2155 3913 corde
2184 3873 2303 3914 suo.
2335 3877 2355 3911 ι

1986 3947 2591 4011 INTERROGATIO
2608 3947 2791 4010 XVII
2816 3949 2917 4008 ET
2954 3946 3412 4010 RESPONSIO.

1978 4051 2055 4119 De
2081 4065 2148 4106 eo
2178 4050 2443 4121 siquidem
2472 4048 2617 4120 quod
2644 4048 3042 4120 interrogatum
3068 4058 3173 4114 est,
3203 4057 3265 4103 ut
3286 4048 3330 4104 si
3354 4047 3496 4105 forte

1907 4145 2046 4201 tales
2070 4145 2175 4201 viri
2205 4143 2459 4209 malefici,
2484 4143 2570 4199 vel
2586 4142 2991 4201 .incantatrices
3018 4141 3234 4197 feminae
3261 4141 3495 4197 inventa

1906 4238 2129 4305 fuerint,
2160 4238 2288 4310 quid
2317 4239 2385 4293 de
2414 4236 2723 4304 huiusmodi
2752 4236 2869 4291 ﬁeri
2899 4236 3115 4301 debeat,
3139 4244 3362 4290 sanctus
3384 4234 3495 4291 Leo

1906 4331 2151 4388 scribens
2185 4330 2253 4385 ad
2290 4330 2575 4401 episcopos
2609 4343 2708 4400 per
2735 4327 3021 4383 universas
3055 4326 3366 4398 provincias
3393 4326 3492 4382 de-

1906 4429 2180 4480 monstrat
2207 4421 2378 4494 (epist.
2411 4421 2501 4487 Il,
2552 4420 2808 4492 episcOpis
2850 4433 2942 4489 per
2979 4416 3263 4489 Italiam):
3311 4435 3329 4468 ε
3376 4415 3493 4471 Ali-

1911 4516 2126 4587 quanti,
2160 4515 2432 4588 inquiens,
2462 4512 2729 4580 malefici,
2760 4512 2851 4583 qui
2891 4512 2964 4567 ita
2997 4526 3057 4567 se
3085 4510 3489 4576 demerserant,

1909 4618 1970 4665 ut
1995 4609 2200 4664 nullum
2246 4608 2332 4665 his
2374 4605 2691 4662 auxiliantis
2733 4611 2916 4676 posset
2954 4603 3250 4660 remedium
3300 4603 3496 4659 subve-

1912 4703 2049 4766 nire,
2077 4698 2277 4756 subditi
2301 4698 2534 4770 legibus,
2561 4696 2864 4775 secundum
2886 4695 3320 4752 Christianorum
3347 4695 3495 4766 prin-

1907 4792 2087 4864 cipum
2107 4790 2422 4857 constituta,
2447 4803 2514 4845 ne
2534 4795 2784 4845 sanctum
2808 4801 3028 4859 gregem
3049 4801 3146 4842 sua
3166 4785 3497 4857 contagione

1903 4885 2228 4957 polluerent,
2243 4898 2341 4956 per
2365 4881 2609 4953 publicos
2629 4880 2843 4952 iudices
2860 4887 3123 4950 perpetuo
3147 4886 3274 4933 sunt
3297 4871 3494 4933 exsilio
3542 4942 3553 4947 g

1902 4976 2151 5049 relegati.
2183 4996 2203 5031 ι
2258 4975 2327 5031 Ει
2363 4982 2487 5047 post
2522 4974 2842 5045 aliquanta:
2876 4991 2896 5026 ι
2928 4970 3099 5026 Aliter
3139 4970 3284 5025 enim
3334 4967 3492 5024 nobis

1908 5068 2231 5124 commissos
2258 5080 2446 5138 regere
2473 5081 2581 5122 non
2610 5077 2924 5137 possumus,
2950 5061 3058 5116 nisi
3088 5060 3207 5128 hos,
3236 5059 3327 5130 qui
3363 5068 3493 5115 sunt

1903 5160 2208 5232 perditores
2234 5168 2291 5215 et
2316 5159 2537 5233 perditi,
2574 5159 2691 5215 zelo
2720 5157 2843 5213 ﬁdei
2874 5154 3173 5211 Dominicte
3196 5168 3492 5224 persequa-

1896 5254 2053 5322 ‘ntnr,
2076 5264 2132 5310 et
2159 5271 2189 5310 a
2220 5255 2367 5310 sanis
2394 5252 2687 5318 mentibus,
2710 5265 2778 5307 ne
2800 5248 2971 5322 pestis
2996 5248 3114 5303 haec
3139 5244 3299 5300 latius
3321 5243 3495 5299 divul-

1904 5358 2085 5420 getur,
2132 5347 2424 5403 severitate
2457 5358 2564 5416 qua
2594 5356 2887 5414 possumus
2927 5336 3290 5394 abscidamus.
3339 5332 3493 5390 Unde

1904 5437 2099 5493 hortor
2126 5436 2472 5492 dilectionem
2504 5442 2768 5497 vestram,
2803 5430 3072 5496 obtestor,
3101 5435 3157 5484 et
3182 5440 3397 5491 moueo,
3415 5433 3493 5478 'ut

1907 5545 2014 5603 qua
2043 5529 2253 5584 debetis
2284 5536 2339 5582 et
2370 5527 2597 5598 potestis
2625 5523 2990 5581 sollicitudine
3019 5520 3275 5593 vigiletis,
3310 5518 3376 5573 ad
3405 5518 3489 5573 in-

1904 5621 2254 5694 vestigandos
2304 5633 2439 5685 eos,
2494 5616 2688 5673 necubi
2742 5613 3056 5671 occultandi
3110 5627 3168 5669 se
3216 5611 3493 5682 reperiant

1905 5717 2243 5773 facultatem.
2295 5710 2368 5770 Ut
2394 5713 2541 5770 enim
2567 5711 2791 5768 habebit
2817 5726 2848 5765 a
2876 5711 2987 5767 Deo
3014 5710 3204 5783 ingens
3234 5722 3487 5765 remune-

1909 5807 2140 5865 rationis
2166 5804 2449 5880 prazmium
2467 5844 2484 5874 ,
2528 5803 2621 5877 qui
2650 5802 2959 5878 diligentius
2985 5801 3130 5878 quod
3160 5802 3229 5860 ad
3258 5800 3491 5859 salutem
