4026 6340
581 444 688 502 727

1570 425 1905 488 HINCMABI
1941 421 2338 482 RHEMENSIS
2373 415 2892 478 ARCHIEPISCOPI

3697 422 3778 486 τις

589 559 898 614 commissa:
930 554 1033 610 sibi
1069 551 1242 622 plebis
1270 546 1534 618 ριοῐίεἰθι·
1550 543 1713 600 fuerit
1747 549 2064 602 exsecutus,
2092 537 2168 593 ita
2194 543 2248 604 Α
2271 535 2460 607 regula
2483 533 2855 606 quinquennio
2886 530 3110 602 jaceant
3139 531 3432 585 secundum
3455 529 3633 601 gradus
3649 539 3787 605 peni.

588 664 716 706 ante
747 646 980 705 tribunal
1007 643 1173 718 664
1200 641 1414 698 Domini
1450 641 1517 694 de
1553 649 1701 693 reatu
1733 634 2072 707 negligentiae
2107 648 2166 689 se

585 758 697 797 non
723 739 924 810 poterit
950 750 1214 791 excusare
1234 733 1546 802 quicunque
1567 727 1776 799 plebem
1802 741 1953 780 suam
1978 733 2168 780 contra

590 831 870 900 sacrilegae
899 824 1267 897 persuasionis
1294 830 1543 876 auctores
1569 817 1802 873 noluerit
1827 815 2118 871 custodire.
2142 831 2161 864 ι

663 923 730 978 Ει
777 928 998 976 sanctus
1043 915 1338 988 Gregorius
1387 913 1458 967 ad
1502 910 1831 983 Cyprianum
1880 905 2168 960 diaconum

591 1016 706 1087 (lib.
733 1031 831 1079 xu,
858 1014 1011 1084 epist.
1039 1010 1170 1083 1'5):
1205 1027 1224 1060 ι
1259 1008 1356 1063 Vir
1397 1003 1775 1062 sanctissimus
1810 999 2168 1055 Maximianus

592 1108 944 1177 coepiscopus
970 1112 1177 1166 noster,
1205 1099 1504 1155 Ecclesiam
1535 1095 1629 1151 Dei
1655 1093 1839 1165 pravis
1862 1089 2174 1147 hominibus

594 1211 828 1266 purgare
860 1191 1198 1255 desiderans,
1229 1186 1576 1243 laudabiliter
1603 1199 1732 1253 erga
1762 1179 2169 1238 ecclesiastico-

595 1303 713 1340 rum
737 1287 932 1354 vitam,
955 1284 1096 1340 sicut
1119 1282 1286 1348 nosti,
1308 1279 1568 1336 sollicitus
1591 1277 1708 1331 fuit.
1727 1274 1829 1342 Qui
1845 1275 1971 1329 dum
1984 1287 2175 1328 eorum

595 1386 749 1433 actus
769 1377 1059 1447 vigilanter
1083 1389 1210 1445 cura
1239 1369 1500 1444 pastorali
1531 1367 1858 1430 intenderet,
1886 1362 2175 1427 maleﬁcio,

598 1468 743 1538 quod
771 1466 931 1537 vulgo
959 1473 1239 1520 canterma
1274 1462 1494 1526 dicitur,
1535 1458 1800 1529 quosdam
1829 1455 2022 1511 didicit
2056 1467 2175 1508 ma-

599 1558 829 1622 culatos,
860 1571 997 1627 quos
1026 1555 1215 1620 etiam,
1244 1553 1386 1609 sicut
1411 1559 1467 1606 et
1491 1547 1800 1604 dilectionis
1828 1555 1933 1601 tua!
1963 1544 2180 1600 nuntia-

597 1650 677 1705 vit
704 1650 933 1719 epistola
954 1689 968 1714 ,
1005 1647 1155 1702 dedit
1181 1646 1234 1700 in
1263 1642 1508 1700 custodia
1537 1641 1870 1696 retinendos.
1921 1637 2026 1694 Sed
2053 1636 2180 1706 quia

597 1743 839 1812 peccatis
868 1741 1070 1797 nostris
1097 1737 1423 1795 facientibus
1447 1743 1623 1789 morte
1647 1739 1954 1804 praeventus
1973 1730 2180 1785 crimen

599 1835 778 1905 ipsum
808 1831 994 1888 ulcisci
1022 1845 1128 1886 non
1159 1829 1362 1894 valuit,
1390 1840 1616 1884 necesse
1643 1833 1729 1880 est
1756 1830 1817 1877 ut
1843 1821 2060 1877 dilectio
2091 1828 2181 1874 tua

2269 626 2453 683 tentia:
2466 623 2742 681 difﬁnitos.
2756 646 2774 678 ι
2794 626 2873 680 Ex
2891 623 3123 680 concilio
3135 621 3455 679 Bracarensi
3469 623 3548 694 (ιι)
3559 623 3705 694 capite
3717 625 3781 679 70.

2275 735 2294 770 ι
2317 716 2372 773 Si
2402 717 2522 787 quis
2543 732 2877 787 paganorum
2899 713 3353 770 consuetudinem
3375 727 3610 782 sequens,
3625 715 3788 770 divinos

2270 818 2326 866 et
2373 809 2654 877 sortilegos
2687 807 2852 880 665
2895 807 2950 862 in
2983 806 3199 861 domum
3241 820 3396 860 suam
3446 804 3785 873 introduxerit,

2271 902 2426 972 quasi
2442 909 2502 954 ut
2515 900 2716 955 malum
2740 898 2886 954 foras
2908 897 3148 960 mittant,
3163 905 3257 951 aut
3276 894 3539 952 maleﬁcia
3553 896 3788 962 inveniant,

2242 992 2356 1074 .vel
2399 993 2742 1047 lustrationes
2769 1005 3104 1063 paganorum
3138 987 3386 1054 faciant,
3423 987 3640 1057 quinque
3674 989 3792 1044 annis

2273 1084 2648 1154 paenitentiam
2685 1093 2865 1155 agam
2891 1082 2959 1136 Et
2979 1081 3158 1151 capite
3185 1080 3250 1134 7i
3285 1094 3302 1133 :
3333 1098 3352 1131 ι
3372 1077 3488 1134 Νοιι
3513 1076 3657 1133 liceat
3676 1077 3794 1132 Chri-

2275 1176 2464 1230 stianis
2499 1183 2686 1229 tenere
2737 1173 3057 1228 traditiones
3108 1171 3412 1241 gentilium,
3464 1177 3517 1225 et
3562 1170 3794 1224 observare

2277 1265 2363 1320 vel
2390 1265 2572 1320 colere
2597 1265 2885 1328 elementa,
2912 1272 3008 1318 aut
3037 1262 3178 1317 luna:
3199 1270 3293 1316 aut
3321 1259 3586 1316 stellarum
3604 1273 3793 1324 cursum,

2279 1367 2375 1412 aut
2404 1358 2620 1412 inanem
2651 1357 2930 1427 signorum
2975 1353 3244 1410 fallaciam
3283 1366 3384 1424 pro
3409 1351 3560 1406 domo
3587 1349 3795 1413 facienda,

2279 1451 2366 1505 vel
2409 1460 2635 1520 propter
2670 1456 2916 1519 segetes,
2967 1445 3056 1502 vel
3101 1444 3326 1500 arbores
3380 1440 3700 1513 plantandas,
3734 1441 3794 1494 vel

2282 1541 2534 1612 conjugia
2559 1540 2840 1596 socianda.
2867 1537 3142 1607 Scriptum
3167 1544 3254 1592 est
3279 1534 3424 1590 enim
3452 1551 3466 1586 ε
3501 1529 3669 1587 Omnia
3692 1547 3796 1601 que-

2283 1648 2483 1704 cunque
2515 1631 2711 1701 facitis,
2743 1638 2837 1684 aut
2865 1630 2919 1682 in
2945 1627 3121 1689 uerbo,
3146 1634 3239 1679 aut
3287 1625 3345 1679 in
3388 1639 3551 1694 opere,
3593 1621 3733 1675 omnia
3760 1621 3797 1674 iit

2284 1726 2492 1780 nomine
2551 1723 2761 1778 Domini
2811 1721 2979 1776 nostri
3033 1719 3164 1775 Iesu
3210 1716 3409 1773 Christi
3452 1716 3612 1784 facile,
3653 1713 3798 1783 gratias

2285 1829 2494 1891 agentes
2526 1819 2635 1873 Deo
2666 1817 2804 1889 (Col.
2833 1834 2918 1882 ιιι,
2941 1817 3051 1888 17).
3088 1835 3106 1868 ι
3132 1814 3202 1871 Et
3230 1830 3353 1886 cap.
3379 1813 3447 1868 72
3474 1829 3488 1867 :
3517 1829 3537 1864 ι
3567 1809 3666 1866 Νοιι
3685 1808 3797 1864 liceat

602 1899 726 1981 cum
757 1923 906 1978 omni
949 1923 1053 1977 hoc
1093 1919 1392 1976 subtilitate
1427 1917 1687 1987 indagare
1716 1912 1975 1978 festinet,
2022 1919 2186 1980 atque
2211 1899 2261 1960 Β
2289 1912 2343 1966 in
2374 1910 2786 1967 collectionibus
2811 1909 3130 1974 herbarum,
3167 1921 3292 1976 qua:
3333 1901 3658 1960 medicinales
3695 1906 3796 1963 sunt,

603 2019 680 2074 ita
713 2018 768 2072 in
796 2030 890 2072 eos
919 2013 1217 2070 secundum
1249 2011 1646 2066 immanitatem
1673 2003 1931 2061 facinoris
1970 2001 2186 2072 studeat

604 2109 905 2173 vindicare,
937 2104 1172 2177 qualiter
1196 2101 1493 2159 secundum
1533 2099 1680 2170 leges
1720 2111 1884 2165 supra
1924 2094 2186 2162 scriptum

606 2200 921 2273 episcopum
945 2197 1062 2252 zelo
1082 2192 1440 2251 correctionis
1461 2206 1524 2246 ac
1539 2188 1764 2260 iustitiae
1786 2186 1840 2241 in
1863 2185 1966 2240 hac
1985 2183 2190 2238 ultione

605 2298 831 2363 propter
858 2289 1026 2344 Deum
1065 2286 1216 2341 novit
1245 2283 1485 2354 potuisse
1516 2281 1561 2336 si
1593 2280 1804 2334 viveret
1837 2274 2186 2332 commoveri.

608 2380 766 2439 Omni
796 2394 924 2450 ergo
953 2378 1178 2442 virtute,
1208 2373 1464 2443 omnique
1502 2370 1795 2435 instantia,
1842 2379 1935 2424 tua
1975 2365 2192 2422 dilectio

608 2475 666 2529 in
697 2473 798 2528 hac
827 2484 989 2526 causa
1017 2468 1192 2524 zelum
1222 2481 1377 2523 suum
1410 2479 1540 2534 erga
1565 2462 1992 2532 omnipotentem
2020 2459 2191 2513 Deum

611 2571 766 2620 curet
799 2561 1115 2623 ostendere,
1154 2565 1208 2613 et
1243 2556 1480 2612 inimicis
1517 2553 1662 2609 illius
1692 2549 2080 2607 adversitatem
2111 2547 2193 2602 di-

611 2670 775 2727 gnam
807 2651 1028 2709 inﬁictis
1053 2649 1350 2706 ultionibus
1383 2646 1675 2710 exhibere,
1711 2653 1774 2698 ut
1801 2641 2023 2712 impleat
2049 2638 2194 2711 quod

614 2748 880 2818 scriptum
907 2754 1026 2800 erat
1050 2761 1064 2798 :
1100 2739 1290 2797 Nonne
1316 2739 1406 2811 qui
1434 2741 1653 2794 oderunt
1681 2745 1752 2802 te,
1796 2734 2042 2798 Domine,
2071 2732 2198 2786 ode-

612 2855 770 2902 ram,
820 2845 867 2890 et
913 2850 1070 2906 super
1111 2833 1350 2887 inimicos
1401 2840 1516 2884 tuos
1567 2825 1946 2882 tabescebam?
2002 2824 2020 2888 (
2045 2821 2194 2877 Psal.

615 2943 882 2993 cxxxvm,
910 2925 1028 2997 21.)
1077 2923 1134 2979 Si
1164 2922 1329 2994 igitur
1355 2921 1459 2976 hoc
1489 2919 1606 2974 zelo
1634 2917 1853 2972 dilectio
1881 2923 1974 2969 tua
2004 2928 2201 2970 accen-

619 3022 789 3086 ditur,
825 3018 882 3074 in
909 3033 1005 3074 eos
1035 3016 1125 3086 qui
1157 3015 1327 3071 Deum
1355 3013 1725 3084 reliquerunt,
1767 3017 1822 3066 et
1857 3016 2047 3064 contra
2074 3021 2199 3061 eum

618 3111 905 3169 maleﬁciis
933 3110 1137 3181 aliquid
1165 3115 1424 3179 egerunt,
1456 3121 1615 3177 poena
1647 3111 2001 3158 monstretur.
2047 3099 2200 3167 Quod

622 3205 670 3259 si
702 3211 852 3258 recte
877 3201 988 3256 illic
1014 3199 1239 3268 exsequi
1268 3212 1376 3254 non
1408 3196 1577 3258 vales,
1606 3193 1765 3250 nobis
1794 3192 1885 3263 qui
1917 3191 2053 3247 tales
2081 3196 2206 3245 sunt

623 3290 926 3347 transmitti
951 3290 1181 3353 debent,
1208 3288 1256 3343 si
1285 3297 1466 3343 tamen
1493 3285 1584 3341 hic
1614 3283 1904 3340 monstrari
1931 3280 2202 3351 potuerit,

625 3383 771 3440 unde
802 3383 910 3438 illic
946 3387 1176 3452 possunt
1201 3378 1406 3449 absque
1433 3375 1748 3432 difﬁcultate
1775 3373 2043 3430 convinci.
2097 3371 2206 3427 Sed

628 3477 756 3547 quia
794 3476 899 3530 hoc
935 3469 1269 3543 impossibile
1297 3483 1420 3524 esse
1447 3468 1723 3532 existimo,
1762 3466 1871 3522 illic
1899 3481 1997 3542 per
2029 3473 2080 3519 te
2109 3463 2206 3518 de-

628 3539 721 3624 bet
749 3539 1200 3632 districta—atque
1235 3559 1393 3616 fortis
1429 3558 1697 3630 correctio
1730 3539 2038 3628 provenire.
2071 3574 2090 3607 ι
2141 3552 2212 3608 Et

629 3658 700 3712 ad
728 3655 1048 3710 Januarium
1079 3652 1392 3722 episcopum
1423 3648 1690 3704 Sardiniae
1715 3647 1828 3719 (lib.
1851 3662 1952 3712 vn,
1981 3646 2092 3699 ind.
2118 3644 2206 3708 H,

629 3749 783 3820 epist.
808 3745 900 3816 66)
927 3762 941 3798 :
976 3761 996 3795 ι
1021 3741 1224 3798 Contra
1267 3741 1532 3796 idolorum
1563 3754 1779 3810 quoque
1820 3738 2058 3795 cultores
2079 3777 2095 3802 ,
2125 3734 2212 3791 vel

631 3843 942 3912 aruspicum
963 3847 1127 3908 atque
1146 3835 1544 3908 sortilegorum,
1562 3833 1958 3890 fraternitatem
1975 3838 2213 3885 vestram

633 3932 1007 3988 vehementius
1037 3927 1297 4000 pastorali
1326 3927 1609 3983 hortamur
1637 3923 1918 3995 invigilare
1942 3921 2213 3986 custodia,

638 4035 801 4094 atque
826 4022 1039 4094 publice
1071 4021 1127 4076 in
1163 4018 1364 4091 populo
1399 4027 1589 4074 contra
1627 4015 1788 4086 hujus
1817 4015 1898 4070 rei
1925 4014 2072 4069 viros
2101 4026 2216 4068 ser-

637 4131 852 4174 monem
884 4115 1088 4180 facere,
1119 4127 1326 4183 eosque
1355 4126 1386 4166 a
1413 4109 1552 4165 tanti
1577 4107 1699 4164 labe
1728 4105 2107 4176 sacrilegii,~et
2135 4101 2218 4158 di-

635 4212 749 4267 vini
777 4211 1080 4266 iutentione
1115 4205 1340 4276 judicii,
1388 4212 1444 4260 et
1487 4202 1770 4275 praesentis
1796 4201 1922 4255 vitae
1950 4196 2214 4270 periculo,

639 4303 1020 4360 adhortatione
1041 4297 1283 4356 suasoria
1306 4309 1580 4351 revocare.
1605 4293 1753 4362 Quos
1777 4302 1954 4348 tamen
1973 4290 2019 4346 si
2039 4303 2220 4346 emen-

642 4395 771 4449 dare
810 4407 870 4447 se
911 4408 941 4446 a
982 4390 1180 4445 talibus
1219 4395 1383 4457 atque
1420 4385 1695 4456 corrigere
1739 4382 1881 4439 nolle
1924 4379 2217 4451 repereris,

644 4485 876 4541 ferventi
905 4480 1367 4552 comprehendere
1397 4478 1513 4534 zelo
1542 4486 1594 4532 te
1620 4475 1870 4532 volumus
1895 4493 1908 4530 :
1941 4483 1998 4529 et
2023 4472 2071 4529 si
2099 4472 2221 4543 qui-

640 4577 764 4631 dem
794 4572 938 4629 servi
975 4580 1132 4636 sunt,
1164 4569 1481 4627 verberibus
1527 4567 1995 4636 cruciatibusque,
2024 4566 2220 4636 quibus

643 4667 714 4722 ad
740 4663 1175 4720 emendationem
1215 4662 1498 4733 pervenire
1530 4659 1778 4722 valeant,
1826 4659 2125 4730 castigare;
2173 4656 2220 4713 si

641 4756 992 4833 veroliberi,
1041 4755 1340 4811 inclusione
1367 4753 1528 4825 digna
1565 4752 1922 4822 districtaque
1958 4751 2015 4807 in
2050 4749 2225 4821 poeni-

640 4849 870 4904 tentiant
900 4859 1025 4904 sunt
1057 4845 1353 4918 redigendi,
1381 4858 1443 4900 ut
1471 4844 1564 4916 qui
1591 4843 1830 4899 salubria
1870 4851 1924 4898 et
1961 4857 1993 4896 a
2031 4841 2226 4897 mortis

640 4939 884 5020 periculo
915 4938 1228 4994 revocantis
1268 4937 1456 4992 audire
1480 4935 1644 4991 verba
1673 4941 2058 4999 contemnunt,
2103 4947 2226 4988 cru-

641 5030 820 5086 ciatus
853 5029 1048 5084 saltem
1095 5043 1189 5083 cos
1233 5026 1482 5097 corporis
1519 5026 1587 5081 ad
1623 5023 1989 5080 desideratam
2027 5022 2226 5078 mentis

643 5119 822 5175 valeat
851 5119 1113 5174 reducere
1145 5116 1456 5172 sanitatem.
1491 5134 1510 5168 ι
1566 5115 1634 5169 Ει
1672 5115 1804 5170 item
1835 5115 1887 5169 in
1915 5113 2105 5168 Edicto
2129 5127 2224 5168 ca-

642 5210 843 5266 nonico
874 5209 1058 5282 (Greg.
1085 5207 1163 5274 ll,
1200 5209 1255 5261 in
1281 5206 1469 5277 synod.
1505 5205 1685 5271 Rom.,
1717 5221 1767 5260 c.
1796 5203 1922 5276 12):
1956 5222 1974 5254 ι
2009 5202 2066 5257 Si
2104 5203 2227 5272 quis

649 5301 885 5366 ariolos,
937 5300 1246 5368 aruspices,
1285 5297 1371 5351 vel
1416 5297 1784 5352 incantatores
1823 5293 2224 5359 observaverit,

649 5405 745 5450 aut
763 5393 1114 5465 phylacteriis
1148 5406 1278 5446 usus
1297 5389 1482 5453 fuerit,
1502 5391 1792 5445 anathema
1815 5389 1903 5442 sit.
1921 5387 1987 5441 Et
2009 5401 2232 5456 respon-

646 5487 844 5543 derunt
869 5499 1058 5539 omnes
1087 5484 1248 5540 tertio
1275 5499 1288 5537 :
1317 5483 1620 5537 Anathema
1651 5481 1740 5536 sit.
1773 5500 1790 5532 ι
1819 5480 1885 5535 Ει
1919 5481 1970 5535 in
2001 5478 2231 5534 concilio

652 5577 967 5647 Ancyrano,
992 5575 1170 5647 capite
1195 5573 1456 5646 vicesimo
1483 5572 1676 5626 tertio:
1699 5590 1716 5623 ι
1739 5571 1840 5637 Qui
1867 5569 2231 5626 divinationes

646 5680 938 5740 expetunt,
988 5679 1042 5725 et
1083 5683 1235 5723 more
1278 5666 1558 5739 gentilium
1589 5666 2012 5733 subsequuntur,
2051 5661 2228 5718 autin

648 5765 838 5819 domos
872 5779 1000 5817 suas
1027 5761 1336 5832 huiusmodi
1376 5760 1624 5814 homines
1661 5759 2010 5812 introducunt
2039 5756 2231 5826 exqui-

648 5853 804 5914 rendi
834 5851 1037 5926 aliquid
1067 5860 1185 5909 arte
1212 5849 1458 5910 maleﬁca
1485 5848 1569 5907 vel
1597 5849 1851 5922 expiandi
1888 5863 2088 5919 causa,
2127 5848 2228 5908 sub

803 5967 850 6006 ,Ἡ
1100 5959 1124 5970 -.
1207 5945 1234 5966 ο
1295 5969 1335 5991 ι,
1357 5983 1364 5990 ι
1457 5942 1522 5978 ς
1551 5969 1568 5994 ὶ,
1801 5974 1803 5976 η

844 5995 876 6024 (ο
1012 6004 1015 6008 π
1750 6010 1752 6013 .

2290 2002 2500 2073 aliquas
2533 2001 2964 2064 observationes,
3014 2005 3107 2054 aut
3142 1996 3534 2052 incantationes
3567 1992 3796 2052 attendere.

2290 2094 2393 2148 nisi
2423 2101 2631 2148 tantum
2667 2107 2790 2147 cum
2817 2089 3062 2162 symbolo
3092 2089 3300 2154 divino,
3331 2095 3386 2141 et
3406 2085 3640 2142 Oratione
3667 2079 3797 2136 Domi-

2291 2186 2437 2250 nica,
2470 2192 2530 2238 ut
2572 2191 2781 2238 tantum
2823 2182 2966 2237 Deus
2992 2188 3207 2236 creator
3251 2177 3490 2235 omnium
3518 2182 3568 2230 et
3608 2171 3798 2227 Dominus

2293 2278 2611 2333 honoretur.
2647 2297 2664 2328 ι
2698 2277 2768 2331 ΕΙ.
2796 2292 2916 2346 cap.
2947 2275 3046 2328 75:
3069 2292 3088 2326 ι
3111 2272 3232 2328 Non
3264 2271 3426 2326 liceat
3449 2267 3674 2324 mulieres
3688 2261 3796 2318 Chrio

2294 2369 2471 2424 tianas
2503 2350 2742 2438 aliquam
2785 2366 3080 2421 vanitatem
3131 2364 3186 2418 in
3237 2363 3353 2419 suis
3404 2357 3633 2415 laniﬁciis
3665 2354 3797 2410 obser-

2293 2475 2446 2527 vare,
2478 2459 2572 2514 sed
2599 2458 2770 2514 Deum
2797 2459 3053 2513 invocent
3083 2453 3413 2524 adiutorem,
3437 2450 3525 2521 qui
3553 2448 3623 2503 eis
3646 2444 3797 2513 sapien-

2296 2554 2429 2609 tiam
2476 2551 2693 2608 texendi
2743 2551 2986 2606 donavit.
3025 2569 3043 2601 ι
3093 2549 3162 2604 Et
3207 2547 3270 2604 in
3323 2543 3544 2603 concilio
3591 2533 3798 2605 Carthagi-

2297 2645 2454 2702 nensi
2498 2645 2597 2716 (tv)
2632 2658 2754 2716 cap.
2783 2643 2853 2699 89
2884 2660 2898 2697 :
2948 2659 2966 2692 ι
2994 2639 3257 2712 Auguriis
3300 2636 3386 2693 vel
3429 2626 3797 2716 incantationibus

2298 2715 2626 2797 servientem
2656 2715 2985 2792 aconventu
3021 2730 3284 2787 Ecclesiae
3326 2722 3672 2798 separandum,
3693 2715 3797 2773 simi-

2300 2830 2426 2886 liter
2453 2838 2508 2886 et
2547 2828 2788 2886 Judaicis
2817 2825 3300 2898 superstitionibus
3326 2820 3411 2878 vel
3436 2817 3575 2874 feriis
3608 2813 3798 2870 inhaeren-

2302 2932 2435 2978 tem.
2468 2939 2487 2973 ι
2538 2919 2606 2975 Et
2635 2919 2687 2974 in
2739 2918 2879 2973 libro
2907 2916 3086 2989 primo
3114 2915 3182 2971 de
3224 2910 3475 2986 capitulis
3519 2907 3798 2989 Augustorunt

2305 3013 2446 3085 (cap.
2472 3012 2538 3067 21
2573 3025 2590 3065 :
2629 3028 2649 3062 ι
2688 3008 2761 3065 Ut
2789 2985 3062 3072 coclearii,
3093 2985 3353 3068 maleﬁci,
3384 3001 3704 3056 incantatores
3721 2985 3798 3042 ﬁeri

2308 3121 2416 3161 non
2446 3105 2717 3168 sinantur,
2749 3115 2888 3172 quos
2911 3100 2968 3156 in
2996 3097 3222 3154 Simone
3246 3095 3404 3166 Mago
3431 3087 3698 3147 terribiliter
3715 3094 3801 3134 con-

2311 3207 2420 3252 stat
2447 3210 2570 3252 esse
2619 3195 2926 3249 damnatos.
2972 3211 2991 3245 ι
3043 3190 3111 3246 Ει
3156 3189 3210 3244 in
3265 3183 3488 3244 concilio
3529 3173 3798 3235 Eliberitano.

2311 3289 2490 3358 capite
2520 3294 2713 3341 sexto:
2749 3302 2770 3337 ι
2803 3282 2860 3338 Si
2887 3281 3012 3353 quis
3034 3277 3306 3336 maleﬁcio
3331 3271 3599 3331 interﬁciat
3621 3264 3799 3358 alterum.

2312 3354 2398 3436 eo_
2418 3378 2563 3449 quod
2610 3377 2727 3432 sine
2777 3371 3080 3430 idololatria
3119 3369 3387 3441 perﬁcere
3420 3378 3519 3419 non
3547 3354 3705 3430 potuit,
3735 3359 3800 3402 υθθ

2313 3473 2368 3526 in
2414 3471 2524 3526 ﬁne
2581 3466 2996 3539 impertiendam
3056 3477 3178 3518 esse
3240 3461 3315 3516 illi
3379 3449 3796 3539 communionem!

2315 3561 2604 3617 Sciendum
2633 3533 2811 3614 tamen
2839 3565 2924 3612 est
2949 3555 3077 3627 quia
3102 3555 3221 3610 haec
3248 3545 3584 3609 districtionis
3611 3533 3800 3627 severint

2316 3671 2385 3711 ex
2412 3651 2642 3708 concilio
2683 3625 3018 3704 Eliberitano
3042 3661 3171 3718 erga
3195 3660 3293 3700 eos
3318 3641 3407 3714 qui
3437 3653 3535 3694 non
3560 3625 3800 3718 resipiscit!"

2316 3710 2593 3801 observari
2617 3741 2852 3796 debebit.
2870 3710 3160 3803 Caeterum,
3175 3710 3496 3805 juxta'beati
3512 3710 3801 3805 Caelestinide‘

2316 3843 2489 3898 creta,
2519 3832 2647 3888 nulli
2679 3838 2767 3886 est
2802 3799 3210 3900 recognoscenti
3240 3825 3428 3882 ultima
3463 3805 3723 3904 paenitentia

2607 3922 2674 3976 Et
2694 3885 2774 3976 sic
2808 3885 3030 3990 Magnus
3049 3918 3161 3974 Leo
3188 3931 3330 3989 papa
3351 3885 3572 3969 decrevit
3593 3885 3798 3996 Wu'f?’

2319 3985 2612 4070 advTheod.
2643 3985 2954 4082 Forojutj:
2982 4027 3002 4062 ι
3037 4008 3130 4064 His
3152 3985 3247 4078 qui
3264 3985 3320 4062 in
3347 4010 3568 4070 tempore
3589 3985 3800 4082 ηεοεεείίῖ

2319 4107 2414 4173 tis,
2442 4113 2497 4161 et
2529 4105 2583 4160 in
2610 4079 2834 4176 periculi
2862 4079 3106 4171 urgentis
3139 4096 3418 4158 instantia,
3439 4081 3700 4162 praesidium

2319 4197 2566 4253 nitentia:
2605 4169 2662 4252 et
2706 4210 2831 4251 mox
2863 4169 3320 4250 reconciliationis
3345 4181 3625 4254 implorant,
3647 4177 3722 4230 περ
3746 4169 3800 4212 ⁵³·

2324 4287 2562 4345 tisfactio
2593 4285 2964 4342 interdicenda
2992 4293 3100 4350 est,
3130 4297 3233 4338 nec
3267 4265 3609 4336 reconciliatio
3630 4271 3681 4314 ac

2323 4380 2600 4436 munionis
2631 4377 2803 4449 gratia
2852 4346 3188 4444 deneganda,
3227 4373 3275 4444 si
3322 4381 3437 4425 eam
3485 4359 3625 4416 etiam
3652 4346 3800 4449 amisi!

2323 4474 2473 4529 vocis
2499 4471 2676 4529 ofﬁcio
2697 4486 2795 4542 per
2824 4469 3022 4525 indicia
3054 4442 3460 4539 integrivsensus
3484 4455 3685 4542 quaerere
3700 4442 3801 4542 00?:

2325 4565 2642 4636 probentur.
2676 4523 2828 4630 duod
2869 4563 2913 4618 si
2943 4563 3018 4618 ita
3057 4523 3238 4632 aliqua
3269 4560 3320 4615 vi
3340 4523 3799 4636 aegritudinis

2328 4622 2627 4728 aggravati,
2653 4622 2722 4709 ut
2737 4655 2880 4724 quod
2909 4654 3071 4724 paqu
3115 4622 3241 4708 ante
3283 4622 3576 4722 poscebant,

2327 4747 2504 4804 sentia
2534 4745 2829 4802 sacerdotis
2860 4744 3169 4817 signiﬁcare
3194 4711 3302 4799 non
3329 4735 3546 4792 valeant.
3573 4711 3796 4817 ιῆείίηξθθξξ

2326 4843 2408 4899 eis
2433 4842 2669 4898 ﬁdelium
2699 4802 3168 4896 circumstantium
3220 4833 3468 4909 prodesse
3493 4802 3799 4909 άεβθδυξξξξξ

2329 4938 2548 5008 mulque
2573 4945 2629 4992 et
2659 4936 2989 5007 poenitentia:
3020 4942 3076 4990 et
3106 4892 3539 4989 recdnciliationis
3560 4892 3797 5008 ιιειῖεξξᾟῗ

2330 4981 2548 5008 ⁵⁸“’⁸Ὶ“¹¹ν
2575 4981 2629 4992 ν*
2660 4981 2989 5007 ταωνι-νην...
3022 4981 3076 4990 ν,
3107 4981 3315 4989 ,νννηνῗ

2330 5036 2749 5098 consequantur,
2777 5034 2994 5081 servata
3023 5033 3200 5078 tamen
3234 4995 3704 5113 regulacap‘o‘ltl'lrlnnl’
3729 5057 3799 5113 ﬁde

2330 5135 2524 5175 norum
2575 5119 2718 5174 circa
2762 5131 2952 5172 eorum
2983 5127 3262 5186 personaS.
3291 5100 3455 5177 quiin
3492 5085 3797 5200 Βθυιῗηὶξί

2333 5209 2662 5265 discedendo
2689 5172 3007 5277 peccarunt:
3050 5199 3382 5260 Generaliter
3409 5190 3568 5288 autem
3592 5172 3796 5289 03:22:;

2335 5255 2659 5265 “mw-..”
2690 5255 2874 5277 rw"-
2895 5255 3006 5260 η---
3060 5255 3191 5260 τμη

2331 5300 2466 5355 libet
2493 5299 2549 5354 in
2577 5298 2724 5354 exitu
2757 5297 2957 5367 posito,
2995 5302 3054 5349 et
3095 5286 3335 5364 poscenti
3362 5276 3460 5378 sibi
3496 5255 3795 5385 εοωηέᾚῗὲιξ

2334 5391 2562 5465 gratiam
2603 5389 2788 5453 tribui,
2821 5404 2928 5443 non
2971 5396 3219 5455 negetur,
3247 5381 3380 5437 sicut
3404 5353 3702 5465 Memmii:

2335 5482 2576 5538 deﬁnivit
2604 5483 2742 5553 (can.
2776 5479 2883 5549 15).
2914 5477 3080 5548 Cujus
3105 5470 3378 5532 conversio
3403 5471 3509 5516 men

2333 5573 2650 5631 aestimanda
2677 5587 2838 5641 quam
2872 5578 3134 5639 tempore,
3159 5562 3400 5637 quoniam
3563 5557 3792 5650 “sal-le“

2333 5614 2650 5676 way-Illu:luu
2679 5614 2838 5674 ιι--Ῑ--υ
2875 5614 3134 5639 ’ν’-’νυνι
3163 5614 3296 5637 Ἰ“”⁷”
3454 5614 3467 5616 ν
3497 5631 3507 5643 .
3599 5614 3787 5671 Ριιοριιειι

2333 5665 2415 5720 las
2444 5680 2612 5720 venue
2655 5673 2858 5733 patitur
2905 5674 3086 5714 moras
3117 5673 3242 5714 vera
3287 5644 3787 5743 οοῐινθτδξθξηηρηαινίε,

2334 5709 2415 5720 ...υ
2456 5709 2612 5720 wn..-
2656 5709 2848 5733 ,---._-
2905 5709 3084 5714 --η-ν-
3544 5712 3554 5724 ⁸
3743 5709 3772 5728 κ

2334 5757 2438 5810 hoc
2467 5757 2667 5825 pariter
2717 5760 3004 5807 attestautc
3037 5768 3048 5802 :
3081 5747 3212 5802 Cum
3255 5709 3784 5840 εοηυεΐειξξέτὲῑῗῖὧξ

2334 5800 2671 5905 tunclsalrns
2705 5849 2822 5903 eris.
2865 5867 2880 5897 ι
2927 5843 2991 5900 Et
3021 5843 3072 5899 iu
3105 5842 3313 5899 Nicazno
3345 5809 3547 5886 concilio
3568 5800 3678 5873 (⁸⁸⁸⁸
