4026 6340
199 384 310 440 729

1137 379 1227 435 DE
1262 375 1594 435 DIVORTIO
1629 375 1961 434 LOTHARII
1999 372 2087 431 ET
2124 375 2533 434 TETBERGzE.

3371 377 3474 434 750

197 516 218 548 ε
257 495 374 550 Sed
403 495 456 550 in
485 493 568 548 his
593 489 845 548 omnibus
876 491 1210 564 propositum
1249 500 1304 547 et
1337 493 1574 561 speciem
1618 491 1787 562 pmni-
1814 498 1863 556 Α
1892 489 2213 544 sententiam
2245 507 2516 561 exponens
2542 492 2732 548 beatus
2759 491 3091 564 Augusttnus
3119 493 3254 550 dicit
3283 512 3296 548 :
3326 513 3344 545 ι
3366 495 3476 550 Me-

193 590 438 644 tentium
469 586 725 642 convenit
769 585 1072 656 explorare.
1111 584 1386 656 Quotquot
1425 585 1569 640 enim
1614 592 1782 649 metu,

188 694 248 739 et
285 683 567 755 lacrymis,
602 690 764 750 atque
795 681 1073 751 patientia,
1102 679 1187 735 vel
1212 680 1370 735 bonis
1397 677 1668 749 operibus,
1701 691 1786 731 re-

188 779 303 832 bus
355 776 489 846 ipsis
517 773 919 830 conversionem
963 788 1137 837 suam,
1166 787 1272 828 non
1321 771 1664 827 simulatione
1692 770 1784 824 de-

187 877 530 925 monstrant.
574 887 592 920 ι
626 867 689 921 Et
717 877 838 938 post
863 866 1134 936 paululum
1166 885 1178 920 :
1219 885 1238 918 α
1267 865 1613 920 Postmodum
1659 863 1785 918 lice-

191 962 280 1013 bit
321 961 576 1028 episcopo
621 958 688 1014 de
734 959 818 1014 his
864 958 1029 1030 666
1075 957 1278 1027 aliquid
1325 955 1612 1012 humanius
1639 955 1758 1026 cogi

193 1062 342 1106 tare.
385 1073 403 1104 ι
451 1052 518 1106 Et
563 1051 614 1105 in
641 1051 930 1121 Ancyrano
972 1050 1202 1105 concilio
1231 1051 1373 1120 (can.
1403 1048 1463 1116 4)
1502 1065 1516 1102 :
1561 1067 1580 1100 ‹
1612 1048 1785 1102 Penes

190 1143 511 1211 episcopos,
542 1141 734 1212 inquit,
766 1141 870 1196 erit
895 1149 1152 1210 potestas,
1175 1141 1394 1195 modum
1419 1138 1786 1194 conversionis

162 1224 165 1227 ’
191 1247 395 1286 eorum
426 1233 734 1302 probantes,
771 1231 854 1286 vel
880 1231 1168 1286 humanius
1196 1246 1323 1302 erga
1351 1245 1446 1286 eos
1481 1245 1662 1302 agere,
1701 1229 1784 1285 vel

195 1323 439 1391 amplius
489 1331 698 1392 tempus
727 1321 980 1390 adjicere.
1023 1343 1042 1376 ι
1077 1322 1184 1378 Sed
1230 1333 1284 1378 et
1328 1322 1515 1392 quinto
1551 1321 1787 1392 capitulo

194 1413 448 1483 ejusdem
479 1413 717 1477 concilii,
746 1425 802 1468 et
833 1415 887 1468 in
919 1413 1037 1470 aliis
1082 1413 1411 1469 sufﬁcienter
1453 1413 1577 1468 inde
1617 1412 1789 1468 lector

194 1505 464 1562 inveniet.
497 1505 561 1561 Et
603 1507 944 1563 lnnocentius
970 1523 1107 1578 papa
1131 1509 1196 1560 ad
1221 1506 1534 1562 Decentium
1559 1506 1788 1576 Eugubi-

194 1613 333 1652 num
368 1598 678 1670 episcopum
721 1600 912 1655 scribit
946 1600 1118 1671 (epist.
1142 1599 1233 1671 29)
1263 1616 1276 1652 :
1308 1617 1326 1649 ι
1363 1598 1439 1653 De
1479 1595 1788 1668 poenitenti-

194 1689 306 1744 bus
342 1690 436 1759 qui
482 1690 596 1745 sive
641 1705 705 1745 ex
755 1691 1093 1762 gravioribus
1121 1691 1445 1756 commissis,
1472 1689 1586 1744 sive
1610 1703 1678 1744 ex
1708 1687 1787 1742 le-

196 1779 449 1835 vioribus
482 1781 854 1850 paenitentiam
910 1793 1124 1852 gerunt,
1175 1783 1220 1836 si
1268 1781 1411 1836 nulla
1463 1780 1788 1836 interveniat

1889 577 1994 632 rito
2021 580 2283 648 quaeritur
2324 589 2504 635 utrum
2535 582 2637 636 lsta
2671 596 2827 652 poena
2851 583 3020 648 sit,ut
3033 597 3138 638 non
3161 599 3283 638 eam
3305 585 3476 654 possit

1887 671 2160 727 dimittere
2197 689 2294 742 per
2329 690 2488 729 omne
2520 683 2751 746 tempus,
2789 692 2948 747 quam
2983 677 3290 734 inordinate
3313 687 3477 746 atque

1887 761 2074 816 illicite
2120 761 2359 818 violavit.
2408 765 2464 818 Si
2493 765 2634 819 enim
2662 767 2733 821 ob
2759 767 2863 822 hoc
2895 767 3201 836 intelligere
3243 765 3476 820 volueri-

1887 867 2030 917 mus,
2055 867 2174 908 eam
2201 868 2308 908 non
2334 868 2513 924 posse,
2543 855 2595 909 id
2616 865 2720 922 est,
2762 873 2866 911 non
2907 857 3106 914 debere
3137 857 3334 912 dimitti
3381 871 3478 924 per

1886 959 2046 998 omne
2091 955 2324 1016 tempus,
2364 947 2488 1016 quia
2517 964 2654 1003 uxor
2691 948 2879 1004 effecta
2905 958 3010 1016 est,
3049 956 3302 1004 occurret
3347 946 3476 1001 illud

1886 1036 2031 1105 quod
2063 1037 2312 1106 permisit
2338 1036 2552 1109 Moyses
2587 1039 2718 1094 dare
2759 1038 2996 1095 libellum
3035 1039 3264 1110 repudii,
3303 1046 3358 1092 et
3395 1037 3477 1091 di-

1889 1126 2125 1182 mittere.
2167 1127 2224 1181 ln
2256 1128 2339 1182 bis
2366 1137 2545 1183 autem
2597 1129 2692 1200 qui
2730 1129 2915 1186 illicite
2953 1129 3170 1196 vitiant,
3200 1129 3375 1184 noluit
3412 1128 3476 1182 li-

1890 1234 2034 1287 cere,
2075 1235 2144 1276 ne
2192 1221 2259 1277 ad
2308 1221 2599 1278 ludibrium
2644 1221 2838 1279 fecisse
2875 1223 3144 1288 videatur,
3192 1233 3248 1278 et
3297 1222 3474 1293 potius

1889 1312 2110 1369 ﬁnxisse
2134 1315 2276 1383 quod
2305 1329 2425 1369 eam
2462 1330 2688 1371 uxorem
2723 1315 2958 1382 duxerit,
3000 1329 3164 1386 quam
3195 1329 3322 1368 vere
3361 1311 3475 1383 pla-

1889 1407 2105 1478 citoque
2129 1409 2367 1464 duxisse.
2397 1410 2511 1465 lloc
2533 1420 2589 1465 et
2610 1411 2675 1466 de
2697 1410 3022 1482 illa'jussum
3063 1417 3170 1476 est,
3201 1408 3286 1462 cui
3314 1405 3476 1461 fuerit

1889 1497 1974 1551 vir
2005 1498 2365 1556 calumniatus
2386 1501 2451 1555 de
2480 1501 2831 1572 virginalibus
2851 1516 2957 1556 non
2983 1499 3236 1564 inventis,
3255 1498 3322 1552 de
3344 1511 3472 1566 qua,

1890 1589 2031 1644 sicut
2056 1605 2217 1660 supra
2242 1591 2496 1658 diximus,
2532 1595 2792 1661 scriptum
2817 1600 2932 1647 est:
2954 1589 3177 1645 Habebit
3203 1604 3317 1643 eam
3344 1601 3475 1640 uxo-

1889 1697 2019 1748 rem,
2045 1693 2093 1737 et
2126 1700 2230 1737 non
2268 1685 2457 1753 poterit
2499 1686 2757 1740 dimittere
2781 1701 2897 1739 eam
2923 1684 3064 1738 omni
3092 1692 3318 1752 tempore
3358 1680 3475 1734 vita:

1889 1787 2020 1826 suae.
2061 1792 2080 1825 ι
2128 1773 2204 1829 De
2231 1789 2338 1843 qua
2367 1775 2496 1830 item
2524 1776 2791 1831 sententia
2822 1776 3012 1830 beatus
3037 1771 3366 1843 Augustinus
3395 1770 3476 1824 di-

194 1870 489 1940 agritudo,
517 1873 702 1941 quinta
733 1871 866 1927 feria
894 1882 1018 1928 ante
1045 1872 1254 1928 Pascha
1288 1872 1368 1926 eis
1405 1870 1786 1928 remittendum
1815 1861 1862 1922 B
1890 1866 1966 1920 cit
2001 1884 2015 1920 :
2061 1884 2080 1918 c
2115 1866 2260 1924 Satis
2300 1869 2427 1924 hinc
2465 1879 2687 1940 apparet
2731 1868 3180 1940 quemadmodum
3231 1863 3474 1920 subditas

196 1961 464 2017 Romanae
483 1961 734 2018 Ecclesiae
755 1966 1086 2020 consuetudo
1114 1965 1466 2020 demonstrat.
1496 1962 1784 2028 Cancrum,

195 2052 272 2108 de
321 2054 558 2121 pondere
609 2054 928 2111 :estimando
977 2055 1317 2120 delictorum,
1366 2055 1663 2110 sacerdotis
1707 2062 1790 2109 est

185 2142 467 2212 judicare,
499 2155 559 2200 ut
585 2149 829 2202 attendat
857 2149 926 2203 ad
955 2147 1347 2204 confessionem
1378 2146 1709 2217 pcenitentis,
1734 2153 1790 2200 et

190 2236 272 2291 ad
299 2235 459 2293 ﬂetus
487 2247 648 2307 atque
694 2238 960 2310 lacrymas
997 2240 1340 2309 corrigentis,
1367 2254 1432 2295 ac
1461 2248 1574 2294 tum
1597 2237 1790 2306 jubere

191 2328 429 2394 dimitti,
460 2345 582 2385 cum
611 2331 811 2386 viderit
837 2347 1131 2403 congruam
1161 2331 1605 2389 satisfactionem.
1646 2330 1789 2386 Sane

197 2423 248 2478 si
283 2422 409 2492 quis
450 2423 503 2477 in
538 2425 912 2496 argritudinem
963 2425 1245 2493 inciderit,
1292 2435 1454 2497 atque
1499 2441 1673 2496 usque
1719 2424 1788 2480 ad

192 2515 636 2584 desperationem
669 2516 964 2581 devenerit,
997 2517 1047 2571 ei
1073 2526 1157 2572 est
1181 2527 1305 2572 ante
1331 2525 1542 2588 tempus
1562 2516 1787 2572 Paschze

195 2606 556 2663 relaxandum
601 2622 670 2664 ne
697 2608 765 2664 de
795 2607 992 2664 steculo
1021 2607 1226 2679 absque
1265 2608 1645 2666 communione
1673 2591 1786 2666 dis;

193 2698 386 2756 cedat.
428 2719 450 2754 ι

560 2815 1167 2882 INTERROGATIO
1193 2786 1428 2882 XVIII.

269 2933 516 3006 Septimo
563 2938 797 3008 capitulo
845 2940 1074 2997 rescribi
1134 2941 1291 2997 nobis
1332 2939 1698 3011 deposcimus,
1743 2939 1789 2997 si

191 3026 458 3098 saepefata
508 3029 708 3086 femina
740 3032 936 3087 iterum
965 3032 1020 3088 in
1056 3031 1322 3103 judicium
1350 3032 1584 3099 venerit,
1613 3041 1668 3088 et
1707 3033 1790 3088 in-

195 3120 366 3175 noxia
411 3129 626 3190 reperta
651 3120 836 3190 fuerit,
869 3132 1052 3180 utrum
1101 3125 1168 3180 ad
1199 3140 1320 3180 eam
1351 3125 1436 3181 vir
1463 3126 1580 3197 ejus
1612 3126 1790 3182 redire

1889 1961 2117 2018 feminas
2146 1964 2298 2030 viris,
2322 1974 2376 2018 et
2398 1981 2532 2036 pene
2557 1964 2911 2031 famulas,lex
2941 1978 3060 2018 esse
3082 1961 3312 2015 voluerit
3335 1971 3473 2012 uxo-

1891 2067 1994 2115 res,
2028 2055 2168 2123 quod
2209 2056 2392 2112 dicens
2429 2056 2688 2113 adversus
2718 2072 2941 2112 uxorem
2969 2055 3051 2110 vir
3080 2051 3476 2117 testimonium,

1889 2143 2031 2198 unde
2056 2143 2407 2214 lapidaretur,
2429 2149 2474 2201 si
2503 2147 2606 2202 hoc
2627 2161 2816 2200 verum
2840 2161 2962 2202 esse
2989 2146 3475 2206 demonstraretur,

1889 2235 2006 2308 ipse
2061 2245 2240 2291 tamen
2275 2253 2383 2292 non
2431 2238 2670 2293 vicissim
2725 2238 3013 2309 lapidatur,
3047 2237 3093 2292 si
3124 2237 3228 2291 hoc
3279 2233 3474 2288 falsum

1889 2343 2009 2384 esse
2033 2331 2358 2397 constiterit,
2383 2333 2478 2388 sed
2502 2331 2875 2386 tantummodo
2907 2331 3204 2400 castigatur
3231 2337 3286 2383 et
3324 2327 3475 2383 dam-

1890 2421 2163 2488 niticatur,
2192 2423 2351 2492 eique
2404 2433 2670 2494 perpetuo
2705 2424 2926 2494 jubetur
2951 2423 3228 2478 adhaerere
3253 2433 3360 2490 qua
3387 2433 3478 2474 ca~

1890 2527 2012 2567 rere
2041 2513 2306 2569 voluerat.
2339 2514 2397 2569 ln
2432 2515 2553 2570 aliis
2588 2527 2772 2570 autem
2800 2514 3000 2580 causis,
3029 2528 3174 2578 eum,
3199 2511 3291 2582 qui
3327 2509 3479 2564 testi-

1889 2605 2072 2660 monio
2100 2605 2235 2661 falso
2281 2607 2536 2676 cuiquam
2584 2606 2853 2672 nocuerit,
2902 2621 3010 2676 quo
3058 2604 3106 2661 si
3155 2603 3478 2673 probaretur

1883 2697 2048 2768 jussit
2093 2699 2287 2766 occidi,
2323 2701 2511 2756 eadem
2543 2715 2702 2771 pcena
2733 2700 2896 2771 plecti
2935 2697 3108 2768 jubet,
3150 2713 3256 2768 qua
3279 2695 3474 2762 fuerat,

1890 2793 1938 2848 si
1969 2807 2159 2849 verum
2190 2804 2352 2859 esset,
2385 2793 2487 2848 iste
2513 2792 2845 2864 plcctendus.
2878 2811 2900 2848 ι

2264 2918 2877 2982 INTERROGATIO
2918 2921 3099 2982 XIX.

1960 3029 2037 3084 De
2062 3044 2128 3086 eo
2158 3044 2290 3086 vero
2317 3030 2462 3101 quod
2513 3031 2800 3101 quasitum
2831 3039 2914 3086 est
2945 3031 3262 3085 remandate
3298 3027 3478 3096 nobis,

1890 3123 1939 3180 si
1967 3122 2082 3194 ipsa
2114 3121 2436 3179 criminibus
2477 3121 2732 3188 obnoxia,
2763 3123 2832 3178 de
2857 3122 3053 3192 quibus
3083 3129 3364 3191 reputatur
3393 3120 3478 3176 in-

195 3211 417 3279 debeat,
446 3227 513 3268 an
538 3213 695 3270 alteri
718 3216 894 3272 valeat
917 3217 1134 3272 sociari.
1163 3217 1229 3274 Et
1261 3219 1574 3274 remandate
1601 3218 1779 3286 nobis,
1807 3223 1857 3290 c
1885 3222 2047 3271 venta
2077 3212 2262 3282 fuerit,
2289 3222 2474 3270 utrum
2503 3212 2648 3270 idem
2672 3226 2770 3269 rex
2801 3211 2961 3269 alteri
2983 3211 3198 3269 feminae
3225 3209 3476 3284 conjungi

197 3304 247 3359 si
276 3303 391 3372 ipsa
419 3305 740 3362 criminibus
765 3307 1018 3374 obnoxia,
1047 3310 1114 3364 de
1143 3310 1340 3380 quibus
1369 3319 1668 3380 reputatur,
1699 3311 1786 3364 in-

196 3405 366 3449 venta
395 3394 579 3462 fuerit,
604 3406 784 3452 utrum
816 3399 956 3455 idem
992 3415 1085 3455 rex
1114 3401 1270 3456 alteri
1294 3401 1508 3458 feminae
1529 3401 1783 3473 conjungi

199 3487 400 3541 valeat.
435 3487 770 3545 Remandate
814 3491 1002 3558 etiam,
1053 3492 1098 3548 si
1156 3493 1290 3548 tales
1321 3508 1497 3549 causa:
1527 3503 1790 3564 reputatae

200 3576 406 3633 fuerint
457 3587 512 3633 et
567 3580 666 3650 ipsi
718 3583 852 3653 regi,
901 3584 1043 3638 unde
1089 3584 1356 3655 publicam
1411 3586 1789 3655 pwnitentiam

201 3683 366 3738 agere
395 3669 605 3736 debeat,
635 3683 918 3742 postquam
965 3675 1053 3729 illa
1088 3676 1378 3732 criminosa
1421 3677 1639 3732 inventa
1675 3676 1790 3731 fue-

204 3763 301 3826 rit,
333 3772 514 3818 utrum
547 3765 661 3835 ipse
692 3780 785 3820 rex
817 3776 938 3837 post
966 3767 1235 3838 publicam
1258 3768 1634 3840 paenitentiam
1663 3783 1790 3824 con-

196 3853 386 3926 jugem
416 3855 710 3927 legitimam
748 3858 918 3926 possit
947 3859 1214 3930 accipere.
1249 3860 1317 3914 Et
1362 3859 1700 3925 remandate,
1744 3859 1788 3915 si

197 3956 257 4002 et
283 3947 374 4001 illa
402 3947 646 4019 legaliter
674 3950 895 4019 rejecta,
923 3951 1038 4020 ipse
1063 3952 1226 4006 etiam
1257 3960 1378 4023 post
1401 3963 1578 4008 actam
1619 3952 1792 4021 pumi-

200 4037 457 4102 tentiam,
490 4039 535 4094 si
578 4039 824 4104 voluerit,
875 4041 1256 4106 concubinam,
1289 4056 1453 4110 quam
1497 4041 1706 4105 habuit,
1738 4048 1793 4096 et

199 4144 332 4184 cum
356 4145 462 4200 qua
491 4140 612 4201 post
643 4131 831 4186 initum
861 4133 1170 4204 conjugium
1209 4133 1546 4192 adulterasse
1571 4133 1788 4202 dicitur,

203 4220 266 4276 in
292 4221 580 4292 conjugem
606 4223 776 4293 possit
798 4224 1087 4294 accipere?

797 4333 1204 4392 RESPONSIO.

284 4447 361 4504 De
397 4463 463 4502 eo
494 4448 636 4518 quod
664 4448 1055 4519 interrogatum
1082 4457 1186 4514 est,
1213 4449 1259 4504 si
1287 4449 1545 4522 smpefata
1593 4450 1794 4507 femina

202 4543 411 4598 iterum
437 4542 488 4595 in
506 4539 768 4607 judicium
795 4543 1096 4606 venerit,et
1122 4542 1337 4598 innoxia
1365 4551 1577 4613 reperta
1607 4541 1789 4606 fuerit,

203 4646 395 4691 utrum
419 4633 486 4690 ad
515 4649 634 4690 eam
658 4636 743 4688 vir
763 4633 878 4702 ejus
907 4636 1083 4690 redire
1108 4635 1321 4701 debeat,
1339 4652 1406 4690 an
1438 4636 1592 4691 alteri
1620 4635 1798 4691 valeat

209 4729 443 4793 sociari,
471 4725 798 4797 superfluum
829 4738 913 4783 est
957 4729 1176 4793 iterare,
1201 4729 1327 4800 quia
1367 4745 1530 4799 supra
1557 4729 1798 4785 ostendi-

203 4822 514 4891 mus,quod
537 4821 581 4873 si
603 4829 729 4874 ante
753 4819 996 4891 legaliter
1020 4820 1212 4875 initum
1244 4819 1552 4891 conjugium
1581 4823 1798 4878 innoxia

202 4921 270 4967 et
309 4911 554 4981 Iegaliter
599 4919 765 4980 nupta
795 4925 894 4965 suo
938 4910 1053 4964 viro
1082 4910 1241 4964 fidem
1290 4926 1538 4966 servasse
1584 4920 1798 4982 reperta

205 5003 399 5067 fuerit,
451 5000 746 5056 secundum
788 5001 1154 5071 evangelicam
1182 5009 1234 5056 et
1265 5003 1614 5072 apostolicam
1657 5005 1801 5060 veri-

207 5103 408 5156 tatem,
445 5100 500 5146 et
539 5091 687 5161 leges
734 5090 1148 5156 ecclesiasticas,
1199 5094 1798 5165 atquecatholicorum

209 5185 546 5247 doctrinam,
577 5185 877 5258 legitimum
915 5187 1220 5258 conjugium
1270 5203 1375 5242 non
1421 5189 1596 5242 valeat
1642 5205 1801 5260 sepa-

219 5279 362 5342 rari,
393 5287 447 5333 et
472 5279 516 5336 si
544 5279 776 5348 separati
809 5277 1029 5337 fuerint.
1055 5288 1147 5332 aut
1191 5277 1396 5348 innupti
1429 5290 1801 5347 permaneant,

213 5378 319 5421 aut
363 5375 549 5421 mutuo
578 5369 1012 5422 reconcilientur.
1040 5369 1144 5421 Sed
1173 5382 1240 5421 ne
1277 5369 1615 5425 iterationem
1659 5386 1804 5441 qua:-

217 5458 415 5513 stionis
444 5458 810 5529 relianIamus
848 5461 1080 5521 inanem,
1129 5458 1196 5512 de
1236 5460 1336 5514 IIoc
1379 5443 1520 5530 quod
1558 5471 1804 5531 reputata

216 5561 307 5603 est
339 5551 380 5602 si
421 5549 580 5604 fuerit
609 5535 861 5605 immunis
889 5551 1124 5616 inventa,
1159 5550 1413 5605 Dominus
1460 5567 1556 5621 per
1591 5553 1804 5625 Moysen

217 5641 357 5697 dicit
387 5642 438 5694 in
473 5641 612 5696 libro
639 5641 1034 5696 Deuteronomii
1072 5655 1087 5695 :
1119 5639 1176 5694 Si
1208 5641 1451 5696 invenerit
1481 5643 1558 5696 vir
1580 5644 1806 5712 puellam

221 5737 499 5806 virginem,
531 5747 584 5790 et
610 5737 888 5806 sequentia
933 5751 1100 5804 usque
1129 5735 1254 5788 dum
1289 5735 1507 5798 dicitur,
1535 5753 1636 5789 non
1668 5748 1808 5798 pole-

1891 3308 2088 3364 valeat.

2483 3418 2887 3478 RESPONSIO.

1960 3537 2165 3592 Partim
2184 3536 2296 3607 jam
2327 3553 2488 3609 supra
2517 3538 2916 3608 respondimus,
2948 3551 3067 3608 quae
3100 3537 3302 3608 partim
3334 3549 3480 3592 nunc

1891 3633 2095 3688 iterare
2118 3649 2225 3688 non
2255 3632 2423 3704 piget.
2457 3630 2741 3696 Videlicet,
2766 3632 2811 3686 si
2842 3631 3137 3686 secundum
3159 3629 3306 3701 leges
3323 3627 3482 3686 Chri-

1889 3725 2114 3788 stianas,
2147 3722 2392 3779 forenses
2417 3722 2622 3779 scilicet
2650 3732 2814 3792 atque
2839 3721 3262 3785 ecclesiasticas,
3287 3721 3477 3776 inven-

1893 3824 2006 3870 tum
2037 3814 2202 3870 fuerit
2234 3815 2377 3883 quod
2409 3813 2498 3868 illa
2549 3813 2860 3884 conjunctio
2900 3813 3089 3884 legalis
3141 3827 3247 3868 non
3298 3811 3478 3878 fuerit,

1891 3908 2034 3964 beati
2056 3906 2303 3978 Gregorii
2331 3907 2400 3961 ad
2426 3905 2659 3961 Felicem
2693 3906 3035 3961 Siciliensem
3062 3905 3375 3975 episcopum
3402 3913 3480 3959 te-

1894 4009 2089 4054 neatur
2110 3999 2376 4054 sententia
2424 4013 2530 4067 qua
2554 3999 2716 4054 dicit:
2757 4017 2776 4049 ι
2813 3997 3152 4052 lncestuosos
3178 3998 3326 4052 nullo
3349 4011 3482 4052 con-

1885 4089 2022 4160 jugii
2047 4088 2262 4144 nomine
2289 4088 2646 4158 deputandos,
2689 4103 2719 4142 a
2749 4087 2953 4143 sanctis
2980 4086 3230 4141 Patribus
3283 4086 3484 4141 dudum

1894 4181 2124 4253 legimus
2166 4179 2542 4234 constitutum.
2581 4197 2599 4230 ι
2655 4178 2722 4233 Et
2771 4188 2989 4234 sanctus
3047 4177 3369 4232 Ambrosius
3427 4175 3484 4230 in

1894 4275 2068 4347 prima
2104 4273 2331 4344 epistola
2377 4274 2444 4328 ad
2469 4273 2782 4329 Corinthios
2821 4273 2992 4327 dicit:
3032 4290 3052 4323 c
3081 4270 3199 4326 Non
3245 4278 3348 4336 est,
3397 4269 3482 4324 in-

1896 4367 2108 4436 quiens,
2154 4365 2321 4418 frater
2361 4372 2453 4418 aut
2487 4379 2644 4420 soror
2665 4363 2914 4419 servituti
2954 4361 3232 4431 subjectus
3262 4362 3313 4417 in
3337 4363 3484 4433 ejus-

1897 4457 2064 4522 modi,
2112 4457 2215 4511 lIoc
2242 4463 2348 4520 est,
2395 4472 2500 4512 non
2542 4456 2772 4510 debetur
2820 4454 3125 4510 reverentia
3175 4452 3410 4524 conjugii
3433 4455 3485 4510 ei

1898 4549 1990 4619 qui
2013 4550 2199 4603 horret
2225 4555 2502 4602 auctorem
2552 4546 2810 4618 conjugii.
2861 4545 2980 4600 Non
3004 4545 3149 4600 enim
3179 4552 3356 4600 ratum
3405 4553 3490 4601 est

1902 4637 2305 4694 matrimonium
2332 4635 2476 4706 quod
2507 4637 2625 4692 sine
2653 4635 2749 4692 Dei
2798 4634 3084 4690 devotione
3125 4643 3346 4704 est,_ac
3394 4649 3492 4705 per

1902 4729 2004 4784 hoc
2039 4743 2160 4800 non
2206 4739 2291 4783 est
2351 4737 2632 4798 peccatum
2674 4727 2724 4782 ei
2786 4727 2878 4798 qui
2930 4727 3220 4782 dimittitur
3269 4737 3493 4797 propter

1901 4819 2092 4884 Deum,
2141 4819 2184 4873 si
2216 4819 2307 4872 alii
2350 4834 2408 4873 se
2429 4817 2690 4886 junxerit.
2719 4817 3056 4875 Contumelia
3087 4808 3232 4874 enim
3269 4819 3494 4876 Creato-

1903 4911 1980 4964 ris
2025 4909 2185 4963 solvit
2207 4908 2295 4977 jus
2324 4909 2656 4964 matrimonii
2679 4910 2822 4964 circa
2870 4925 2992 4964 eum
3021 4910 3112 4980 qui
3142 4909 3488 4980 relinquitur,

1903 5017 1973 5057 ne
2000 5012 2282 5056 accusetur
2331 5002 2421 5056 alii
2462 5003 2763 5072 copulatus.
2813 5003 3049 5059 lnfidelis
3091 5010 3270 5058 autem
3311 5003 3488 5058 dlsce-

1905 5093 2059 5158 dens,
2094 5101 2147 5148 et
2171 5093 2226 5147 in
2260 5092 2429 5147 Deum
2452 5103 2508 5149 et
2537 5093 2938 5148 matrimonium
2966 5107 3192 5163 peccare
3218 5092 3487 5163 dIgnosci-

1905 5194 2014 5252 tur,
2046 5186 2171 5255 quia
2201 5185 2374 5240 noluit
2399 5185 2498 5239 sub
2513 5184 2608 5239 Dei
2629 5184 2912 5239 devotione
2934 5185 3134 5238 habere
3159 5181 3488 5255 conjugium.

1911 5277 2094 5347 ltaque
2133 5293 2237 5332 non
2269 5285 2351 5332 est
2377 5275 2425 5332 ei
2453 5275 2586 5331 ﬁdes
2609 5275 2776 5348 668
2801 5275 3064 5331 servanda
3092 5275 3345 5344 conjugii,
3397 5275 3490 5345 qui

1912 5370 2033 5425 ideo
2061 5369 2290 5424 recessit
2317 5384 2387 5423 ne
2421 5368 2633 5423 audiret
2679 5377 2944 5422 rectorem
2989 5381 3110 5423 esse
3155 5366 3491 5422 Christiano-

1913 5477 2032 5516 rum
2075 5461 2242 5516 Deum
2295 5460 2550 5530 conjugii.
2610 5458 2744 5512 Nam
2794 5460 2837 5513 si
2870 5458 3070 5514 Esdras
3114 5459 3309 5513 dimitti
3365 5457 3493 5512 fecit

1914 5567 2133 5616 uxores,
2162 5559 2256 5605 aut
2297 5550 2442 5604 viros
2466 5548 2728 5614 infideles,
2781 5560 2839 5604 ut
2867 5549 3130 5620 propitius
3168 5550 3320 5605 fieret
3353 5549 3494 5604 Deus

1917 5643 2071 5715 (Esd.
2104 5659 2156 5696 Ix
2189 5653 2234 5695 et
2269 5645 2342 5708 κ),
2391 5656 2490 5696 nec
2522 5643 2690 5695 iratus
2714 5682 2728 5705 ,
2772 5643 2815 5696 si
2866 5641 3000 5695 alias
3029 5658 3092 5697 ex
3147 5655 3346 5714 genere
3393 5655 3493 5695 suo

1917 5739 2224 5806 acciperent
2252 5742 2378 5806 (non
2409 5737 2549 5789 enim
2591 5737 2662 5790 ita
2709 5747 3032 5806 prazceptuut
3071 5738 3154 5790 his
3179 5745 3281 5801 est,
3328 5745 3385 5789 ut
3412 5749 3498 5789 re-

223 5829 296 5910 _rit
317 5829 481 5902 667
502 5831 761 5886 dimittere
786 5846 897 5886 eam
920 5829 1117 5884 cunctis
1142 5827 1320 5883 diebus
1344 5828 1458 5884 vita:
1482 5815 1612 5884 suat.
1637 5827 1810 5896 Quam
1865 5904 1883 5912 _
1919 5827 2100 5885 missis
2121 5826 2242 5885 istis
2271 5824 2402 5883 alias
2452 5826 2674 5884 minime
2697 5827 2997 5900 ducerent),
3027 5836 3228 5899 quanto
3253 5827 3426 5898 magis
3450 5823 3497 5883 si
