4026 6340
643 265 741 321 731

1625 252 1956 313 lllNCMARl
1995 246 2390 306 RHEMENSIS
2427 248 2950 308 ARCHlEPlSCOPl
3746 263 3821 319 τῇ

646 380 879 439 infidelis
938 378 1267 442 discesserit,
1316 376 1543 432 liberum
1586 374 1809 430 habebit
1841 372 2142 434 arbitrium,
2183 375 2240 432 si
2266 361 2319 423 Α
2344 361 2511 417 nubat
2535 364 2579 418 si
2610 380 2667 419 se
2711 364 2991 419 continere
3018 378 3122 419 non
3153 370 3368 434 potest.
3414 373 3466 419 et
3512 365 3700 425 alterius
3734 387 3825 429 con-
3928 428 3929 451 ξ

2345 457 2514 513 sortio
2550 456 2759 513 fruatur
2802 458 3007 513 uxoris.
3060 455 3214 524 Quod
3262 456 3329 511 de
3371 465 3581 527 utroque
3615 468 3828 534 sexupari
3928 482 3929 515 γ

650 473 885 530 voluerit
907 470 1112 528 nubere
1142 468 1275 539 legis
1317 484 1430 523 suae.
1457 469 1616 523 viro?
1652 467 1786 523 Illud
1837 468 1981 523 enim
2016 483 2122 524 non
2148 468 2241 523 de-

648 566 744 622 bet
768 563 1019 636 imputari
1049 561 1475 626 matrimonium,
1498 562 1639 630 quod
1661 570 1814 616 extra
1839 563 2113 617 decretum
2144 562 2238 619 Dei

649 659 852 715 factum
899 665 1001 721 est,
1054 655 1150 711 sed
1174 669 1298 710 cum
1354 663 1475 723 post
1522 654 1818 725 cognoscit,
1855 664 1909 709 et
1936 655 2080 709 dolet
2108 654 2240 708 deli-

651 751 853 823 quisse,
884 749 1137 805 emendat
1163 762 1219 803 se
1255 754 1314 801 ut
1341 746 1555 801 veniam
1612 755 1905 801 mereatur.
1953 745 2007 801 Si
2060 756 2238 800 autem

651 848 811 904 ambo
837 844 1188 909 crediderint,
1241 858 1341 913 per
1368 842 1731 914 cognitionem
1763 842 1856 895 Dei
1888 840 2242 896 confirmatur

649 937 978 1008 conjugium.
1003 937 1060 991 In
1084 950 1222 1006 pace
1245 944 1427 991 autem
1452 936 1668 990 vocavit
1694 950 1792 990 nos
1847 934 2008 989 Deus.
2040 933 2239 989 Verum

649 1037 732 1083 est
776 1027 902 1098 quia
933 1042 1041 1083 non
1091 1034 1307 1097 oportet
1348 1026 1563 1098 litigare
1597 1041 1718 1082 cum
1765 1040 1829 1081 eo
1867 1026 1957 1094 qui
1989 1024 2238 1090 discedit,

648 1120 777 1191 quia
791 1120 917 1175 odio
946 1119 1041 1176 Dei
1065 1120 1316 1186 discedit,
1347 1136 1412 1174 ac
1433 1135 1530 1189 per
1557 1120 1658 1174 hoc
1686 1118 2017 1187 nec-dignus
2040 1118 2242 1173 haben-

651 1212 752 1265 dus
786 1219 891 1266 est.
930 1230 949 1264 ι
1012 1211 1080 1266 Ει
1108 1211 1235 1267 hinc
1267 1220 1488 1267 sanctus
1535 1212 1866 1282 Augustinus
1894 1212 1948 1265 in
1994 1212 2144 1265 libris
2174 1211 2239 1265 ad

650 1299 972 1355 Pollentium
1000 1319 1013 1354 :
1050 1319 1068 1352 ε
1099 1300 1290 1356 Merito
1318 1316 1455 1372 quas
1482 1303 1769 1366 duxerant,
1807 1321 1827 1353 ι
1870 1301 1998 1370 quin
2025 1316 2239 1367 uxores,

658 1411 676 1443 ι
698 1391 790 1447 lilii
805 1391 969 1448 Israel
996 1393 1223 1448 Domino
1248 1394 1581 1464 prohibente,
1608 1394 1836 1449 Domino
1852 1392 2073 1459 iubente
2089 1394 2243 1448 dimi-

651 1493 859 1549 serunt,
876 1485 1001 1553 quia
1021 1500 1178 1540 omne
1192 1486 1334 1555 quod
1350 1502 1454 1541 non
1477 1496 1639 1541 estex
1664 1485 1766 1541 fide
1788 1494 2067 1556 peccatum
2090 1495 2192 1541 est.
2217 1505 2237 1539 ι

656 1573 812 1631 Unde
854 1576 1026 1632 lector
1055 1577 1109 1631 in
1134 1578 1337 1634 eisdem
1388 1578 1540 1634 libris
1567 1579 1725 1634 latius
1756 1578 1997 1634 invenire
2021 1578 2239 1634 valebit.

651 1665 719 1721 Et
762 1667 818 1723 in
863 1667 1093 1723 concilio
1147 1668 1442 1741 Agathensi
1489 1670 1752 1741 scriptum
1804 1679 1887 1725 est
1917 1669 2056 1743 (can.
2101 1668 2241 1741 61):

657 1774 678 1807 ι
711 1757 785 1812 De
841 1757 1065 1815 incestis
1111 1760 1582 1831 coniunctionibus
1632 1761 1765 1816 nihil
1801 1777 2022 1832 prorsus
2073 1763 2244 1818 veniae

651 1861 1014 1915 reservamus,
1042 1850 1147 1906 nisi
1178 1865 1301 1906 cum
1351 1852 1677 1909 adulterium
1720 1854 2064 1925 separatione
2087 1870 2246 1910 sana-

649 1943 847 1996 verint.
900 1942 1140 1999 lneeStos
1190 1959 1321 2000 vero
1354 1945 1505 2000 nullo
1559 1944 1793 2018 conjugii
1832 1948 2051 2002 nomine
2079 1948 2247 2018 depu-

650 2033 878 2100 tandos,
914 2050 1050 2103 quos
1077 2037 1241 2092 etiam
1299 2039 1586 2111 designare
1637 2040 1910 2095 funestum
1961 2050 2062 2096 est.
2103 2062 2120 2093 ι
2180 2042 2247 2097 Et

556 2205 565 2211 ἢ
650 2137 775 2198 post
803 2127 1123 2199 aliquanta:
1189 2150 1208 2184 ι
1247 2130 1393 2190 Sane
1446 2135 1646 2204 quibus
1698 2133 2007 2204 conjunctio
2057 2135 2245 2190 illicita

648 2222 1036 2290 interdicitur,
1092 2223 1370 2282 habebunt
1426 2226 1646 2282 ineundi
1702 2228 1945 2285 melioris
2003 2226 2242 2299 conjugii

650 2309 978 2369 libertatem.
1015 2333 1034 2367 ι

1034 2431 1646 2498 INTERROGATIO
1689 2436 1837 2500 XX.

721 2551 797 2607 De
824 2566 889 2607 eo
916 2567 1048 2609 vero
1071 2554 1215 2625 quod
1265 2554 1588 2625 requisitum
1613 2566 1718 2624 est,
1773 2558 1821 2614 si
1868 2567 1923 2615 et
1962 2560 2061 2631 ipsi
2094 2558 2243 2632 regi,

650 2643 789 2697 unde
814 2643 1084 2715 publicam
1110 2646 1488 2716 paenitentiam
1518 2663 1679 2721 agere
1706 2650 1914 2713 debeat,
1957 2661 2245 2723 postquam

650 2730 740 2785 illa
767 2731 965 2815 femina
1005 2736 1301 2795 criminosa
1328 2739 1545 2795 inventa
1585 2739 1768 2808 fuerit,
1800 2749 1981 2799 utrum
2008 2744 2120 2814 ipse
2149 2759 2245 2800 rex

648 2834 767 2895 post
794 2827 1065 2896 publicam
1096 2832 1474 2901 pcenitentiam
1497 2835 1779 2907 conjugem
1801 2836 2099 2910 legitimam
2127 2852 2247 2908 pos-

651 2919 723 2973 sit
752 2921 1019 2993 accipere.

1238 3036 1643 3096 RESPONSIO.

2342 552 2502 606 modo
2531 567 2560 605 a
2591 552 2747 606 nobis
2776 551 3121 608 manifestum
3151 559 3235 608 est
3274 552 3561 608 decrevisse
3582 593 3596 618 ,
3637 556 3699 610 ita
3720 560 3828 615 vide-

2342 640 2486 707 licet,
2517 652 2577 697 ut
2608 644 2660 697 in
2701 645 2787 700 his
2816 644 3066 700 omnibus
3110 644 3409 700 sacerdotis
3433 631 3674 702 ordinatio
3694 666 3832 721 exspe-

2342 745 2537 801 ctetur,
2586 745 2644 790 ut
2681 735 2832 805 juxta
2879 737 3021 806 quod
3052 735 3282 791 ‘mtatem
3329 744 3499 807 aptam
3552 745 3832 809 prospexerit,
3928 770 3929 773 η

2341 827 2687 883 continentiae
2740 828 3099 885 absolutionis
3152 829 3240 884 vel
3309 829 3639 886 districtionis
3689 834 3836 890 tribuat

2342 920 2534 992 legem.
2574 941 2592 974 ι

2714 1034 3119 1097 INTERROG
3131 1035 3330 1098 AII‘IO
3371 1037 3541 1100 XXI.

2416 1154 2492 1210 De
2522 1157 2625 1210 hoc
2654 1157 2819 1212 etiam
2850 1159 2992 1228 quod
3044 1160 3097 1214 in
3144 1160 3501 1230 quaestionum
3546 1160 3638 1216 fine
3678 1163 3835 1233 subjun-

2345 1255 2488 1302 ctum
2514 1258 2616 1313 est,
2650 1250 2986 1316 remandate,
3015 1252 3061 1306 Si
3095 1259 3151 1306 et
3179 1250 3433 1322 saepefata
3464 1250 3641 1308 frmina
3664 1255 3837 1325 legaliter

2346 1340 2548 1410 rejecta
2582 1338 2764 1406 fuerit,
2808 1349 2863 1396 et
2892 1343 3003 1413 ipse
3029 1359 3146 1409 rex,
3176 1353 3300 1414 post
3328 1343 3671 1412 paenitentiam
3697 1356 3834 1412 actam,

2347 1437 2392 1491 si
2441 1435 2669 1491 voluerit
2707 1428 3279 1508 concubinam'quam
3325 1437 3542 1499 habuit,
3585 1447 3749 1494 etcum
3768 1455 3836 1509 qua

2347 1537 2469 1599 post
2495 1528 2685 1583 initum
2719 1529 3029 1600 conjugium
3058 1528 3397 1586 adulterasse
3421 1529 3622 1597 dicitur,
3650 1530 3692 1583 in
3714 1529 3838 1598 conju-

2349 1636 2469 1692 gem
2501 1621 2672 1691 possit
2701 1622 2969 1693 accipere.

2942 1732 3350 1791 RESPONSIO.

2421 1850 2560 1919 Quia
2588 1866 2694 1905 una
2723 1860 2805 1906 est
2829 1851 2917 1906 lex
2943 1851 3044 1905 viri
3071 1860 3128 1907 et
3157 1849 3397 1909 feminas.
3421 1858 3475 1903 ut
3504 1863 3648 1919 supra
3670 1845 3837 1917 Scriptu-
3928 1890 3929 1903 χ

2350 1958 2534 1997 rarum
2556 1952 2610 1999 et
2634 1943 3022 1999 catholicorum
3043 1943 3268 1999 Patrum
3293 1940 3565 1998 sententiis
3592 1939 3838 1995 demonstra-

2351 2038 2555 2104 vimus,
2597 2037 2640 2092 si
2666 2036 2875 2092 solutus
2897 2036 3060 2091 fuerit
3087 2052 3115 2091 a
3145 2037 3265 2108 lege
3294 2034 3544 2106 conjugis,
3575 2034 3691 2090 sicut
3705 2032 3836 2087 Paulus
3928 2020 3929 2031 “

2354 2127 2483 2183 dicit
2511 2128 2577 2183 de
2602 2144 2802 2184 uxore:
2827 2127 3007 2183 Nubat
3031 2131 3115 2183 cui
3147 2129 3392 2192 voluerit,
3420 2137 3605 2182 tantum
3627 2126 3672 2180 in
3685 2124 3834 2177 Domitio

2354 2219 2403 2290 (I
2421 2219 2542 2273 Cor.
2558 2236 2654 2285 vn,
2672 2220 2784 2293 59),
2806 2222 2936 2276 «hoc
2947 2231 3052 2288 est,
3069 2220 3457 2275 utAmbrosius
3472 2217 3608 2284 dicit,
3624 2216 3716 2271 sine
3727 2212 3835 2282 suspi-

2348 2311 2507 2365 cione
2524 2310 2871 2381 turpitudinis
2902 2313 3072 2366 nubat
3092 2320 3150 2367 et
3173 2309 3455 2381 religionis
3477 2322 3580 2363 suae
3601 2307 3696 2361 viro
3712 2303 3832 2363 nubat,

2350 2404 2453 2459 hoc
2467 2412 2550 2459 est
2566 2404 2619 2458 in
2635 2403 2865 2459 Domino
2878 2404 3102 2459 nubere.
3117 2402 3252 2470 Quae
3266 2401 3462 2457 solutio
3486 2408 3535 2455 et
3556 2398 3680 2453 licita
3697 2392 3833 2464 copuh-
3928 2416 3929 2461 γ

2354 2497 2676 2562 tio,duobus
2698 2496 3033 2568 intelligitur,
3048 2505 3103 2552 et
3121 2497 3335 2552 duobus
3361 2495 3420 2548 fit
3439 2493 3613 2548 modis.
3638 2486 3833 2561 Scilicetin
3928 2550 3929 2579 1

2355 2590 2440 2645 his
2466 2591 2559 2661 qui
2592 2598 2685 2644 aut
2710 2605 2987 2660 nunquam
3019 2589 3193 2660 legale
3220 2588 3457 2644 inierunt
3484 2583 3755 2654 coniugium,
3775 2585 3831 2631 aut

2354 2691 2528 2737 morte
2557 2683 2925 2738 intercedente
2950 2682 3110 2737 soluti
3146 2689 3276 2736 sunt
3310 2696 3342 2734 a
3371 2679 3484 2749 lege
3511 2674 3725 2746 conjugii,
3744 2672 3832 2725 sicut

2353 2774 2552 2830 Paulus
2585 2776 2717 2829 dicit
2744 2789 2758 2828 :
2798 2774 2923 2829 Dico
2954 2783 3130 2829 autem
3160 2791 3273 2827 non
3314 2771 3485 2843 nuptis
3520 2778 3563 2825 et
3590 2767 3748 2829 viduis,
3776 2764 3832 2816 io-

2351 2885 2475 2922 num
2503 2876 2576 2923 est
2604 2866 2708 2921 illis
2739 2868 2785 2925 si
2816 2868 2889 2922 sic
2915 2863 3259 2938 permaneant
3284 2907 3299 2930 ,
3332 2866 3463 2919 sicut
3495 2871 3537 2916 et
3564 2877 3659 2932 ego.
3686 2852 3833 2923 Quodsi

2353 2982 2455 3018 non
2484 2980 2537 3017 se
2574 2964 2858 3029 continent,
2891 2962 3087 3016 nubant
3139 2958 3191 3029 (Ι
3223 2958 3347 3014 Cor.
3380 2973 3470 3023 vn,
3497 2955 3566 3027 8).
3595 2974 3609 3005 ι
3652 2950 3703 3005 Et
3722 2950 3829 3003 item:

2351 3053 2566 3111 Solutus
2594 3072 2647 3109 es
2678 3055 2741 3108 ab
2771 3053 2974 3108 uxore?
3022 3070 3084 3107 ne
3113 3052 3390 3120 qua'sieris
3417 3062 3611 3104 uxorem
3634 3060 3649 3098 :
3670 3043 3705 3095 si
3723 3048 3833 3093 autem

724 3144 959 3203 Sanctus
1004 3145 1114 3225 Leo
1178 3164 1314 3221 papa
1374 3154 1440 3207 ad
1500 3154 1783 3211 Rusticum
1834 3156 2242 3217 Narbonensem
2272 3122 2317 3185 Ο
2350 3151 2608 3220 acceperis
2638 3165 2850 3202 uxorem
2878 3189 2892 3213 ,
2935 3164 3038 3201 non
3064 3146 3298 3217 peccasti
3334 3161 3352 3200 :
3385 3154 3429 3199 et
3452 3143 3494 3198 si
3519 3136 3708 3210 nupserit
3729 3146 3833 3225 ergo.

650 3240 958 3312 episcopum
981 3242 1269 3312 respondet
1292 3244 1479 3300 dicens
1506 3246 1675 3317 (epist.
1705 3247 1794 3314 95,
1823 3267 1938 3320 cap.
1966 3250 2058 3324 25)
2086 3271 2099 3307 :
2138 3272 2155 3305 ι
2186 3253 2246 3310 ιιι

654 3332 1015 3390 adolescentia
1041 3338 1388 3405 constitutus,
1430 3339 1474 3393 si
1503 3349 1731 3411 urgente
1782 3351 1876 3396 aut
1920 3354 2065 3400 metu
2095 3362 2243 3402 mor-

655 3425 762 3492 tis,
798 3435 892 3482 aut
941 3428 1270 3499 captivitatis
1309 3430 1581 3500 periculo,
1633 3433 2007 3501 paenitentiam
2055 3438 2242 3508 gessit,

611 3518 708 3573 'et
751 3528 963 3589 postea,
1021 3519 1219 3577 timens
1272 3521 1481 3591 lapsum
1514 3523 1922 3582 incontinentiae
1965 3525 2240 3595 juvenilis,

654 3607 900 3677 copulam
944 3610 1132 3666 uxoris
1176 3612 1338 3683 elegit
1380 3628 1452 3668 ne
1490 3614 1696 3670 crimen
1748 3616 2120 3676 fornicationis
2165 3620 2248 3675 in-

653 3710 924 3769 curreret,
972 3717 1086 3758 rem
1143 3705 1359 3761 videtur
1408 3707 1602 3764 fecisse
1649 3710 1939 3777 venialem,
1972 3712 2015 3767 si
2047 3720 2247 3782 praeter

652 3795 938 3869 conjugem
974 3798 1177 3854 nullam
1218 3802 1439 3858 omnino
1461 3805 1816 3875 cognoverit:
1850 3806 1902 3860 in
1929 3822 2036 3875 quo
2065 3814 2246 3862 tamen

654 3902 762 3944 non
794 3889 1031 3960 regulam
1067 3892 1469 3961 constituimus,
1527 3895 1621 3950 sed
1649 3896 1777 3965 quid
1814 3896 1883 3951 sit
1910 3896 2246 3954 tolerabilius

654 3985 1027 4043 aestimamus:
1085 3986 1218 4042 Nam
1271 3992 1568 4047 secundum
1622 3979 1805 4048 vera'm
1860 3995 2242 4066 cognitionem,

654 4076 789 4130 nihil
832 4078 1007 4150 magis
1052 4078 1103 4133 ei
1151 4081 1431 4152 congruit,
1485 4082 1577 4153 qui
1626 4085 2001 4154 ptenitentiam
2057 4087 2243 4157 gessit,

653 4184 816 4239 quam
841 4170 1065 4226 castitas
1092 4186 1447 4242 perseverans
1487 4174 1684 4230 mentis
1714 4183 1766 4230 et
1795 4176 2060 4247 corporis.
2092 4198 2110 4230 ι
2140 4176 2247 4234 Sed

650 4269 703 4314 et
729 4261 854 4317 hinc
876 4262 928 4317 in
954 4261 1213 4318 'l‘oletano
1240 4263 1468 4319 concilio
1491 4263 1611 4337 (vi),
1635 4250 1810 4336 capite
1834 4276 2060 4323 octavo:
2093 4286 2112 4319 ι
2136 4269 2248 4322 An-

650 4352 784 4423 tiqui
815 4362 869 4407 et
895 4354 1227 4410 sanctissimi
1253 4363 1337 4410 est
1358 4356 1528 4426 patris
1554 4359 1822 4413 sententia
1848 4374 2001 4429 papae
2026 4357 2243 4424 Leonis,

650 4453 711 4499 ut
735 4445 781 4500 is
806 4446 899 4514 qui
933 4445 986 4499 in
1031 4452 1191 4501 aetate
1231 4447 1607 4503 adolescentiae
1638 4450 1846 4521 positus
1888 4452 2014 4506 dum
2048 4452 2240 4508 mortis

652 4533 907 4589 formidat
957 4549 1162 4602 casum,
1223 4541 1534 4607 pervenerit
1566 4542 1634 4596 ad
1683 4543 2016 4613 poenitentiae
2067 4560 2242 4602 reme-

649 4624 934 4691 dium,,si
979 4626 1299 4698 conjugatus
1355 4627 1497 4686 forte
1546 4630 1709 4688 fuerit
1757 4634 2122 4703 incontinens,
2174 4653 2244 4693 ne

647 4724 838 4786 postea
861 4714 1108 4772 adulterii
1131 4717 1370 4776 incurrat
1391 4722 1623 4793 lapsum,
1656 4725 1839 4781 redeat
1861 4728 1926 4805 ad
1951 4729 2242 4798 pristinum

650 4809 981 4882 conjugium,
1019 4827 1301 4884 quousque
1328 4816 1498 4885 possit
1524 4817 1692 4890 669
1719 4820 1947 4891 adipisci
1980 4822 2240 4893 temporis

649 4893 968 4959 maturrta’te
1012 4907 1359 4963 continentiae
1401 4916 1622 4964 statum.
1673 4910 1820 4979 Quos
1864 4929 1965 4969 nos
1996 4915 2138 4971 sicut
2172 4915 2241 4971 de

647 4996 812 5064 viris,
854 4997 931 5053 ita
959 5008 1013 5055 et
1043 5001 1111 5056 de
1150 5001 1366 5058 feminis
1396 5019 1549 5074 aequo
1580 5008 1738 5061 modo
1767 5024 2052 5065 censemus
2077 5051 2092 5076 ,
2132 5026 2239 5068 non

648 5089 867 5159 quidem
899 5092 1003 5147 hoc
1029 5094 1357 5165 generaliter
1399 5103 1453 5151 et
1486 5096 1725 5169 legitime
1754 5110 2081 5173 prteceptum
2100 5144 2114 5169 ,
2146 5103 2241 5160 sed
2272 5112 2301 5124 ⁶

650 5192 863 5240 constat
890 5200 921 5239 a
949 5186 1106 5242 nobis
1132 5201 1231 5258 pro
1258 5187 1491 5245 humana
1516 5188 1809 5262 fragilitate
1836 5193 2101 5251 indultum
2129 5215 2143 5251 :
2175 5210 2238 5252 ea

650 5273 915 5330 duntaxat
950 5278 1164 5335 ratione
1188 5321 1204 5346 ,
1251 5289 1312 5334 ut
1353 5281 1398 5337 si
1446 5281 1493 5338 is
1536 5284 1626 5353 qui
1667 5286 1999 5355 paenitentiae
2028 5303 2134 5342 non
2164 5296 2247 5345 est

652 5363 863 5437 legibus
892 5367 1103 5425 deditus
1126 5411 1142 5437 ,
1181 5379 1306 5426 ante
1332 5374 1400 5428 ab
1425 5374 1527 5429 hac
1552 5377 1663 5430 vita
1696 5377 2045 5443 discesserit,
2082 5396 2245 5451 qnam

647 5472 716 5514 ex
744 5475 1014 5517 consensu
1045 5464 1112 5519 ad
1139 5466 1526 5524 continentiam
1555 5484 1746 5526 eorum
1779 5472 1921 5527 unde
1964 5472 2128 5528 fuerit
2159 5488 2245 5528 re-

649 5565 915 5622 gressus,
969 5557 1249 5625 superstiti
1299 5575 1402 5614 non
1455 5558 1617 5615 liceat
1672 5561 1850 5617 denuo
1903 5564 1968 5618 ad
2025 5565 2244 5620 uxorios

650 5646 884 5701 transire
911 5649 1213 5718 amplexus.
1247 5649 1302 5706 Si
1335 5661 1513 5707 autem
1539 5653 1683 5710 illius
1714 5655 1821 5709 vita
1850 5656 2119 5712 exstiterit
2148 5672 2242 5712 su-

648 5744 879 5817 perstes,
909 5740 1002 5814 qui
1041 5758 1150 5800 non
1184 5744 1395 5818 accepit
1424 5746 1855 5805 benedictionem
1902 5750 2236 5821 paenitentis,

2267 4501 2323 4563 D

2353 3260 2453 3296 non
2496 3241 2724 3312 peccabit
2776 3239 2972 3313 (ibid).
3025 3239 3175 3307 Quod
3224 3254 3378 3311 aeque
3419 3238 3482 3292 de
3510 3228 3711 3290 masculo
3732 3234 3769 3281 et
3788 3222 3833 3276 fe-

2352 3333 2495 3387 mina
2528 3332 2862 3404 intelligitur,
2903 3332 3211 3387 communis
3244 3340 3301 3386 et
3341 3328 3479 3385 enim
3510 3321 3691 3398 generis
3723 3316 3833 3371 hiet‘l

2353 3427 2466 3480 haec
2494 3426 2664 3497 virgo,
2698 3435 2752 3480 et
2780 3427 2882 3481 hoc
2918 3426 3263 3480 demonstrat
3296 3425 3657 3493 subsequenter
3677 3414 3833 3482 Aposto-

2350 3517 2432 3572 lus
2463 3520 2645 3573 diccns
2673 3538 2684 3571 :
2720 3516 3105 3573 Tribulationes
3135 3526 3317 3572 tamen
3357 3515 3523 3570 carnis
3549 3500 3831 3601 habebunth-

2340 3610 2578 3681 jusmodi
2652 3609 2870 3682 (ibid.
2949 3610 3121 3679 Quam
3191 3610 3516 3665 sententiam
3574 3611 3621 3658 et
3670 3599 3711 3653 in
3760 3599 3833 3682 illi)

2350 3676 2404 3760 et
2435 3706 2485 3759 in
2529 3676 2725 3760 femina
2770 3676 2992 3775 exponit
3025 3702 3352 3758 Ambrosius
3386 3718 3399 3754 :
3440 3719 3456 3751 ‹
3484 3695 3561 3752 Fit
3588 3693 3718 3785 etin“)
3742 3676 3832 3785 illo"

2349 3795 2477 3852 licet
2508 3796 2772 3863 illicitum,
2808 3796 2863 3857 in
2895 3794 2979 3851 his
3005 3794 3095 3865 qui
3134 3794 3257 3851 sine
3306 3793 3458 3864 culpa
3508 3788 3568 3844 ad
3614 3780 3832 3851 coniugium

2350 3889 2538 3943 venire
2571 3897 2839 3959 poterant,
2874 3897 2930 3944 et
2959 3886 3131 3957 majus
3161 3887 3364 3942 bonum
3394 3883 3566 3939 subire
3595 3871 3830 3948 proponunt,

2350 3978 2659 4050 bonumque
2704 3979 2883 4033 minus
2908 4019 2922 4045 ,
2962 3976 3104 4049 quod
3142 3976 3337 4044 licuit,
3376 3973 3601 4029 illicitum
3633 3963 3827 4020 faciunt!

2352 4066 2505 4123 Unde
2532 4069 2792 4139 scriptum
2821 4077 2905 4122 est
2934 4085 2946 4121 :
2975 4066 3143 4121 Nemo
3170 4082 3370 4136 ponens
3396 4076 3595 4117 manum
3614 4066 3736 4125 super
3753 4059 3832 4099 αἵδ’

2350 4170 2489 4216 trum
2537 4172 2583 4215 et
2630 4159 2906 4231 respiciens
2958 4170 3134 4226 retro,
3182 4170 3339 4229 aptus
3378 4166 3451 4212 est
3492 4168 3627 4224 regno
3662 4142 3832 4200 σιτίσαι
3928 4148 3929 4151 “

2351 4253 2503 4327 (Luc.
2538 4269 2613 4322 Ix,
2641 4253 2754 4325 52).
2803 4253 2904 4321 Qui
2938 4253 3100 4324 igitur
3138 4252 3353 4309 fortiori
3397 4248 3564 4341 studio
3594 4237 3830 4341 intenderit}:

2350 4356 2498 4403 retro
2536 4346 2849 4417 conspicere
2887 4345 3248 4413 convincitur,
3290 4347 3356 4411 si,
3382 4339 3574 4400 relictis
3609 4335 3732 4389 bonis
3760 4336 3834 4379 am‘

2349 4439 2633 4511 plioribus,
2661 4440 2727 4494 ad
2753 4439 2975 4493 minima
3006 4446 3373 4509 retorquetur.
3427 4433 3509 4488 Fit
3540 4437 3589 4484 et
3623 4417 3829 4512 interdum

2349 4498 2513 4588 causa
2553 4546 2659 4585 non
2687 4531 3079 4587 contemnenda
3114 4527 3516 4590 interveniente,
3547 4514 3669 4589 quod
3691 4498 3833 4605 θυι-,ιιι

2348 4626 2556 4682 licitum
2584 4626 2814 4689 licitum,
2850 4640 2973 4679 cum
3000 4622 3247 4694 legaliter
3269 4621 3455 4676 initum
3486 4597 3832 4694 conjugiulltdif'

2348 4717 2483 4773 solvi
2523 4684 2870 4788 permittitur
2927 4684 3094 4788 376
3150 4729 3314 4771 causa
3369 4701 3683 4766 inﬁdelitatis.
3731 4684 3831 4746 Unde

2346 4787 2547 4869 Paulus
2571 4813 2704 4868 dicit
2735 4830 2747 4865 :
2778 4809 2837 4866 Si
2861 4813 2975 4883 quis
2999 4811 3164 4881 frater
3194 4823 3405 4865 uxorem
3433 4804 3604 4859 habeat
3624 4787 3828 4883 Μίκων

2350 4918 2399 4964 et
2421 4909 2531 4965 haec
2557 4907 2810 4962 consentit
2833 4880 3070 4960 habitare
3103 4921 3220 4959 cum
3242 4901 3354 4966 illo,
3382 4915 3479 4954 non
3503 4891 3695 4950 dimittat
3715 4880 3827 4936 ειιαιι

2351 5001 2419 5057 Et
2450 5005 2494 5059 si
2516 5019 2620 5075 qua
2648 5001 2837 5055 mulier
2863 5000 3012 5054 habet
3034 5000 3201 5055 uirum
3225 4994 3504 5067 inﬁdelem,
3525 4997 3569 5044 et
3589 4984 3659 5039 hic

2350 5098 2410 5151 tit
2454 5063 2692 5151 habitare
2730 5110 2848 5148 cum
2889 5092 3020 5159 illa,
3070 5108 3170 5147 non
3208 5063 3460 5160 relinquat
3502 5081 3645 5172 "in?"
3677 5063 3825 5172 ,ἵκετ’

2354 5205 2451 5254 vn,
2480 5188 2603 5260 12);
2648 5196 2703 5241 et
2747 5196 2868 5257 post
2904 5152 3077 5257 pauca
3112 5202 3125 5239 ε
3162 5181 3315 5249 Ωιιοά
3350 5152 3399 5235 '3'.
3434 5169 3634 5268 “ﬁdde

2351 5252 2595 5336 discedet
2631 5252 2836 5351 (ibid);
2884 5252 2965 5333 vel
3004 5294 3127 5333 cum
3172 5291 3331 5332 causa
3377 5252 3827 5362 fornicati-ullisAlli“:r

2351 5343 2697 5446 relinquitur,
2732 5343 2797 5427 de
2824 5343 2941 5441 qua
2981 5371 3107 5427 item
3143 5366 3339 5425 Paulus
3383 5360 3505 5420 dicit
3546 5376 3558 5412 :
3591 5343 3823 5482 353:1;

2430 5471 2440 5480 .
2490 5469 2501 5480 .
2669 5468 2729 5482 _.
2864 5468 2874 5476 .
2946 5467 2957 5479 .
3071 5467 3104 5482 ,,
3165 5481 3169 5482 ν
3235 5473 3247 5482 η
3305 5455 3531 5482 _________.l_
3558 5459 3682 5482 ΜΗ
3735 5475 3743 5482 ι

2353 5471 2440 5540 qui
2484 5469 2537 5522 in
2574 5468 2906 5522 matrimonio
2928 5467 3104 5537 juncti
3130 5473 3271 5526 sunt,
3300 5455 3531 5531 principio
3556 5464 3640 5546 not!

2356 5561 2631 5627 Dominus,
2656 5576 2869 5613 uxorem
2895 5578 2925 5613 a
2947 5560 3057 5613 viro
3082 5576 3185 5612 non
3205 5554 3484 5615 discedere;
3501 5539 3621 5616 quod
3636 5553 3671 5590 ει
3685 5531 3819 5659 (illi?

2444 5654 2454 5659 -
2774 5652 2785 5659 .
3223 5648 3233 5658 ο
3456 5650 3569 5659 _.--...
3601 5641 3680 5659 nni!
3802 5633 3819 5645 ⁸

2352 5654 2496 5718 serit,
2530 5668 2740 5705 manere
2768 5652 3061 5722 innuptam,
3103 5659 3150 5703 et
3188 5648 3350 5703 virum
3378 5650 3571 5697 uxorem
3598 5641 3680 5683 non
3700 5619 3831 5722 dumi,

2353 5703 2468 5803 is};
2483 5703 2698 5818 ’ucs.
2721 5703 2818 5811 ut,
2853 5703 3165 5818 ιῶζρυοιι
3192 5753 3347 5811 εειιιιει
3368 5734 3513 5789 lance
3546 5722 3761 5798 ρθηεθωτ»
3778 5703 3818 5753 ⁸³⁸
