4026 6340
134 274 253 331 7'53

1094 273 1198 329 ’ΒΕ
1236 273 1560 330 DlVORTlO
1600 272 1928 329 LOTHARII
1969 274 2061 329 ET
2103 273 2516 330 TETBERGI’E.

3313 275 3419 332 734

135 384 188 441 si
213 382 516 451 dimiserit,
549 385 605 441 in
635 384 881 440 cazlibatu
910 392 1248 454 permaneat.
1290 383 1420 451 Quae
1448 382 1738 452 disjunctio
1764 388 1813 447 Α
1844 384 2124 450 transitur,
2148 386 2292 440 idem
2320 395 2538 443 sanctus
2567 387 2676 442 Leu
2700 388 2765 443 ad
2796 387 3078 444 Rusticum
3109 386 3423 445 Narbonen-

136 475 292 530 inter
328 475 516 532 ﬁdeles
539 482 665 546 post
690 475 887 531 initum
912 472 1219 546 conjugium
1249 473 1362 530 ﬁeri
1393 490 1502 529 non
1534 480 1732 544 potest,

135 565 257 625 nisi
293 583 466 624 causa
504 566 914 632 fornicationis,
959 575 1015 621 et
1049 580 1236 622 amore
1263 565 1628 621 continentiae.
1671 564 1739 620 Et

137 657 209 715 iit
248 660 398 729 quod
447 666 570 715 erat
612 657 859 714 illicitum
915 656 1247 728 indulgentia
1297 656 1504 711 licitum
1532 696 1547 721 ,
1599 655 1740 711 sicut

140 752 294 807 idem
335 749 538 806 Paulus
565 750 621 805 in
645 748 945 805 minoribus
979 748 1143 803 etiam
1172 749 1239 804 de
1269 749 1481 821 magnis
1521 749 1738 803 demon-

140 851 289 900 strat
333 842 565 898 dicens:
598 840 715 899 Hoc
749 850 924 895 autem
968 840 1085 894 dico
1134 841 1418 896 secundum
1466 840 1740 909 indulgen-

138 935 316 998 tiam,
364 950 473 988 non
510 931 796 988 secundum
832 932 1107 1009 imperium
1154 931 1332 1001 (ibid.,
1375 930 1470 1002 6),]
1496 946 1619 985 cum
1656 931 1741 985 vir

140 1035 202 1082 et
229 1025 435 1081 mulier
466 1032 689 1097 propter
715 1024 1128 1080 fornicationem
1159 1023 1420 1092 separati,
1448 1022 1494 1077 si
1524 1036 1582 1077 se
1611 1037 1741 1078 con-

141 1120 330 1176 tinere
353 1134 462 1176 non
491 1127 738 1192 possunt,
760 1119 827 1175 ad
851 1118 1082 1174 invicem
1111 1117 1547 1174 reconcilientur.
1582 1114 1740 1172 Illici-

144 1218 263 1264 tum
294 1210 445 1266 enim
474 1217 596 1264 erat
623 1216 682 1263 ut
703 1209 770 1263 ad
799 1208 1050 1263 unionem
1077 1208 1278 1272 carnis,
1305 1222 1468 1276 quam
1498 1205 1742 1262 sociave-

141 1309 273 1357 rant
314 1299 671 1366 fornicantes,
710 1301 1021 1356 revenirent
1044 1301 1136 1371 qui
1174 1301 1227 1354 in
1255 1300 1585 1357 continentia
1619 1284 1743 1368 per-

141 1409 375 1449 manere
397 1394 696 1450 debuerant
724 1409 740 1448 :
767 1395 1073 1464 praesertim
1099 1411 1222 1451 cum
1251 1394 1393 1449 dicat
1420 1393 1736 1462 Scriptura:

144 1482 250 1550 Qui
274 1494 416 1540 tenet
439 1484 734 1540 adulteram
757 1483 947 1539 stultus
968 1493 1014 1538 et
1036 1484 1226 1555 impius
1256 1501 1328 1538 est
1371 1482 1552 1553 (Prov.
1580 1495 1738 1547 xvnt,

140 1575 283 1646 εξ).
337 1575 470 1644 Sed,
502 1585 564 1632 ut
595 1586 817 1632 sanctus
854 1577 1191 1647 Augustinus
1233 1575 1286 1631 in
1329 1575 1465 1631 libro
1497 1575 1563 1629 de
1591 1573 1741 1629 Bono

142 1666 415 1740 conjngali
446 1670 579 1724 dicit
611 1688 623 1723 :
670 1688 688 1720 ι
717 1669 949 1740 Propter
993 1669 1167 1740 majus
1212 1669 1446 1734 malum,
1479 1667 1738 1723 toleratur

142 1762 289 1832 quod
338 1762 520 1819 minus
569 1772 654 1818 est
708 1778 956 1833 pravum.
1007 1782 1028 1816 ι
1102 1762 1360 1818 Dominus
1413 1761 1558 1816 enim
1612 1747 1817 1814 dicitB

144 1851 367 1923 (Matth.
392 1868 505 1918 xxx,
536 1851 588 1925 l)
629 1853 756 1923 quia
796 1853 880 1909 vir
913 1861 969 1908 et
998 1868 1136 1909 uxor
1168 1860 1389 1922 propter
1428 1849 1739 1907 fornicatio—

142 1961 268 2002 nem
309 1946 383 2000 ab
411 1945 643 2002 invicem
684 1946 960 2017 separati,
1012 1946 1058 2001 si
1085 1946 1208 2002 aliis
1237 1960 1297 2002 se
1336 1944 1737 2014 conjunxerint,

140 2037 457 2093 adulteram
485 2057 498 2093 :
529 2049 583 2094 et
623 2039 716 2108 qui
750 2039 1032 2110 junxerint
1078 2054 1137 2095 se
1181 2039 1329 2107 aliis,
1376 2040 1737 2094 mmchautur.

141 2129 286 2185 llinc
326 2138 386 2186 et
408 2130 464 2185 in
494 2130 634 2187 libro
660 2131 727 2187 de
758 2130 1023 2188 Sermone
1049 2131 1261 2187 Domini
1292 2132 1345 2186 in
1368 2135 1571 2197 monte,
1603 2140 1657 2185 et
1682 2131 1739 2187 in

140 2223 300 2280 libris
319 2222 790 2281 Retractationum
819 2225 1165 2296 apertissime
1194 2225 1345 2291 dicit,
1375 2226 1519 2295 quod
1561 2235 1616 2280 et
1648 2226 1742 2281 de—

140 2324 415 2372 monstrat
435 2317 787 2375 innocentius
809 2318 876 2373 ad
903 2317 1237 2388 Exuperium
1266 2317 1592 2374 Tolosanum
1624 2318 1739 2389 θρί-

141 2424 370 2480 scopum
392 2451 407 2476 ,
458 2402 599 2468 sietit
651 2427 816 2482 supra
853 2412 1132 2480 posuimus
1167 2429 1181 2466 :
1219 2431 1237 2464 ι
1265 2410 1609 2468 Manifestum
1654 2420 1737 2468 est

141 2502 322 2566 enim,
363 2510 423 2556 ut
450 2503 579 2558 item
612 2504 945 2575 Augustinus
990 2503 1140 2569 dicit,
1186 2503 1341 2574 pejus
1384 2519 1504 2559 esse
1532 2502 1741 2558 adulte-

144 2593 283 2648 rium
312 2607 477 2662 quam
526 2592 965 2651 fornicationem.
998 2595 1111 2651 Nec
1151 2596 1273 2651 ideo
1303 2596 1444 2650 bona
1486 2596 1593 2651 erit
1632 2595 1739 2650 for-

143 2684 350 2739 uicatio
376 2723 392 2749 ,
440 2685 567 2754 quia
609 2684 764 2755 pejus
798 2692 883 2742 est
910 2686 1259 2752 adulterium,
1293 2688 1551 2756 quoniam
1584 2687 1738 2757 pejus

143 2786 228 2831 est
254 2775 496 2833 alienum
525 2780 934 2834 matrimonium
983 2780 1218 2845 violare,
1257 2796 1418 2849 quam
1462 2778 1738 2834 meretrici

143 2866 449 2924 adherere.
480 2866 593 2924 Nec
614 2869 818 2925 bonum
846 2878 931 2926 est
952 2871 1303 2936 adulterium,
1326 2872 1455 2941 quia
1478 2881 1563 2927 est
1584 2869 1739 2943 pejor

142 2962 430 3019 incestus:
462 2962 615 3033 pejus
658 2973 741 3020 est
787 2966 931 3021 enim
978 2981 1099 3021 cum
1166 2975 1341 3020 matre
1389 2981 1553 3035 quam
1609 2981 1735 3022 cum

142 3058 319 3114 aliena
349 3073 520 3114 uxore
545 3060 930 3127 concumbere,
970 3069 1023 3116 et
1058 3061 1234 3116 donec
1258 3059 1325 3115 ad
1361 3076 1423 3116 ea
1453 3060 1739 3131 pervenia—

1846 489 1959 530 sem
1977 476 2291 547 episcopum
2308 479 2647 534 demonstrat
2668 480 2853 535 dicens
2868 478 3036 551 (epist.
3053 478 3141 542 95,
3158 494 3279 549 cap.
3298 476 3418 551 18):

1850 587 1869 620 ι
1898 566 2016 623 Non
2044 570 2224 625 omnis
2251 570 2448 626 mulier
2471 572 2658 641 juncta
2691 572 2813 627 viro
2847 587 2983 628 uxor
3015 579 3102 627 est
3132 570 3269 636 viri,
3295 569 3424 639 quia

1845 676 1946 716 nec
1970 662 2149 719 omnis
2178 661 2322 719 ﬁlius
2351 665 2526 721 haeres
2547 674 2631 721 est
2658 666 2850 737 patris.
2882 664 3203 736 Nuptiarum
3238 671 3425 721 autem

1846 753 2053 809 foedera
2082 753 2224 808 inter
2255 755 2519 827 ingenuos
2545 767 2672 813 sunt
2698 758 2936 828 legitima
2954 798 2969 824 ,
2994 766 3053 813 et
3078 757 3221 812 inter
3246 768 3427 825 aequa-

1846 847 1945 913 les,
1973 847 2144 902 multo
2179 849 2330 914 prius
2376 851 2479 904 hoc
2526 851 2701 921 ipsum
2750 849 2979 905 Domino
3020 848 3384 905 constituente
3408 884 3424 911 ,

1846 959 2007 1014 quam
2040 945 2255 1001 initium
2282 944 2513 1000 Romani
2554 943 2693 1012 juris
2732 945 3007 1013 existeret.
3053 943 3243 1013 Itaque
3281 939 3430 995 aliud

1845 1048 1928 1093 est
1959 1055 2118 1105 uxor,
2146 1040 2296 1094 aliud
2322 1037 2624 1095 concubina
2644 1077 2659 1101 ,
2685 1036 2829 1092 sicut
2854 1035 3000 1092 aliud
3023 1034 3217 1091 ancilla
3236 1075 3253 1101 ,
3284 1033 3430 1090 aliud

1845 1128 2035 1185 libera.
2060 1130 2289 1202 Propter
2315 1130 2457 1202 quod
2485 1130 2648 1185 etiam
2676 1127 2964 1199 Apostolus
2982 1128 3050 1183 ad
3076 1125 3430 1183 manifestan-

1846 1220 1969 1274 dam
2000 1222 2194 1276 barum
2220 1236 2574 1291 personarum
2603 1218 2993 1275 discretionem
3012 1258 3029 1283 ,
3058 1216 3429 1274 testimonium

1844 1312 1995 1382 ponit
2017 1328 2082 1368 ex
2104 1312 2322 1380 Genesi,
2351 1314 2441 1368 ubi
2463 1313 2663 1368 dicitur
2682 1311 2918 1367 Abrahae
2946 1326 2960 1365 :
2986 1306 3135 1380 Ejice
3155 1306 3428 1372 ancillam,

1843 1415 1891 1458 et
1918 1405 2087 1473 [ilium
2110 1406 2225 1476 ejus
2253 1426 2266 1460 :
2301 1424 2409 1463 non
2431 1408 2568 1462 enim
2593 1407 2759 1462 ha'res
2781 1407 2877 1461 erit
2901 1405 3045 1474 ﬁlius
3069 1402 3276 1459 ancilla:
3314 1416 3433 1456 cum

1844 1496 1956 1565 ﬁlio
1980 1514 2092 1552 meo
2114 1496 2270 1553 Isaac
2295 1497 2437 1569 (Gal.
2467 1514 2541 1563 tv,
2572 1498 2674 1563 50;
2698 1496 2831 1553 Cen.
2854 1512 2967 1560 xxr,
2993 1494 3104 1567 10).
3131 1492 3284 1550 Unde
3310 1504 3432 1547 cum
3489 1566 3502 1574 Α.

1845 1588 2080 1644 societas
2112 1589 2424 1659 nuptiarum
2460 1589 2535 1644 ita
2581 1590 2650 1643 ab
2696 1587 2854 1643 initio
2893 1585 3183 1643 constituta
3226 1583 3329 1647 sit,
3373 1591 3433 1637 ut
3484 1572 3497 1585 ⁸

1845 1692 2043 1750 praeter
2072 1696 2299 1736 sexuum
2332 1681 2771 1751 conjunctionem
2809 1680 3040 1735 haberet
3076 1676 3243 1733 etiam
3282 1674 3337 1730 in
3375 1685 3435 1729 se

1848 1770 2050 1825 Christi
2081 1779 2135 1826 et
2163 1770 2420 1826 Ecclesiae
2460 1778 2893 1834 sacramentum,
2930 1766 3151 1823 dubium
3188 1779 3296 1820 non
3350 1769 3433 1823 est

1845 1876 1967 1915 eam
2016 1861 2298 1917 mulierem
2345 1876 2452 1917 non
2485 1861 2758 1930 pertinere
2794 1860 2861 1914 ad
2891 1855 3296 1914 matrimonium
3322 1893 3336 1920 ,
3377 1852 3433 1908 in

1845 1967 1948 2021 qua
1997 1967 2105 2009 non
2155 1953 2381 2007 docetur
2431 1952 2689 2022 nuptiale.
2719 1950 2884 2008 fuisse
2933 1948 3273 2021 mysterium.
3312 1965 3332 2000 ι
3367 1944 3435 2001 Et

1844 2045 1973 2099 item
2006 2062 2020 2099 :
2056 2065 2075 2096 ι
2107 2045 2370 2100 Ancillam
2399 2046 2482 2100 vel
2511 2044 2869 2101 concubinam
2892 2060 2926 2099 a
2955 2052 3073 2099 toro
3100 2041 3357 2113 abjicerc,
3381 2048 3431 2097 et

1844 2153 2067 2193 uxorem
2112 2148 2273 2219 certae
2306 2138 2663 2209 ingenuitatis
2705 2138 2985 2207 accipere,
3011 2151 3120 2192 non
3143 2131 3437 2205 duplicatio

1843 2230 2099 2302 conjugii,
2130 2232 2224 2286 sed
2256 2231 2532 2301 profectus
2556 2242 2641 2287 est
2668 2230 2971 2287 honestatis
2997 2248 3010 2285 :
3040 2228 3299 2299 quoniam
3331 2240 3430 2296 pa-

1845 2331 2004 2377 terno
2027 2323 2252 2377 arbitrio
2274 2324 2407 2379 viris
2424 2324 2631 2395 juncta:
2651 2331 2844 2378 carent
2870 2321 3054 2392 culpa,
3080 2321 3128 2377 si
3154 2317 3433 2382 mulieres,

1842 2431 1962 2485 quae
1985 2434 2015 2470 a
2050 2418 2179 2472 viris
2205 2418 2565 2483 habebantur,
2594 2418 2649 2473 in
2681 2416 3030 2473 matrimonio
3059 2430 3167 2470 non
3193 2413 3439 2478 fuerunt,

1842 2508 1967 2577 quia
1999 2507 2140 2561 aliud
2169 2517 2256 2562 est
2285 2516 2474 2579 nupta,
2505 2508 2651 2562 aliud
2675 2508 2998 2563 concubina.
3023 2526 3043 2560 ι
3070 2507 3148 2562 De
3169 2518 3275 2559 non
3295 2504 3438 2560 bono

1843 2605 2027 2651 autem
2070 2598 2137 2652 ad
2182 2599 2417 2664 bonum,
2460 2613 2775 2668 quanquam
2806 2614 2914 2655 non
2946 2596 3082 2653 satis
3112 2596 3436 2660 honestum,

1843 2690 2124 2750 transitur,
2176 2691 2316 2745 sicut
2366 2690 2507 2746 idem
2560 2690 2668 2746 Leo
2710 2691 2799 2746 ubi
2852 2704 3018 2759 supra
3057 2686 3435 2751 demonstrat,

1841 2780 2057 2849 quando
2078 2779 2383 2835 concubina
2415 2779 2557 2836 forte
2581 2782 2814 2852 ingenua
2838 2779 3001 2843 facta,
3021 2779 3066 2835 si
3099 2777 3280 2833 fuerat
3302 2784 3433 2832 ante

1841 2869 2060 2935 ancilla,
2092 2881 2148 2924 et
2172 2870 2357 2926 dotata
2384 2871 2642 2943 legitime,
2670 2880 2725 2927 et
2760 2870 2993 2941 publicis
3019 2868 3225 2940 nuptiis
3258 2867 3431 2923 hone-

1841 2970 1981 3017 stata
2012 2963 2281 3029 videatur,
2312 2964 2452 3019 sicut
2490 2974 2546 3020 et
2578 2965 2756 3021 omnis
2793 2980 2932 3020 uxor
2968 2961 3221 3035 legaliter
3249 2958 3439 3029 conju-

1843 3066 1991 3128 gata,
2022 3067 2144 3127 post
2169 3059 2643 3127 de5p0nsationem
2670 3058 2909 3130 legitime
2935 3055 3112 3113 dotari
3132 3062 3187 3111 et
3206 3052 3439 3126 publicis

144 3161 253 3215 tur,
280 3166 403 3220 quae
429 3152 569 3206 sicut
599 3154 676 3206 ait
702 3140 993 3223 Apostoius
1024 3173 1036 3209 :
1076 3155 1249 3225 Turpe
1275 3162 1349 3209 est
1376 3156 1534 3209 etiam
1562 3155 1737 3209 dicere
1764 3131 1811 3195 (ἶ
1844 3151 2128 3207 honestam
2164 3153 2371 3223 nuptiis
2400 3153 2583 3208 debet.
2614 3153 2687 3207 De
2716 3151 2859 3207 malo
2889 3162 3067 3207 autem
3106 3150 3177 3205 ad
3219 3145 3437 3217 aliquod

147 3240 361 3312 (Epiros.
390 3258 444 3309 v,
474 3244 586 3315 η).
621 3263 643 3298 ι
686 3244 756 3300 Ει
782 3247 972 3303 beatus
1012 3247 1145 3303 dicit
1177 3245 1512 3319 Gregorius:
1548 3265 1567 3298 ι
1595 3247 1734 3303 Dum

142 3335 372 3391 duorum
400 3336 655 3393 vitiorum
691 3338 918 3411 languor
951 3340 1130 3405 irruit,
1162 3348 1216 3396 et
1248 3339 1348 3395 hoc
1379 3339 1576 3407 lenius,
1604 3339 1735 3396 illud

140 3425 373 3484 fortasse
395 3430 616 3501 gravius
644 3432 861 3501 premit,
886 3432 937 3488 ei
966 3433 1221 3488 nimirum
1247 3433 1382 3488 vitio
1408 3432 1612 3489 rectius
1632 3432 1736 3490 sub

139 3520 421 3578 celeritate
449 3523 792 3592 subvenitur,
818 3540 919 3596 per
945 3526 1087 3595 quod
1124 3526 1321 3582 festiue
1360 3526 1427 3581 ad
1454 3525 1733 3581 interitum

140 3612 407 3678 tenditur,
436 3622 493 3668 et
522 3614 667 3670 inter
698 3615 803 3670 duo
831 3615 1071 3686 pericula
1098 3617 1243 3686 quod
1284 3616 1458 3672 levius
1489 3626 1574 3671 est
1611 3631 1739 3686 pru-

139 3704 332 3759 denter
359 3706 657 3775 expetitur.
692 3704 780 3761 Fit
804 3715 858 3761 et
892 3706 1141 3763 illicitum
1164 3708 1322 3764 venia
1353 3692 1734 3773 licitumkeum

138 3794 415 3866 publicam
448 3797 826 3867 pmniteutiam
854 3812 1020 3868 agens
1047 3798 1381 3865 adolescens,
1413 3807 1476 3853 ut
1502 3799 1614 3854 Leo
1641 3799 1735 3854 de-

141 3894 449 3953 monstrat,
495 3886 694 3943 timens
743 3888 955 3957 lapsum
1002 3888 1411 3946 incontinentiae
1454 3889 1733 3959 juvenilis,

141 3974 393 4044 copulam
448 3977 637 4032 uxoris
700 3976 891 4049 eligit,
945 3992 1014 4032 ne
1081 3979 1290 4034 crimen
1355 3979 1734 4036 fornicationis

141 4068 427 4134 incurrat,
478 4083 594 4124 rem
641 4067 846 4126 faciens
889 4072 1201 4139 venialem;
1270 4073 1317 4128 si
1362 4082 1561 4144 praeter
1608 4089 1736 4129 con-

134 4159 315 4231 jugem
338 4159 546 4216 nullam
570 4161 794 4217 omnino
814 4163 1166 4234 cognoverit:
1198 4165 1250 4219 in
1280 4180 1389 4236 quo
1418 4165 1601 4237 regula
1624 4180 1733 4221 non

138 4251 506 4318 constituitur,
547 4252 642 4308 sed
681 4253 811 4322 quid
852 4254 924 4309 sit
959 4253 1299 4311 tolerabilius
1342 4257 1665 4311 aestimatur.
1706 4275 1727 4310 ι

141 4339 431 4397 Transitur
456 4350 513 4397 et
534 4343 690 4413 quasi
719 4343 908 4400 illicite
937 4346 1005 4401 de
1034 4346 1224 4402 illicito
1255 4348 1322 4402 ad
1353 4347 1582 4413 licitum,
1607 4362 1737 4423 cum

140 4434 204 4492 de
230 4435 535 4493 incestibus
564 4437 808 4506 nefariis,
834 4454 973 4511 quos
1001 4440 1308 4513 Agathense
1336 4442 1584 4512 designat
1603 4458 1735 4499 con-

136 4532 322 4590 cilium
352 4532 498 4603 (can.
521 4534 636 4609 61),
656 4539 874 4609 quando
893 4554 1017 4595 cum
1040 4541 1373 4610 penitentiae
1398 4542 1732 4613 indulgentia

136 4627 203 4682 ad
233 4626 557 4697 complexus
592 4631 812 4686 uxorios
841 4632 1060 4687 transiri
1087 4633 1438 4704 permittitur.
1464 4633 1558 4690 Sic
1584 4642 1642 4691 et
1665 4635 1732 4692 de

133 4718 584 4776 concubinalibus
620 4723 795 4779 modis
818 4724 1104 4780 dicendum
1138 4732 1242 4791 est,
1268 4725 1501 4796 qualiter
1527 4742 1635 4783 non
1664 4728 1732 4784 de

133 4813 280 4868 bono
298 4811 370 4867 ad
394 4812 593 4869 bonum
623 4822 789 4886 atque
826 4817 1136 4882 honestum,
1172 4825 1227 4874 et
1249 4834 1354 4874 non
1378 4821 1444 4875 de
1479 4821 1626 4876 bono
1662 4821 1731 4876 ad

131 4906 339 4961 bonum
358 4947 373 4973 ,
406 4906 568 4980 671
607 4924 915 4980 quanquam
939 4927 1045 4967 non
1074 4913 1208 4968 satis
1230 4913 1516 4968 honestum
1536 4953 1550 4980 ,
1579 4924 1633 4969 et
1663 4915 1730 4970 de

132 4996 280 5053 maio
308 4998 379 5052 ad
407 4998 623 5069 aliquod
652 5002 876 5068 bonum,
924 5003 1018 5060 sed
1059 5020 1164 5059 non
1213 5006 1501 5061 honestum
1548 5013 1730 5061 trans-

130 5091 264 5146 itur.
289 5089 599 5149 Bonumest
615 5095 761 5149 enim
787 5105 950 5168 atque
971 5099 1260 5153 honestum
1285 5109 1413 5155 ante
1440 5099 1720 5171 innuptos,

130 5185 176 5240 si
210 5185 266 5240 in
297 5184 615 5256 virginitate
638 5205 959 5260 permanere
985 5192 1343 5262 nequiverint,
1379 5192 1519 5248 sicut
1552 5209 1717 5264 supra

130 5276 476 5333 ostendimus
504 5294 571 5334 ex
603 5280 899 5349 apostolica
930 5282 1241 5348 traditione,
1268 5292 1458 5339 sancto
1479 5284 1732 5341 Evaristo

130 5368 449 5435 scribente,
495 5371 793 5441 nuptialem
842 5372 1279 5442 eonjuuctionem
1330 5387 1609 5445 expetere.
1662 5377 1729 5431 Et

131 5459 341 5514 bonum
366 5469 527 5531 atque
554 5462 844 5519 honestum
873 5473 980 5530 est,
1013 5465 1261 5533 cmlibes,
1291 5467 1334 5523 si
1360 5484 1418 5523 se
1447 5469 1730 5526 continere

131 5567 241 5607 non
274 5562 538 5624 possunt,
567 5555 708 5610 sicut
738 5565 964 5612 sanctus
995 5558 1105 5614 Leo
1136 5558 1513 5627 demonstrat,
1556 5561 1729 5633 legale

132 5645 276 5700 inire
293 5644 626 5717 conjugium.
651 5647 897 5716 Qualiter
921 5660 1099 5707 autem
1127 5652 1196 5708 de.
1225 5670 1331 5708 non
1359 5654 1500 5711 lieno
1531 5658 1595 5710 ad
1624 5659 1727 5714 bo-

132 5750 264 5799 num
291 5746 456 5798 atoue
478 5740 786 5809 honestum,
804 5742 865 5800 .id
886 5752 969 5803 est
990 5745 1056 5804 de
1080 5747 1380 5805 concubina
1402 5749 1472 5806 ad
1497 5765 1725 5810 uxorem

1758 4503 1812 4563 D

1839 3243 2066 3310 bonum,
2098 3247 2195 3302 sed
2220 3262 2326 3302 non
2360 3246 2671 3309 honestum,
2722 3243 3078 3300 tolerabiliter
3122 3240 3437 3306 festinatur,

1840 3340 1983 3395 sicut
2014 3346 2237 3395 sanctus
2264 3338 2621 3415 Augustinus
2649 3337 2703 3390 in
2732 3336 2909 3405 primo
2943 3334 3084 3415 libro
3125 3333 3193 3388 de
3220 3328 3437 3401 Nuptiis

1838 3443 1896 3488 et
1930 3408 2391 3503 Concupisce‘ntia
2411 3432 2550 3501 (cap.
2588 3429 2641 3501 l)
2674 3429 2846 3484 dicit:
2874 3446 2894 3480 ι
2924 3408 3199 3483 δαμείηοη
3227 3430 3436 3477 tantum
3536 3436 3556 3446 ’

1839 3525 2170 3590 fecunditas,
2212 3523 2367 3595 cujus
2398 3522 2611 3578 fructus
2641 3522 2694 3576 in
2728 3520 2880 3592 prole
2906 3528 3023 3585 est,
3068 3532 3170 3573 nec
3219 3522 3433 3571 tantum

1836 3618 2129 3689 pudicitia,
2175 3618 2329 3687 cujus
2377 3617 2654 3672 vinculum
2704 3625 2789 3672 est
2838 3615 2992 3681 ﬁdes,
3040 3627 3226 3669 verum
3267 3608 3435 3665 etiam

1838 3711 2115 3781 quoddam
2184 3719 2589 3766 sacramentum
2650 3709 2959 3778 nuptiarum
3026 3702 3439 3762 commendatur
3524 3697 3543 3713 ‘

1838 3803 2089 3859 ﬁdelibus
2116 3802 2438 3874 conjugatis.
2464 3802 2621 3858 Unde
2648 3803 2780 3858 dicit
2804 3799 3138 3871 Apostolus:
3172 3796 3311 3863 Viri,
3339 3795 3427 3850 di-
3491 3827 3495 3830 ~

1839 3895 1983 3965 ligite
2006 3911 2196 3951 uxores
2239 3907 2467 3962 uestras,
2501 3896 2639 3950 sicut
2667 3907 2713 3949 et
2752 3894 2991 3949 Christus
3033 3891 3215 3947 dilexit
3246 3888 3432 3945 Eccleq

1838 3989 1973 4042 aiam
2002 3987 2223 4059 (Ephes.
2248 4004 2282 4042 v
2301 4030 2317 4054 ,
2347 3989 2463 4061 ἢὸ).
2491 3986 2662 4057 Hujus
2691 3987 2881 4058 procul
2912 3986 3077 4042 dubio
3102 3982 3434 4041 sacramenti

1837 4096 1928 4136 res
1954 4092 2060 4145 est,
2084 4090 2145 4135 ut
2172 4096 2291 4136 mas
2315 4090 2371 4136 et
2393 4078 2592 4137 femina
2623 4079 2895 4136 connubio
2921 4077 3159 4149 copulati
3186 4076 3431 4149 quandiu

1836 4171 2027 4225 vivunt
2057 4172 2497 4242 inseparabiliter
2524 4179 2895 4243 perseverent,
2927 4184 3030 4226 nec
3063 4167 3245 4232 liceat,
3273 4178 3436 4221 exce-

1836 4274 1929 4335 pta
1959 4280 2121 4320 causa
2148 4262 2534 4319 fornicationis
2554 4305 2568 4330 ,
2595 4279 2624 4318 a
2649 4261 2878 4333 conjuge
2905 4259 3193 4331 conjugem
3222 4258 3431 4314 dirimi.

1838 4356 1953 4414 Hoc
1978 4358 2123 4413 enim
2152 4358 2457 4414 custoditur
2478 4358 2532 4413 in
2557 4357 2777 4414 Christo
2799 4365 2854 4411 et
2874 4354 3137 4419 Ecclesia,
3164 4360 3224 4408 ut
3244 4351 3434 4410 vivens

1788 4482 1809 4521 ς
1839 4472 1963 4511 cum
2001 4455 2217 4511 vivente
2266 4455 2320 4510 iu
2365 4464 2631 4511 aeternum
2677 4453 2826 4509 nullo
2865 4451 3100 4508 divortio
3125 4456 3429 4521 separetur.

1838 4547 2007 4618 Cujus
2036 4548 2366 4605 sacramenti
2390 4557 2540 4604 tanta
2571 4547 2884 4603 observatio
2906 4555 2988 4602 est
3010 4545 3064 4601 in
3092 4543 3311 4599 civitate
3331 4539 3431 4598 Dei

1838 4642 2011 4695 nostri
2058 4640 2109 4694 in
2162 4647 2347 4695 monte
2397 4648 2588 4695 sancto
2634 4638 2776 4711 ejus,
2820 4639 2924 4694 hoc
2964 4645 3051 4693 est
3096 4636 3151 4691 in
3188 4632 3433 4691 Ecclesia

1838 4730 2075 4796 Christi,
2113 4730 2415 4801 quibusque
2460 4729 2709 4785 ﬁdelibus
2739 4727 3114 4799 congregatis,
3157 4724 3252 4796 qui
3303 4729 3432 4780 sunt

1838 4822 1955 4877 sine
1977 4822 2142 4876 dubio
2182 4822 2425 4875 membra
2461 4821 2628 4893 672
2663 4820 2894 4885 Christi,
2935 4827 2997 4873 ut
3038 4832 3161 4874 cum
3192 4815 3433 4878 ﬁliorum

1837 4915 2297 4986 procreandorum
2327 4928 2487 4969 causa
2512 4914 2597 4967 vel
2625 4913 2830 4967 nubant
2851 4911 3085 4977 feminae,
3110 4908 3196 4965 vel
3223 4908 3429 4964 ducan-

1840 5016 1929 5061 tur
1966 5021 2164 5060 uxores
2193 5047 2207 5071 ,
2246 5020 2345 5061 nec
2398 5005 2641 5061 sterilem
2691 5002 2975 5074 conjugcm
3012 5000 3094 5056 fas
3140 4998 3214 5054 sit
3263 4996 3430 5053 relin-

1836 5111 2024 5169 quere,
2059 5104 2117 5150 ut
2146 5095 2249 5150 alia
2297 5095 2527 5151 fecunda
2570 5096 2817 5151 ducatur.
2861 5091 3012 5160 Quod
3056 5090 3102 5145 si
3136 5087 3428 5159 quisquam

1836 5188 2062 5252 fecerit,
2113 5202 2219 5242 non
2266 5185 2385 5258 lege
2428 5184 2589 5257 hujus
2637 5184 2854 5248 saeculi,
2902 5181 2994 5237 ubi
3033 5178 3428 5235 interveniente

1836 5282 2082 5355 repudio,
2117 5284 2235 5339 sine
2262 5282 2492 5338 crimine
2532 5280 2847 5336 conceditur
2868 5291 2990 5332 cum
3036 5273 3157 5329 aliis
3197 5271 3305 5327 alia
3335 5284 3430 5326 co-

1839 5378 2031 5449 pulare
2057 5376 2347 5441 connubia,
2399 5375 2542 5447 quod
2575 5373 2737 5428 etiam
2777 5378 3023 5427 sanctum
3068 5365 3287 5439 Moysen
3313 5362 3427 5420 Do-

1841 5472 2022 5525 minus
2083 5479 2305 5541 propter
2360 5468 2611 5525 duritiam
2659 5465 2841 5521 cordis
2898 5463 3114 5518 illorum
3161 5458 3426 5516 lsraelitis

1838 5565 2154 5624 nerinisisse
2181 5572 2432 5625 testatur,
2460 5561 2553 5617 sed
2582 5559 2697 5630 lege
2728 5554 3003 5627 Evangelii
3044 5553 3261 5628 (Matth.
3291 5567 3420 5621 xu,

1839 5656 1893 5725 8)
1924 5672 2047 5711 reus
2080 5665 2159 5710 cst
2202 5653 2470 5717 adulterii,
2499 5653 2642 5707 sicut
2667 5651 2831 5707 etiam
2858 5649 2948 5705 illa
2975 5650 3019 5705 si
3047 5648 3203 5703 alteri
3230 5660 3425 5718 nupse-

1839 5751 1928 5807 rit.
1963 5749 2027 5804 Et
2054 5761 2227 5805 usuuc
2252 5747 2386 5805 adeo
2413 5753 2640 5803 manent
2660 5745 2805 5802 inter
2824 5742 3069 5801 viventes
3090 5740 3256 5801 semel
3285 5739 3422 5802 inita
