4026 6340
604 336 712 405 735

1560 335 1915 402 ιΗΙΝϐΜΑΒΙ
1955 334 2352 396 RHEMENSIS
2387 319 2910 396 ARCHIEPISCOPI

3771 342 3865 399 736

603 459 724 529 jura
752 459 1085 532 nuptiarum,
1111 467 1172 514 ut
1196 458 1377 528 potius
1402 456 1513 510 sint
1548 457 1691 512 inter
1725 472 1784 512 se
1815 455 2070 526 coniuges
2097 451 2188 522 qui
2216 453 2270 513 Α
2295 451 2390 507 sed
2431 462 2611 508 tamen
2643 454 2691 507 si
2732 453 2872 509 forte
2909 455 2976 508 ad
3025 462 3238 524 tempus
3273 454 3515 511 adhibita
3558 458 3864 524 concubina,

607 555 677 611 ab
704 554 966 608 alterutro
989 551 1222 623 separati
1247 559 1572 620 sunt,quam
1593 565 1714 604 cum
1745 549 1828 604 his
1851 546 2048 617 quibus
2070 545 2190 600 aliis

610 647 973 702 adhazserunt.
1007 643 1142 700 Cum
1172 643 1295 698 aliis
1337 643 1536 714 quippe.
1566 641 1797 697 adulteri
1830 657 1935 695 nou
1973 646 2152 694 essent
2175 677 2189 703 ,

609 739 712 793 nisi
743 740 808 792 ad
837 739 1158 792 alterutrum
1207 736 1466 807 coniuges
1504 743 1908 805 permanerent.
1948 733 2193 802 Denique

609 838 824 884 mortuo
847 830 980 893 viro,
1012 828 1096 881 vel
1137 827 1356 892 femina,
1387 843 1510 882 cum
1536 842 1645 897 quo
1686 826 1770 881 vel
1809 842 1929 881 cum
1963 841 2068 894 qua
2103 839 2193 879 ve—

609 935 728 975 rum
756 922 1086 976 connubium
1120 919 1258 983 fuit,
1289 919 1406 976 ﬁeri
1449 934 1638 975 verum
1675 919 2002 974 connubium
2038 915 2190 990 [non]

605 1023 787 1084 potest
813 1029 935 1068 cum
963 1030 1072 1084 quo
1096 1014 1179 1069 vel
1199 1029 1322 1070 cum
1344 1030 1449 1085 qua
1484 1015 1634 1084 prius
1661 1013 1986 1069 adulterium
2016 1011 2135 1067 fuit.
2170 1032 2187 1064 ι

607 1105 872 1164 Videlicet
901 1109 943 1163 si
977 1108 1226 1179 cognatio
1246 1147 1260 1172 ,
1286 1118 1378 1162 aut
1405 1107 1623 1164 habitus
1646 1107 1928 1178 religionis
1945 1147 1960 1171 ,
1983 1107 2067 1160 vel
2095 1107 2198 1161 im—

605 1197 861 1269 pudicitia
892 1199 1109 1268 pessimi
1135 1199 1418 1264 criminis,
1468 1199 1583 1255 sive
1627 1199 1831 1269 aliquid
1884 1198 2193 1268 huiusmodi

605 1307 712 1347 non
742 1291 1036 1348 obstiterit.
1069 1292 1139 1347 Et
1179 1293 1308 1348 item
1350 1293 1442 1348 ubi
1492 1308 1652 1363 supra
1694 1293 2024 1363 Augustinus
2065 1293 2196 1365 (ibi-

605 1383 746 1453 dem)
779 1403 794 1439 :
825 1405 844 1437 ι
877 1386 954 1441 Ita
979 1394 1164 1442 manet
1189 1387 1353 1441 etiam
1388 1388 1533 1442 inter
1557 1387 1803 1442 viventes
1831 1387 2049 1457 quidam
2072 1403 2194 1442 con-

599 1475 804 1547 iugale,
835 1476 977 1548 quod
1010 1493 1110 1534 nec
1136 1479 1428 1548 separatio,
1459 1493 1558 1533 nec
1587 1493 1708 1533 cum
1732 1478 1904 1533 altero
1923 1477 2194 1548 copulatio

602 1569 774 1638 possit
823 1568 1058 1624 auferre.
1103 1569 1282 1624 Manet
1328 1578 1508 1624 autem
1561 1571 1626 1624 ad
1673 1585 1868 1624 noxam
1915 1571 2191 1636 criminis,

602 1674 710 1714 non
739 1661 804 1715 ad
827 1661 1100 1716 vinculum
1131 1660 1355 1717 fmderis
1384 1679 1400 1714 :
1433 1662 1575 1717 sicut
1607 1671 1850 1732 apostata
1882 1662 2063 1716 anima
2101 1677 2196 1718 ve-

601 1751 681 1806 lut
711 1753 778 1807 de
811 1753 1067 1825 coniugio
1095 1752 1297 1809 Christi
1331 1755 1611 1821 recedens,
1640 1756 1804 1810 etiam
1844 1754 1948 1810 ﬁde
1981 1755 2190 1826 perdita

2295 544 2434 600 filios
2466 545 2610 601 solos
2638 562 2702 600 ex
2751 547 2940 602 eadem
2985 547 3363 604 commistione
3406 550 3733 619 quaesiverit,
3780 567 3870 608 nec

2296 637 2398 692 ista
2424 638 2504 692 sic
2553 639 2862 709 coniunctio
2901 640 2990 696 vel
3029 657 3218 696 eorum
3267 643 3470 714 nuptiis
3518 649 3869 715 preponenda

2295 738 2397 794 est,
2447 747 2566 801 qua:
2614 734 2822 788 veniale
2855 734 3002 788 illud‘
3031 746 3350 805 operantur.
3411 737 3553 805 Quid
3612 740 3756 793 enim
3809 741 3873 794 sit

2295 826 2626 895 nuptiarum,
2659 828 3110 884 considerandum
3133 839 3235 894 est,
3260 846 3367 886 non
3397 831 3526 901 quid
3562 831 3870 886 nubentium

2295 925 2352 972 et
2381 918 2788 976 immoderatius
2836 923 3038 991 nuptiis
3089 925 3398 979 utentium.»
3430 925 3619 995 Neque
3661 928 3802 981 enim
3830 931 3872 984 si

2296 1010 2440 1079 agris
2464 1005 2653 1081 inique
2679 1026 2743 1067 ac
2772 1027 3056 1084 perperam
3079 1016 3281 1071 iuvasis
3303 1015 3377 1070 ita
3408 1017 3642 1087 quisque
3673 1029 3871 1086 utatur,

2295 1111 2356 1157 ut
2400 1118 2467 1158 ex
2499 1119 2687 1159 eorum
2741 1105 3006 1176 fructibus
3053 1107 3234 1178 largas
3278 1109 3657 1183 eleemosynas
3701 1111 3870 1177 faciat,

2295 1196 2418 1252 ideo
2461 1198 2708 1267 rapinam
2752 1198 3036 1268 iustilicat.
3080 1200 3268 1272 Neque
3309 1203 3478 1269 enim,
3512 1204 3558 1259 si
3606 1204 3745 1260 alius
3769 1207 3869 1261 ruri

2295 1296 2526 1359 paterno
2583 1289 2666 1344 vel
2703 1288 2850 1358 juste
2896 1291 3122 1361 quaesito
3165 1307 3362 1347 avarus
3412 1292 3715 1358 incumbat,
3764 1294 3870 1348 ideo

2296 1378 2560 1448 culpanda
2583 1388 2668 1434 est
2684 1378 2825 1448 juris
2851 1379 3028 1436 civilis
3053 1380 3263 1451 regula,
3295 1397 3400 1451 qua
3432 1397 3724 1452 possessor
3757 1383 3872 1454 legi-

2297 1468 2458 1524 timus
2497 1468 2673 1524 factus
2699 1477 2800 1524 est.
2834 1469 2944 1526 Nec
2989 1472 3286 1543 tyrannica:
3331 1471 3589 1528 factionis
3618 1475 3870 1543 perversi-

2296 1567 2379 1614 tas
2408 1559 2690 1616 laudabilis
2717 1561 2842 1626 erit,
2885 1563 2930 1617 si
2970 1563 3118 1634 regia
3145 1563 3437 1619 clementia
3470 1573 3736 1635 tyrannus
3766 1567 3872 1622 sub-

2293 1656 2435 1714 ditos
2460 1666 2656 1715 tractet
2684 1677 2696 1714 :
2741 1674 2843 1714 nec
2873 1660 3249 1731 vituperabilis
3274 1661 3408 1716 ordo
3447 1662 3609 1732 regiae
3645 1672 3870 1732 potesta-

2299 1749 2388 1814 tis,
2429 1750 2473 1804 si
2521 1765 2614 1805 rex
2659 1750 2978 1806 crudelitate
3021 1751 3306 1823 tyrannica
3349 1752 3562 1807 smviat.
3606 1751 3771 1807 Aliud
3799 1763 3874 1809 est

601 1855 1002 1900 sacramentum
1036 1845 1159 1900 ﬁdei
1191 1862 1294 1901 non
1325 1847 1566 1912 amittit,
1607 1848 1751 1917 quod
1784 1847 2004 1903 lavacro
2035 1862 2189 1918 rege-

2298 1855 2533 1910 namque
2562 1839 2762 1909 iniusta
2812 1816 3081 1912 potestate
3119 1842 3266 1914 iuste
3313 1843 3453 1898 velle
3500 1844 3606 1909 uti,
3656 1851 3716 1900 et
3741 1845 3874 1899 aliud

599 1935 900 1990 nerationis
943 1937 1154 2004 accepit
1189 1950 1205 1991 :
1241 1937 1564 1992 redderetur
1607 1938 1752 1992 enim
1800 1938 1990 2007 procul
2030 1937 2193 1994 dubio

602 2021 889 2090 redeunti,
917 2025 961 2080 si
990 2027 1268 2082 amisisset
1306 2028 1624 2084 abscedens.
1670 2028 1844 2085 Habet
1879 2031 1982 2086 hoc
2011 2039 2191 2085 autem

599 2117 690 2187 qui
725 2110 1016 2172 recesserit
1052 2121 1119 2172 ad
1157 2119 1430 2174 cumulum
1470 2120 1745 2190 supplicii,
1778 2123 1994 2177 nonad
2025 2123 2192 2176 meri-

599 2217 714 2264 tum
742 2210 971 2280 praemii.
993 2229 1012 2260 ›
1031 2210 1097 2265 Ει
1119 2210 1173 2265 in
1194 2210 1332 2265 libro
1355 2211 1420 2266 de
1441 2211 1592 2268 Bono
1614 2213 1878 2284 coniugali
1905 2216 2042 2286 (cap.
2061 2214 2153 2284 24)
2175 2232 2188 2268 :

608 2321 627 2354 ι
665 2303 869 2357 Bonum
900 2303 1065 2374 igitur
1093 2303 1404 2373 nuptiarum
1440 2319 1537 2375 per
1568 2322 1758 2362 omnes
1797 2316 1985 2378 gentes
2027 2317 2190 2377 atque

596 2408 787 2450 omnes
831 2395 1078 2451 homines
1125 2396 1176 2450 in
1224 2411 1386 2452 causa
1429 2398 1724 2469 generandi
1763 2409 1878 2465 est,
1909 2408 1963 2456 et
2002 2401 2056 2456 in
2085 2400 2190 2457 lide

597 2484 905 2540 castitatis:
940 2486 1082 2554 quod
1124 2495 1304 2542 autem
1353 2487 1420 2541 ad
1470 2488 1724 2559 populum
1773 2490 1868 2545 Dei
1914 2492 2187 2561 pertinet,

597 2574 762 2630 etiam
793 2576 847 2630 in
889 2579 1176 2633 sanctitate
1213 2581 1556 2643 sacramenti,
1594 2597 1692 2652 per
1724 2598 1889 2653 quam
1926 2583 2080 2641 nefas
2109 2593 2193 2640 est

595 2669 762 2724 etiam
809 2671 1030 2740 repudio
1069 2672 1441 2729 discedentem
1480 2673 1634 2732 alteri
1676 2676 1906 2742 nubere,
1943 2678 2068 2733 dum
2105 2679 2193 2734 vir

595 2757 713 2826 ejus
739 2761 890 2827 vivit,
921 2777 1021 2818 nec
1047 2764 1240 2820 saltem
1266 2765 1379 2837 ipsa
1413 2781 1577 2823 causa
1603 2769 1882 2840 pariendi,
1915 2786 2036 2841 qua:
2065 2787 2189 2827 cum

597 2853 709 2908 sola
743 2855 814 2909 sit
841 2871 949 2925 qua
979 2858 1181 2927 nuptis!
1212 2858 1366 2924 ﬁunt,
1397 2875 1497 2916 nec
1523 2875 1586 2916 ea
1611 2876 1671 2917 re
1695 2878 1802 2918 nou
1827 2864 2190 2933 subsequente

596 2955 820 3015 propter
853 2964 1015 3017 quam
1048 2949 1205 3017 ﬁunt,
1233 2951 1463 3008 solvitur
1485 2954 1763 3010 vinculum
1792 2956 2053 3026 nuptiale,
2082 2958 2187 3013 nisi

597 3037 842 3108 conjugis
867 3048 1060 3096 morte.
1085 3040 1547 3107 Quemadmodum
1577 3047 1621 3103 si
1649 3046 1743 3101 ﬁat
1765 3049 2038 3105 ordinatio
2058 3048 2188 3106 cleri

599 3126 665 3182 ad
697 3127 906 3196 plebem
931 3133 1362 3202 congregandam
1381 3174 1396 3199 ,
1424 3136 1590 3190 etiam
1621 3137 1663 3191 si
1690 3137 1863 3206 plebis
1887 3153 2186 3210 congrega-

2297 1931 2543 2000 estiusta
2567 1939 2836 2003 potestate
2856 1933 3058 2004 injuste
3084 1935 3183 1988 uti.
3216 1932 3296 1988 Ita
3323 1949 3425 1990 nec
3456 1935 3782 1990 concubina:
3807 1936 3872 1990 ad

2297 2033 2512 2095 tempus
2561 2025 2838 2090 adhibitae,
2887 2025 2933 2080 si
2986 2024 3220 2080 ﬁliorum
3265 2039 3434 2081 causa
3483 2027 3878 2092 concumbant,

2291 2117 2498 2188 iustqu
2554 2115 2760 2172 faciunt
2821 2117 3243 2172 concubinatum
3289 2131 3491 2172 suum:
3546 2133 3653 2172 nec
3698 2118 3878 2188 coniu-

2295 2220 2454 2281 gam,
2505 2211 2548 2266 si
2600 2225 2721 2265 cum
2778 2210 2993 2266 maritis
3044 2209 3352 2277 lasciviant,
3412 2209 3648 2280 nuptiali
3707 2208 3879 2264 ordini

2295 2305 2500 2358 crimen
2531 2301 2834 2373 imponunt.
2871 2301 3040 2359 Posse
3081 2317 3214 2359 sane
3243 2302 3362 2358 ﬁeri
3404 2303 3625 2373 nuptias
3653 2318 3720 2357 ex
3750 2301 3880 2358 male

2295 2394 2640 2464 conjunctis,
2677 2395 2909 2450 honesto
2961 2393 3162 2464 placito
3209 2403 3604 2463 consequente,
3660 2393 3880 2448 manife-

2293 2493 2437 2540 stum
2465 2493 2567 2541 est.
2603 2484 2785 2541 Semel
2807 2494 2989 2540 autem
3010 2485 3204 2541 initum
3226 2484 3559 2542 connubium
3583 2487 3645 2542 in
3669 2485 3882 2540 civitate

2295 2576 2390 2631 Dei
2418 2576 2613 2642 nostri,
2642 2577 2733 2633 ubi
2777 2577 2941 2632 etiam
2983 2593 3052 2633 ex
3091 2578 3268 2647 prima
3319 2578 3551 2634 duorum
3603 2577 3878 2633 hominum

2294 2667 2486 2739 copula
2521 2667 2792 2738 quoddam
2817 2678 3220 2725 sacramentum
3247 2671 3447 2742 nuptis:
3484 2679 3706 2742 gerunt,
3743 2668 3881 2724 nullo

2278 2757 2456 2814 'modo
2497 2767 2697 2830 potest,
2739 2758 2846 2816 nisi
2884 2759 3115 2832 alicujus
3161 2776 3348 2817 eorum
3406 2771 3584 2818 morte
3636 2761 3874 2818 dissolvi.

2293 2849 2473 2904 Manet
2499 2851 2643 2906 enim
2689 2850 2966 2907 vinculum
3019 2853 3353 2924 nuptiarum,
3401 2853 3622 2909 etiamsi
3677 2852 3875 2924 proles,

2292 2942 2447 3012 cujus
2491 2958 2656 2998 causa
2708 2943 2902 2998 initum
2953 2951 3055 3008 est,
3087 2944 3395 3000 manifesta
3437 2944 3735 3000 sterilitate
3779 2959 3878 2998 non

2293 3036 2683 3106 subsequatur;
2731 3037 2803 3091 ita
2831 3045 2892 3092 ut
2926 3033 3042 3105 iam
3073 3038 3373 3093 scientibus
3421 3037 3732 3108 coniugatis
3778 3052 3875 3091 non

2293 3143 2353 3183 se
2385 3126 2521 3183 ﬁlios
2550 3127 2854 3195 habituros,
2887 3143 3142 3200 separare
3170 3144 3230 3185 se
3259 3139 3438 3184 tamen
3465 3130 3548 3184 vel
3570 3131 3692 3201 ipsa
3719 3144 3878 3185 causa

597 3193 742 3291 gatio
769 3235 873 3276 non
907 3193 1504 3293 subsequatur,'manet
1529 3193 1708 3284 tamen
1742 3229 1797 3284 in
1834 3229 1939 3286 illis
1964 3193 2186 3287 ordiua-
2215 3193 2261 3257 Ο
2292 3219 2550 3286 ﬁliorum:
2582 3228 2744 3290 atque
2791 3193 2912 3276 aliis
2946 3193 3203 3292 ἒορυιεινθ
3249 3236 3362 3276 ηοη
3403 3193 3611 3276 “cem--
3639 3221 3794 3288 01³οά
3836 3222 3879 3277 εί

599 3311 668 3366 tis
719 3322 1126 3369 sacramentum
1179 3315 1572 3386 ordinationis,
1609 3329 1664 3376 et
1708 3322 1753 3377 si
1802 3321 1980 3393 aliqua
2031 3325 2188 3397 culpa

595 3403 882 3473 quisquam
916 3406 984 3460 ab
1009 3404 1187 3462 ofﬁcio
1216 3419 1579 3477 removeatur,
1611 3423 1951 3472 sacramento
1975 3416 2190 3474 Domini

599 3494 764 3549 semel
803 3496 1056 3565 imposito
1101 3513 1207 3551 non
1247 3499 1766 3570 carebit,'quamvis
1815 3505 1883 3559 ad
1921 3506 2188 3576 judicium

596 3597 967 3655 permanente.
1000 3609 1019 3640 ι
1052 3589 1119 3643 Ει
1149 3589 1278 3644 item
1306 3590 1360 3645 in
1401 3591 1628 3660 praefato
1649 3593 1788 3650 libro
1812 3597 1876 3652 de
1898 3596 2111 3669 Nuptiis
2137 3610 2193 3656 et

598 3676 1043 3747 Coucupiscentia
1075 3680 1190 3752 (lib.
1223 3698 1264 3748 ι,
1297 3699 1343 3736 c.
1375 3683 1464 3755 ll)
1489 3699 1504 3737 :
1533 3703 1553 3736 ‹
1587 3684 1792 3753 Quibus
1817 3703 1946 3745 vero
1970 3690 2190 3761 placue-

598 3770 671 3824 rit
698 3785 762 3824 ex
796 3787 1060 3828 consensu
1109 3775 1178 3830 ab
1219 3790 1321 3831 usu
1363 3777 1601 3833 carnalis
1643 3780 2096 3851 concupiscentiae
2136 3784 2191 3840 in

598 3873 920 3934 perpetuum
973 3868 1283 3934 continere,
1332 3870 1476 3926 absit
1502 3879 1562 3924 ut
1591 3872 1867 3928 vinculum
1900 3875 2042 3931 inter
2070 3876 2190 3933 illos

597 3955 882 4027 coniugale
922 3968 1242 4030 rumpatur:
1274 3960 1383 4016 imo
1433 3960 1645 4018 ﬁrmius
1689 3965 1823 4028 erit,
1863 3980 1970 4035 quo
2019 3968 2192 4038 magis

597 4061 658 4102 ea
687 4057 841 4118 pacta
865 4063 1045 4104 secum
1071 4051 1311 4115 inierint,
1335 4066 1457 4120 qua:
1482 4052 1703 4108 charius
1741 4055 2190 4111 concordantius-

595 4154 701 4209 que
730 4142 991 4196 servanda
1024 4150 1179 4207 sunt,
1213 4157 1317 4197 non
1347 4141 1668 4212 voluptariis
1701 4158 1992 4215 corporum
2032 4146 2190 4202 nexi-

596 4231 730 4296 bus,
785 4233 878 4288 sed
929 4234 1253 4290 voluntariis
1309 4233 1593 4290 atiectibus
1640 4234 1969 4291 animorum.
2023 4256 2043 4292 ι
2096 4237 2193 4294 His

598 4317 1005 4394 Scripturarum
1057 4323 1408 4390 testimoniis,
1456 4334 1622 4396 atque
1669 4334 1981 4382 sanctorum
2031 4327 2192 4385 dictis

596 4413 996 4479 manifestatur,
1020 4416 1289 4484 quomodo
1315 4417 1675 4472 concubinam
1695 4458 1710 4483 ,
1741 4433 1864 4474 cum
1895 4434 1999 4489 qua
2040 4419 2191 4476 adul-

595 4514 804 4560 terasse
832 4505 1050 4570 dicitur,
1082 4507 1126 4561 si
1157 4506 1387 4563 voluerit
1418 4508 1472 4562 in
1496 4506 1807 4580 coniugium
1835 4509 1937 4564 sibi
1976 4510 2189 4566 sociare

594 4596 1240 4666 przevaleat.,Videlicet,
1281 4599 1328 4654 si
1355 4609 1453 4655 aut
1493 4615 1631 4655 uxor
1657 4600 1904 4672 legaliter
1930 4611 2184 4674 accepta,

595 4696 649 4742 et
685 4686 903 4741 innoxia
946 4702 1074 4759 erga
1111 4688 1258 4744 illum
1302 4689 1556 4755 iuventa,
1599 4699 1812 4747 mortua
1859 4691 2023 4748 fuerit
2067 4708 2191 4749 cor-

593 4795 760 4851 pore,
799 4780 885 4834 vel
923 4781 969 4835 si
1008 4781 1229 4836 iuventa
1269 4779 1433 4837 fuerit
1471 4782 1654 4837 anima
1689 4783 1827 4838 adeo
1864 4792 2100 4850 mortua,
2128 4792 2189 4840 ut

594 4875 766 4946 ipsius
817 4890 939 4929 cum
996 4890 1058 4930 ea
1113 4874 1302 4946 copula
1355 4876 1598 4932 incestus
1649 4883 1704 4932 et
1751 4875 1898 4932 nullo
1949 4878 2186 4950 coniugii

590 4966 756 5038 673
813 4966 1027 5021 nomine
1071 4965 1410 5037 deputandus
1479 4967 1726 5040 legaliter
1777 4971 2182 5038 comprobetur.

592 5058 703 5113 Nec
746 5066 925 5112 tamen
969 5057 1092 5112 talis
1129 5056 1460 5126 conjunctio,
1510 5059 1555 5114 si
1592 5057 1900 5127 huiusmodi
1931 5060 2187 5115 concubi-

592 5164 720 5202 nam
767 5149 820 5202 in
873 5147 1522 5220 conjugemgsumpserit,
1567 5152 1987 5222 reprehensione
2021 5161 2185 5224 atque

592 5239 908 5298 offensionis
921 5241 1126 5297 macula
1155 5257 1342 5298 carere
1365 5243 1656 5309 videbitur,
1674 5244 1885 5300 dicente
1901 5245 2059 5300 beato
2075 5246 2184 5300 Au-

593 5336 809 5404 gustino
833 5336 886 5389 in
913 5334 1052 5390 libro
1080 5335 1146 5390 de
1175 5335 1324 5390 Bono
1345 5337 1613 5406 coniugali
1645 5345 1787 5407 (cap.
1815 5338 1906 5401 15,
1939 5338 2028 5401 14,
2054 5338 2140 5409 15)
2165 5355 2181 5394 :

597 5449 617 5482 ι
655 5431 810 5498 Quod
838 5445 984 5500 ergo,
1021 5430 1291 5500 inquiens,
1341 5430 1664 5500 praecipiunt
1704 5429 2010 5501 coniugatis
2057 5446 2184 5502 apo-

592 5522 736 5584 stoli,
789 5523 890 5576 hoc
945 5531 1030 5577 est
1079 5533 1386 5593 nuptiarum
1415 5542 1446 5578 :'
1482 5526 1623 5592 quod
1671 5534 1851 5578 autem
1901 5525 2184 5579 venialiter

592 5616 918 5681 concedunt,
951 5625 1042 5668 aut
1073 5617 1214 5684 quod
1261 5617 1482 5686 impedit
1522 5617 1816 5682 orationes,
1853 5632 1956 5671 non
1987 5628 2187 5688 cogunt

593 5706 832 5774 nuptiae,
881 5708 972 5761 sed
1020 5705 1220 5761 ferunt.
1259 5706 1445 5777 Itaque
1494 5710 1536 5762 si
1589 5709 1760 5780 forte,
1811 5709 1952 5778 quod
2003 5718 2184 5763 utrum

593 5793 713 5851 ﬁeri
738 5799 914 5869 possit
935 5799 1149 5872 ignoro,
1170 5801 1448 5871 magisque
1461 5801 1582 5857 ﬁeri
1604 5816 1710 5858 non
1729 5816 1887 5870 posse
1903 5800 2183 5870 existimo,

2291 3309 2543 3376 fecerint,
2583 3327 2706 3366 cum
2737 3311 2840 3378 eis,
2887 3311 3086 3382 quibus
3125 3328 3184 3369 se
3227 3312 3624 3383 copulaverint,
3671 3312 3882 3368 adulte-

2291 3403 2431 3458 rium
2461 3403 2826 3458 committunt.
2863 3423 2882 3456 ι

2366 3495 2658 3564 Quoniam,
2716 3504 2778 3551 ut
2822 3496 2997 3552 sancti
3048 3496 3240 3552 Patres
3295 3497 3364 3553 de
3417 3497 3562 3552 bono
3615 3495 3881 3568 coniugali

2295 3589 2584 3655 dilliniunt,
2634 3589 2838 3645 bonum
2884 3588 3092 3645 habent
3138 3590 3356 3661 nuptiae,
3407 3598 3464 3644 et
3504 3589 3653 3659 quod
3681 3589 3878 3644 bonum

2293 3691 2398 3748 est,
2429 3691 2714 3752 peccatum
2745 3696 2855 3737 non
2895 3691 2981 3738 est
3009 3699 3023 3736 :
3063 3697 3129 3737 ac
3172 3697 3269 3752 per
3294 3681 3401 3739 hoc
3429 3682 3522 3752 qui
3560 3691 3757 3737 contra
3788 3681 3880 3737 bo-

2295 3789 2426 3828 num
2455 3772 2696 3843 nuptiale
2723 3763 2872 3836 facit,
2905 3781 3192 3844 peccatum
3225 3771 3355 3828 facit
3398 3787 3522 3828 cum
3549 3771 3877 3827 adulter-iu

2293 3865 2606 3922 committit.
2652 3863 2928 3920 Diliiniunt
2957 3865 3143 3930 etiam,
3190 3865 3333 3935 quod
3379 3865 3536 3921 bona:
3585 3874 3644 3920 et
3697 3881 3732 3920 a
3778 3865 3883 3920 Deo

2293 3957 2603 4011 constituta:
2641 3972 2704 4012 ac
2745 3955 3046 4012 benedictae
3091 3964 3220 4011 sunt
3265 3955 3490 4025 nuptiae,
3535 3971 3678 4026 quas
3719 3955 3880 4010 etiam

2295 4066 2392 4105 sua
2419 4051 2708 4119 praesentia
2731 4049 3095 4113 consecravit,
3115 4049 3170 4102 in
3188 4048 3385 4118 quibus
3397 4054 3481 4102 est
3496 4047 3653 4113 ﬁdes,
3681 4047 3881 4117 proles,

2295 4146 2717 4200 sacramentum.
2742 4144 2798 4199 ln
2824 4143 2928 4200 ﬁde
2953 4141 3271 4206 attenditur,
3296 4157 3365 4197 ne
3389 4149 3589 4211 praeter
3607 4139 3881 4196 vinculum

2293 4237 2576 4311 coniugale
2598 4252 2720 4292 cum
2743 4236 2913 4292 altera
2942 4235 3029 4292 vel
3055 4251 3178 4291 cum
3193 4234 3368 4290 altero
3389 4233 3810 4290 concumbatur.
3829 4230 3882 4286 In

2291 4330 2466 4402 prole,
2513 4339 2576 4384 ut
2617 4339 2866 4385 amanter
2911 4327 3259 4399 suscipiatur,
3311 4326 3544 4396 benigne
3586 4325 3882 4388 nutriatur,

2293 4416 2542 4495 religiose
2565 4423 2869 4478 educetur:
2917 4437 3021 4478 nec
3069 4429 3282 4476 tantum
3325 4418 3600 4492 gaudeant
3631 4427 3886 4488 parentes

2296 4515 2422 4584 quia
2477 4514 2720 4570 sobolem
2778 4523 3108 4586 genuerunt,
3156 4506 3421 4583 quantum
3453 4521 3515 4567 ut
3564 4510 3790 4568 soboles
3833 4512 3885 4566 in

2296 4607 2522 4664 Christo
2551 4615 2925 4678 regeneretur.
2961 4605 3020 4662 In
3051 4613 3396 4662 sacramento
3417 4614 3625 4671 autem,
3657 4614 3722 4659 ut
3755 4620 3886 4660 con-

2287 4699 2500 4769 iugium
2529 4713 2636 4754 non
2667 4705 2969 4769 separetur,
3015 4705 3074 4752 et
3115 4697 3375 4753 dimissus
3401 4705 3496 4752 aut
3525 4696 3762 4752 dimissa
3791 4709 3884 4751 nec

2293 4805 2455 4846 causa
2481 4789 2653 4859 prolis
2679 4789 2837 4844 alteri
2874 4787 3256 4861 coniungatur.
3290 4778 3418 4844 Haec
3442 4797 3530 4843 est
3572 4786 3768 4859 regula
3792 4802 3886 4843 nn-

2291 4885 2553 4956 ptiarum,
2599 4897 2706 4953 qua
2750 4881 2836 4937 vel
2865 4891 3077 4937 naturae
3105 4881 3395 4940 decoratur
3434 4879 3773 4946 fecunditas,
3806 4877 3885 4934 vel

2292 4973 2696 5030 incontinentiae
2726 4972 2934 5042 regitur
2961 4973 3228 5041 pravitas,
3257 4971 3401 5028 sicut
3433 4979 3665 5027 sanctus
3705 4972 3886 5043 Angu-

2289 5067 2465 5123 stiuus
2487 5065 2544 5120 in
2572 5064 2710 5122 libro
2757 5062 2934 5136 674
2964 5065 3030 5120 de
3059 5062 3208 5119 Bono
3237 5060 3526 5133 coniugali,
3558 5070 3619 5117 et
3645 5062 3705 5117 in
3740 5062 3886 5117 libris

2289 5159 2356 5214 de
2405 5156 2616 5229 Nuptiis
2664 5165 2720 5213 et
2769 5156 3226 5227 Coucupiscentia
3269 5154 3535 5210 latissime
3582 5163 3644 5210 et
3693 5152 3884 5209 facun-

2289 5249 2512 5305 dissime
2551 5249 2684 5304 satis
2727 5248 2984 5304 ostendit.
3036 5246 3192 5303 Unde
3228 5245 3562 5302 omnimodis
3590 5247 3886 5302 observan-

2291 5341 2416 5396 dum
2447 5351 2531 5396 est
2560 5357 2628 5396 ne
2682 5341 3000 5396 concubinae
3027 5339 3111 5396 vel
3151 5337 3442 5410 cuiuslibet
3466 5336 3698 5393 alterius
3731 5337 3884 5392 femi-

2291 5449 2375 5487 nae
2402 5433 2647 5502 copulam
2694 5431 3033 5502 coniugalem
3081 5447 3202 5497 rex,
3251 5445 3414 5500 super
3442 5443 3552 5500 quo
3588 5429 3883 5484 voluerunt

2291 5521 2573 5576 consulere
2601 5523 2968 5586 consulentes,
3013 5522 3193 5591 aliquo
3234 5523 3396 5576 modo
3434 5528 3680 5589 expetat,
3733 5527 3877 5573 ante-

2291 5629 2452 5684 quam
2493 5614 2649 5684 legali
2677 5616 2917 5669 virorum
2963 5615 3252 5670 illuStrium
3275 5611 3503 5683 iudicio,
3534 5622 3592 5667 et
3621 5610 3877 5667 sacerdo-

2292 5707 2386 5761 tali
2438 5708 2657 5762 decreto
2703 5708 2924 5777 coniux,
2964 5723 3129 5778 quam
3172 5707 3416 5776 legaliter
3463 5705 3700 5775 accepit,
3761 5704 3874 5774 ipso

2291 5797 2459 5855 etiam
2482 5798 2727 5874 coniugis
2761 5799 2979 5858 nomine
2998 5797 3270 5871 iudicetur
3297 5797 3536 5869 indigna,
3572 5802 3669 5852 aut
3696 5793 3878 5852 divino
