4026 6340
145 350 306 416 737’

1089 356 1179 415 DE
1218 357 1558 417 DIVORTIO
1598 358 1923 419 LOTHARII
1961 361 2052 418 ET
2092 359 2505 422 TETBERGJE.

3317 366 3426 423 738

143 472 359 546 judicio
381 471 578 545 migret
610 484 641 526 a
670 482 914 542 corpore,
947 470 1071 540 quia
1103 472 1241 526 sicut
1272 472 1326 526 in
1357 471 1497 526 lihro
1535 472 1733 528 Esther
1761 481 1806 537 Α
1830 473 2021 543 judicii
2072 485 2448 542 servaverunt,
2479 484 2534 532 et
2585 489 2686 532 nos
2744 473 2844 532 sub
2870 476 3088 532 Christo
3107 475 3287 548 judice
3335 482 3421 536 vi-

146 565 599 622 manifestissime
642 563 858 634 legitur,
903 563 1087 632 regina
1131 564 1320 618 Vasthi
1371 564 1730 634 potentissimi

149 661 303 732 regis
345 657 592 724 Assueri,
643 657 769 711 licet
812 656 1182 710 ferocissimus
1236 655 1421 721 fuerit,
1468 672 1589 710 cum
1617 654 1734 724 ejus

148 753 368 807 animos
415 756 725 818 contemptu
772 755 827 802 et
873 735 1210 801 contumacia
1265 747 1603 810 olferidisset,
1647 761 1735 800 ne-

151 857 431 915 quaquam
454 840 566 896 sola
602 839 746 895 illius
773 841 1138 910 indignatione
1179 850 1233 895 et
1260 841 1443 895 furore
1473 856 1537 895 ex
1568 841 1734 908 impe-

145 938 214 991 rii
243 936 453 990 honore
479 933 721 1000 deposita
755 931 877 998 fuit,
921 933 1016 988 sed
1044 932 1258 1004 publico
1291 933 1497 1004 judicio
1521 942 1576 987 et
1604 947 1731 987 sen-

144 1030 318 1085 tentia
355 1026 662 1099 principum
688 1041 752 1081 ac
775 1025 1018 1095 judicum
1050 1027 1325 1081 Medorum
1349 1035 1511 1096 atque
1539 1025 1734 1080 Persa-

141 1139 291 1189 rum,
323 1131 379 1177 et
407 1130 528 1192 post
548 1119 939 1190 depositionem
963 1119 1106 1173 illius
1136 1119 1334 1188 regina:
1355 1133 1450 1187 per
1469 1116 1731 1187 judicium

139 1217 421 1288 publicum
454 1213 674 1290 factam,
702 1213 941 1283 quazsitac
997 1220 1124 1265 sunt
1160 1212 1349 1280 puellae
1395 1227 1513 1280 qua:
1553 1211 1732 1282 place-

141 1318 271 1364 rent
299 1306 472 1363 oculis
517 1305 681 1376 regis,
715 1307 859 1360 inter
905 1320 1040 1374 quas
1087 1305 1282 1359 Esther
1331 1304 1731 1374 pulchritudine

141 1410 199 1454 et
240 1399 437 1454 decore
466 1397 682 1462 enituit,
734 1396 918 1465 sicque
965 1395 1169 1465 regiam
1223 1395 1470 1464 copulam
1507 1395 1725 1450 meruit.

141 1493 299 1561 Quod
350 1489 524 1547 etiam‘
561 1489 768 1559 antiqui
814 1488 1043 1543 Romani
1086 1487 1325 1558 legitimo
1359 1487 1563 1558 judicio
1611 1489 1729 1544 ﬁeri

144 1583 345 1638 debere
377 1580 586 1651 legibus
615 1579 729 1634 suis
771 1578 1065 1646 antiquitus
1103 1585 1409 1632 statuerunt
1446 1586 1502 1632 et
1546 1593 1730 1633 serva-

144 1684 361 1737 verunt,
394 1686 502 1724 non
529 1668 701 1724 solum
726 1669 840 1740 jam
865 1667 1044 1725 effecti
1074 1668 1389 1733 Christiani,
1424 1668 1517 1723 sed
1560 1670 1727 1724 etiam

147 1778 267 1818 cum
290 1761 469 1815 adhuc
493 1767 675 1815 essent
712 1761 930 1831 pagani,
965 1761 1104 1815 sicut
1128 1760 1468 1830 apertissime
1489 1761 1728 1815 ostendit

1840 583 2024 620 verum
2054 583 2117 621 ac
2153 579 2492 623 mortuorum
2539 585 2860 639 quocunque
2899 570 3092 625 intuitu
3125 571 3301 626 minus
3330 575 3422 629 dc-

1840 659 1949 714 bilo
1979 675 2008 713 a
2029 660 2238 730 judiciii
2272 662 2461 716 ordine
2517 663 2813 717 deviamus.
2853 663 2906 718 In
2933 662 3153 718 Numeri
3208 681 3423 735 quoque

1837 751 1973 806 libro
2025 753 2337 823 praecipitur
2393 753 2584 824 (Num.
2610 753 2684 825 v),
2729 766 2788 808 ut
2832 755 2877 809 si
2930 771 3035 825 qua
3089 757 3284 811 mulier
3335 759 3421 813 vel

1838 843 2088 897 adulterii
2125 859 2237 908 rea,
2266 842 2350 897 vel
2392 842 2526 898 falsa
2555 845 2864 913 suspicione
2893 844 3058 901 fuerit
3084 849 3341 918 appetita,
3367 857 3423 904 et

1836 933 1919 985 vir
1946 931 2061 1000 ejus
2111 933 2228 988 zelo
2277 933 2534 988 adversus
2572 949 2690 987 eam
2751 933 2913 989 fuerit
2964 937 3286 1003 concitatus,
3327 938 3422 992 ad-

1835 1025 1998 1080 ducat
2018 1025 2162 1081 illam
2191 1027 2259 1080 ad
2281 1027 2616 1090 sacerdotes,
2642 1034 2698 1080 et
2729 1027 2909 1080 divino
2933 1027 3140 1098 judicio
3158 1029 3241 1083 vel
3265 1029 3422 1084 dam-

1835 1117 2066 1171 nandam
2093 1118 2306 1184 oll‘erat,
2333 1117 2418 1172 vel
2442 1117 2794 1172 liberandam.
2828 1115 2983 1173 Unde
3021 1118 3268 1174 Susanna
3294 1136 3428 1176 cum"

1834 1207 1970 1264 falso
2000 1209 2251 1265 adulterii
2286 1212 2515 1266 crimine
2578 1219 2948 1278 accusaretur,
2981 1219 3036 1266 et
3084 1212 3298 1282 publico
3331 1215 3420 1285 ju-

1833 1301 1974 1356 dicio
1999 1303 2380 1368 condemnata,
2406 1315 2463 1357 et
2489 1303 2704 1372 publico
2731 1303 2930 1374 legitur
2957 1303 3206 1359 absoluta
3253 1306 3418 1376 (Dan.

1834 1390 1974 1460 xm).
2001 1391 2070 1447 Et
2116 1391 2205 1446 illa
2237 1392 2433 1447 mulier
2462 1394 2512 1448 in
2551 1394 2863 1465 Evangelio,
2920 1409 3039 1464 quae
3067 1395 3340 1451 veraciter
3365 1398 3420 1453 in

1831 1484 2096 1540 adulterio
2125 1483 2307 1540 fuerat
2337 1486 2700 1556 deprehensa,
2749 1486 2986 1556 primum
3034 1485 3191 1557 juxta
3241 1488 3420 1558 legem

1831 1575 1899 1629 ad
1927 1575 2252 1642 Pharisaaos,
2283 1576 2372 1645 qui
2401 1585 2718 1647 potestatem
2744 1574 2934 1645 judicii
2958 1577 3011 1631 in
3045 1577 3241 1647 populo
3267 1593 3422 1632 exer-

1832 1668 2051 1734 cebant,
2085 1669 2284 1724 deinde
2313 1668 2480 1723 etiam
2511 1667 2750 1722 tentandi
2779 1668 2950 1739 gratia
2982 1669 3049 1722 ad
3087 1669 3300 1724 Domini
3331 1669 3421 1738 ju-

1831 1757 2030 1812 dicium
2065 1759 2326 1828 perducta
2349 1769 2450 1821 est,
2489 1759 2575 1812 ubi
2608 1758 2723 1828 ejus
2760 1757 3063 1813 admirabili
3109 1761 3334 1829 pietate,
3364 1768 3421 1815 et

145 1851 230 1910 lex
273 1853 534 1909 Antonini
568 1853 763 1923 pagani
794 1853 1158 1923 imperatoris,
1190 1869 1352 1923 quam
1392 1851 1583 1907 beatus
1616 1853 1727 1907 Au-
1756 1838 1802 1898 Β
1830 1862 1859 1900 a
1893 1847 2238 1915 lapidationis
2269 1847 2556 1917 supplicio,
2588 1856 2644 1901 et
2682 1863 2712 1900 a
2741 1847 2992 1903 criminis
3022 1859 3175 1903 reatu
3219 1853 3418 1904 meruit

147 1946 393 2018 gustinus
416 1944 469 1998 in
494 1943 633 1998 libro
673 1943 740 1998 de
781 1943 1100 1998 adulterinis
1129 1942 1405 2014 Conjugiis
1435 1944 1538 1997 hoc
1568 1943 1727 1998 modo

149 2042 533 2092 commemorat
559 2041 614 2088 et
641 2034 985 2088 commendat
1013 2034 1199 2088 dicens
1229 2032 1343 2104 (lib.
1370 2048 1443 2098 ιι,
1476 2049 1593 2103 cap.
1626 2033 1681 2106 8)
1710 2052 1724 2088 :

153 2143 171 2176 ι
203 2125 410 2192 Quibus
448 2122 715 2193 displicet,
765 2132 825 2177 ut
877 2123 1018 2177 inter
1053 2123 1228 2177 virum
1259 2131 1314 2176 et
1359 2139 1586 2177 uxorem
1631 2139 1730 2194 par

145 2215 420 2286 pudicitiae
452 2213 626 2269 forma
668 2222 937 2280 servetur,
986 2223 1042 2269 et
1067 2215 1250 2284 potius
1290 2214 1514 2284 eligunt,
1558 2217 1729 2271 maxi-

140 2319 341 2377 meque
391 2306 446 2360 in
492 2306 594 2361 hac
631 2321 820 2372 causa,
866 2306 1052 2361 mundi
1100 2306 1309 2378 legibus
1360 2306 1558 2360 subditi
1609 2321 1728 2363 esse

136 2412 305 2467 quam
352 2394 575 2461 Christi,
616 2396 870 2464 quoniam
923 2395 1047 2463 jura
1084 2395 1324 2451 forensia
1373 2412 1480 2450 non
1521 2395 1726 2451 eisdem

138 2490 343 2559 quibus
392 2486 624 2542 feminas
676 2486 949 2557 pudicitiae
1004 2486 1233 2541 nexibus
1293 2487 1440 2540 viros
1477 2487 1728 2541 videntur

142 2579 510 2649 obstringere,
539 2576 721 2646 legant
759 2576 888 2646 quid
931 2576 1226 2646 imperator
1266 2575 1593 2641 Antoninus,
1619 2591 1726 2630 non

145 2672 328 2740 utique
350 2669 711 2733 Christianus,
744 2667 812 2723 de
851 2668 954 2722 hac
981 2683 1040 2722 re
1083 2667 1448 2732 constituerit,
1491 2668 1580 2722 ubi
1613 2683 1727 2721 ma-

142 2765 280 2818 ritus
307 2775 534 2816 uxorem
555 2760 622 2816 de
644 2759 893 2815 adulterii
926 2759 1153 2814 crimine
1177 2773 1435 2814 accusare
1462 2775 1567 2814 non
1597 2759 1726 2814 sini-

140 2865 253 2919 tur,
283 2853 372 2908 cui
416 2851 660 2907 moribus
703 2851 818 2906 suis
843 2864 952 2905 non
994 2850 1224 2921 praebuit
1253 2851 1520 2905 castitatis
1543 2865 1728 2906 exem-

135 2947 314 3018 plum,
345 2948 421 2999 ita
468 2953 528 3000 ut
574 2945 736 2999 ambo
786 2943 1129 3008 damnentur,
1185 2943 1231 2998 si
1280 2944 1471 2998 ambos
1519 2945 1726 3014 pariter

136 3037 444 3108 impudicos
509 3034 790 3090 conﬂictus
841 3035 954 3103 ipse
1000 3034 1310 3089 convicerit.
1375 3034 1510 3088 Nam
1563 3050 1725 3105 supra

138 3129 267 3185 dicti
294 3126 636 3196 imperatoris
657 3127 770 3181 haic
791 3127 953 3179 verba
971 3135 1116 3190 sunt,
1137 3141 1257 3195 qua:
1277 3127 1416 3195 apud
1441 3125 1725 3197 Gregorio-

139 3236 269 3275 num
300 3218 594 3288 leguntur:
647 3235 666 3268 ‹
719 3215 882 3281 Sane,
929 3216 1125 3286 inquit,
1176 3217 1368 3272 littera:
1406 3232 1541 3272 mea:
1578 3216 1724 3272 nulla

144 3328 165 3361 ι
202 3317 358 3380 parte
390 3323 570 3364 causa:
597 3307 1042 3379 pmjudicabunt.
1077 3307 1261 3378 Neque
1293 3307 1460 3374 enim,
1489 3309 1532 3364 si
1558 3323 1726 3379 penes

143 3421 163 3454 ο
205 3411 258 3457 te
301 3401 456 3470 culpa
510 3399 612 3454 fuit
647 3407 705 3453 ut
748 3399 1150 3454 matrimonium
1180 3399 1498 3464 solveretur,
1541 3409 1597 3455 et
1641 3415 1726 3456 se'

142 3514 163 3546 ι
197 3493 436 3549 cundum
479 3491 652 3561 legem
682 3490 878 3545 Juliam
917 3490 1150 3561 Eupasia
1177 3506 1316 3546 uxor
1352 3501 1443 3546 tua
1472 3491 1722 3558 nuberet,

142 3603 164 3637 ι
193 3595 420 3656 propter
458 3583 562 3638 hoc
593 3583 916 3652 rescriptum
960 3598 1139 3637 meum
1180 3583 1430 3638 adulterii
1467 3583 1722 3638 damnata

143 3675 327 3738 «erit,
366 3673 471 3728 nisi
517 3680 732 3727 constat
755 3687 876 3727 esse
905 3674 1272 3728 commissum.
1306 3672 1593 3728 Habebunt
1621 3689 1720 3727 au-

143 3788 164 3816 ι
200 3777 309 3820 tem
332 3772 455 3818 ante
480 3763 669 3818 oculos
699 3763 802 3818 hoc
839 3763 1132 3832 inquirere,
1181 3779 1250 3817 an
1281 3779 1402 3818 cum
1440 3773 1496 3818 tu
1529 3765 1724 3834 pudice

142 3877 164 3910 ι
205 3858 439 3920 viveres,
484 3855 561 3910 illi
597 3870 812 3926 quoque
852 3855 1023 3910 bonos
1060 3870 1240 3910 mores
1280 3855 1489 3910 colendi
1532 3865 1723 3912 auctor

143 3967 164 4002 ι
202 3949 375 4004 fuisti.
423 3947 768 4018 Periniquum
801 3948 945 4002 enim
977 3946 1190 4002 videtur
1217 3960 1359 4013 esse,
1409 3956 1469 4001 ut
1515 3948 1722 4016 pudici-

143 4060 165 4092 ι
196 4040 328 4094 tiam
356 4038 442 4092 vir
467 4039 534 4092 ab
562 4053 730 4094 uxore
759 4038 962 4108 exigat,
993 4053 1153 4107 quam
1183 4038 1296 4108 ipse
1324 4054 1430 4094 non
1460 4039 1716 4094 exhibet:

144 4149 165 4180 ε
198 4145 323 4200 qua:
349 4144 441 4185 res
467 4137 644 4199 potest
688 4138 744 4184 et
783 4130 957 4184 virum
994 4130 1276 4196 damnare,
1321 4147 1428 4186 non
1471 4132 1540 4186 ob
1567 4147 1718 4186 com-

143 4240 165 4274 ι
197 4223 572 4293 pensationem
615 4221 784 4275 mutui
813 4221 1054 4276 criminis
1095 4238 1208 4276 rem
1251 4222 1393 4277 inter
1435 4231 1722 4292 utrumque

144 4331 164 4363 ι
199 4327 546 4383 componere,
588 4311 672 4366 vel
727 4325 943 4365 causam
997 4310 1124 4366 facti
1181 4311 1384 4367 tollere.
1424 4332 1442 4363 ι
1498 4311 1553 4365 Si
1605 4312 1718 4365 haec

137 4404 478 4460 observanda
524 4411 651 4458 sunt
677 4413 898 4474 propter
955 4405 1121 4459 decus
1175 4415 1406 4459 terrente
1458 4405 1718 4472 civitatis,

137 4497 358 4566 quando
385 4495 647 4551 castiores
676 4497 873 4566 quaerit
897 4496 1136 4552 caelestis
1166 4497 1368 4566 patria,
1392 4507 1446 4552 et
1482 4497 1718 4551 societas

138 4592 478 4664 angelorum.
512 4610 532 4643 ι
581 4591 708 4646 Haec
753 4593 822 4645 de
866 4590 1075 4662 legibus
1127 4591 1322 4662 pagani
1371 4591 1720 4660 imperatoris

135 4681 394 4737 Antonini
415 4682 609 4736 beatus
630 4680 960 4751 Augustinus
1000 4689 1414 4736 commemorat.
1456 4680 1534 4734 Ita
1562 4695 1718 4751 reges

137 4771 450 4836 Medorum,
493 4786 558 4826 ac
584 4770 870 4825 Persarum
891 4811 908 4837 ,
946 4779 1107 4840 atque
1136 4769 1530 4837 Romanorum,
1553 4770 1716 4838 etju-

132 4864 284 4917 dices
295 4861 504 4927 smeuli,
520 4876 641 4916 cum
657 4871 842 4916 essent
865 4861 1059 4932 pagani
1084 4869 1142 4916 et
1167 4861 1429 4916 idolorum
1455 4860 1710 4927 cultores,

130 4955 460 5008 naturaliter
497 4969 618 5024 quae
643 4953 777 5024 legis
800 4961 928 5009 sunt
955 4953 1237 5018 facientes,
1265 4951 1506 5008 etiamin
1535 4953 1715 5009 causis

126 5046 295 5120 675
323 5046 612 5120 conjugum
639 5061 748 5100 non
793 5045 1166 5102 crudelitatem
1209 5053 1262 5100 et
1311 5046 1595 5110 saevitiam,
1621 5047 1716 5102 sed

128 5141 447 5209 aequitatem
482 5145 537 5193 et
567 5138 839 5209 justitiam
882 5138 1177 5194 decernere
1201 5153 1268 5193 ac
1302 5137 1530 5194 dillinire
1553 5146 1609 5194 et
1633 5147 1714 5194 te-

128 5245 261 5284 nere
291 5229 494 5284 debere
543 5231 864 5286 docuerunt.
913 5228 1253 5300 Quapropter
1305 5230 1599 5286 timendum
1633 5238 1718 5286 est

129 5321 379 5391 regibus,
412 5321 684 5392 episcopis
714 5331 770 5377 et
787 5321 1062 5393 judicibus
1083 5320 1290 5387 saeculi,
1311 5321 1453 5391 quod
1475 5322 1529 5376 in
1552 5321 1720 5376 Evan-

127 5410 272 5483 gelio
304 5410 504 5466 dicitur
531 5412 598 5467 de
623 5411 896 5478 Ninivitis,
918 5419 976 5467 et
1003 5411 1192 5482 regina
1221 5412 1428 5479 Austri,
1457 5412 1719 5479 Quoniam

127 5511 348 5570 surgent
396 5501 450 5553 in
491 5501 720 5571 judicio,
773 5513 823 5557 et
870 5502 1291 5557 condemnabam
1334 5504 1718 5573 generationem

127 5591 414 5659 pessimam
464 5591 681 5661 (Matth.
723 5608 822 5664 xit,
869 5593 982 5664 41).
1039 5593 1504 5648 Condemnabunt.
1531 5593 1717 5663 utique

128 5698 236 5739 non
265 5691 536 5754 potestate
563 5685 773 5756 judicii,
807 5687 903 5742 sed
929 5686 1339 5756 comparatione
1365 5687 1603 5742 melioris
1631 5686 1714 5741 fa-

127 5778 227 5834 cti.
261 5775 324 5833 Si
357 5790 510 5850 reges
537 5777 613 5834 illi
641 5793 708 5835 ac
746 5776 958 5846 iudices
1007 5777 1311 5836 idololatrae
1361 5779 1440 5835 sic
1467 5778 1714 5847 ordinem

1830 1939 2049 1995 liberari
2080 1941 2260 2012 (Joan.
2285 1941 2428 2012 vni).
2463 1939 2554 1995 Sic
2579 1949 2634 1994 et
2656 1939 2802 2012 leges
2826 1939 3150 1995 Christianae
3173 1950 3302 1996 sunt
3332 1941 3416 1995 in-

1830 2031 2069 2100 spirante
2122 2030 2348 2085 Domino
2384 2030 2904 2100 conditae,.quibus
2958 2029 3203 2102 legaliter
3252 2031 3419 2086 initur

1838 2121 2175 2193 conjugium,
2207 2131 2263 2176 et
2313 2121 2670 2177 sacerdotalis
2701 2121 3042 2176 auctoritatis
3088 2129 3173 2176 est
3219 2123 3420 2177 sancti-

1839 2223 1940 2279 tas,
1972 2230 2076 2284 qua
2112 2215 2544 2270 benedictionem
2601 2230 2757 2270 suam
2786 2213 3044 2270 Dominus
3085 2215 3137 2269 in
3165 2216 3416 2284 paradiso

1829 2303 2017 2373 primis
2039 2305 2355 2374 parentibus
2386 2320 2484 2374 per
2509 2321 2568 2360 se
2593 2305 2773 2361 datam
2829 2303 3149 2376 conjugibus
3175 2307 3418 2377 legaliter

1827 2395 2110 2465 copulatis,
2141 2397 2258 2451 vice
2284 2412 2378 2451 sua
2409 2413 2505 2466 per
2525 2412 2640 2462 eos,
2689 2397 2782 2466 qui
2804 2397 2946 2451 illius
2970 2413 3032 2451 os
3056 2397 3414 2468 appellantur,

1829 2487 2042 2542 dicente
2090 2489 2390 2557 propheta:
2423 2486 2497 2542 08
2530 2487 2744 2542 Domini
2797 2487 3028 2540 loculum
3077 2498 3152 2541 est
3211 2488 3343 2558 (Isa.
3372 2503 3414 2553 l,

1825 2578 1940 2649 20).
1975 2579 2040 2632 Et
2070 2578 2187 2649 ipso
2220 2579 2450 2649 Βουήηο
2486 2593 2501 2632 :
2532 2578 2664 2633 Cum
2713 2581 3041 2648 separaveris
3070 2580 3354 2649 pretiosum
3383 2598 3417 2635 a

1827 2596 1940 2649 κυ).
1975 2596 2040 2632 ιιι
2070 2596 2187 2649 ipso
2220 2596 2332 2632 von
2382 2596 2450 2632 no
2486 2596 2501 2632 :
2532 2596 2664 2633 cum
2713 2596 3041 2648 separavem
3070 2596 3354 2649 pretiosum
3383 2598 3417 2635 a

1827 2667 1940 2733 vili,
1967 2670 2122 2738 quasi
2170 2685 2226 2723 os
2258 2596 2429 2723 nigrm
2453 2670 2556 2723 eris
2590 2667 2726 2739 (Jer.
2775 2683 2868 2735 xv,
2909 2668 3020 2740 19),
3069 2669 3270 2724 viritim
3303 2669 3418 2724 vult

1828 2760 2038 2829 largiri,
2069 2771 2123 2816 et
2146 2761 2394 2817 infirmos
2424 2761 2757 2832 paenitentiae
2785 2761 3178 2816 medicamento
3199 2777 3412 2816 sanare.

1830 2852 1897 2906 Et
1923 2851 2059 2908 liber
2084 2853 2215 2908 dicit
2244 2853 2659 2908 Ecclesiasticus
2688 2853 2753 2907 de
2790 2867 2971 2917 servo,
3003 2862 3206 2922 quanto
3237 2854 3415 2907 minus

1830 2944 1897 3000 de
1950 2960 2136 3011 uxore,
2198 2943 2391 2998 Verum
2439 2945 2550 2998 sine
2599 2944 2807 3015 judicio
2839 2943 2970 2997 nihil
3031 2944 3198 3013 facias
3261 2960 3416 3014 grave

1831 3034 2022 3107 (Eccli.
2056 3051 2250 3101 χχχιιι,
2283 3034 2396 3107 50).
2432 3035 2528 3089 Est
2555 3044 2612 3089 et
2659 3035 2733 3088 illi
2787 3035 2898 3105 regi
2933 3034 3077 3089 aliud
3115 3035 3414 3089 observan-

1831 3129 1978 3194 dum,
2017 3143 2086 3182 ne
2143 3137 2270 3184 ante
2318 3127 2612 3196 legitimam
2665 3127 3066 3197 pcenitentiam,
3117 3128 3414 3182 secundum

1750 3201 1797 3264 (ἶ
1829 3217 1975 3288 leges
1999 3217 2254 3272 Ecclesiae
2280 3226 2590 3288 susceptam
2620 3225 2784 3288 atque
2811 3226 3106 3286 peractam,
3136 3226 3190 3271 et
3219 3233 3413 3273 recon-

1828 3307 2156 3363 ciliationem
2186 3309 2457 3378 adeptam,
2491 3308 2763 3378 conjugio,
2799 3308 2968 3364 multo
3005 3310 3183 3365 minus
3212 3311 3412 3376 eidem,

1827 3396 1893 3453 de
1913 3414 2018 3468 qua
2048 3399 2248 3470 agitur,
2290 3399 2607 3454 concubinae
2657 3415 2717 3455 se
2745 3400 2994 3470 copulet:
3029 3402 3283 3471 quoniam
3313 3418 3416 3458 nec

1827 3489 1996 3546 David
2023 3507 2120 3547 rex
2149 3490 2234 3560 (II
2266 3489 2395 3561 Reg.
2433 3508 2531 3559 xu,
2583 3493 2692 3565 l5),
2732 3495 2851 3550 sine
2910 3495 3032 3550 talis
3080 3497 3414 3552 excoctionis

1825 3583 2164 3653 penitentia,
2195 3581 2521 3650 Bethsabee,
2554 3600 2675 3640 cum
2698 3600 2802 3654 qua
2831 3586 3178 3651 adulteravit,
3206 3588 3257 3640 in
3284 3603 3413 3642 con-

1825 3673 2009 3746 jugem
2065 3675 2278 3741 habuit,
2317 3683 2376 3730 ut
2424 3684 2480 3731 et
2533 3674 2696 3743 ﬁlios,
2743 3677 2835 3748 qui
2887 3692 2950 3732 ex
3003 3677 3119 3748 ipso
3150 3678 3413 3733 adulterio

1825 3777 1986 3822 natus
2014 3765 2214 3833 fuerat,
2247 3767 2532 3822 confestim
2580 3768 2762 3824 divino
2803 3769 3032 3839 judicio,
3065 3769 3193 3825 licet
3219 3785 3318 3840 pro
3347 3784 3412 3824 eo

1825 3859 2051 3915 multum
2078 3858 2377 3928 jejunando
2403 3868 2457 3913 et
2483 3859 2661 3916 ﬂendo
2713 3861 2954 3930 petierit,
3006 3863 3078 3915 sit
3122 3877 3411 3931 percussus

1825 3968 1890 4008 ac
1915 3961 2184 4017 mortuus,
2221 3961 2274 4007 et
2322 3952 2438 4022 ipse
2459 3962 2647 4022 postea
2677 3952 3014 4022 gravissimis
3049 3953 3411 4008 tribulationi-

1822 4046 1944 4110 bus,
1978 4061 2042 4101 ac
2072 4045 2220 4115 regni
2249 4045 2332 4099 sui
2359 4045 2650 4100 amissione
2678 4060 2777 4114 per
2813 4044 2984 4098 lilium
3035 4060 3190 4099 suum
3230 4045 3406 4098 Absa-

1825 4135 1914 4191 lon
1955 4135 2028 4190 ita
2061 4134 2292 4190 alllictus
2319 4144 2401 4189 est
2446 4144 2501 4189 et
2528 4145 2771 4199 vexatus,
2801 4150 2866 4189 ac
2892 4135 3040 4188 velut
3089 4135 3143 4189 in
3189 4135 3409 4190 fornace

1826 4226 1968 4298 ignis
2024 4234 2283 4280 exeoctus
2312 4235 2476 4294 atque
2503 4232 2785 4300 purgatus,
2809 4232 2870 4278 ut
2901 4239 3031 4279 vere
3079 4223 3194 4279 sola
3225 4224 3406 4278 divina

1822 4319 2107 4374 clementia
2157 4317 2392 4372 evasisse
2436 4317 2724 4383 videatur;
2785 4324 2841 4370 et
2884 4314 2998 4383 jam
3048 4317 3097 4371 ei
3145 4315 3408 4369 acerrime

1823 4411 2060 4468 contrito
2108 4410 2272 4466 corde
2323 4408 2607 4480 pmnitenti
2655 4415 2714 4464 et
2769 4406 3045 4464 conﬁtenti
3098 4407 3408 4462 misericors

1823 4502 2086 4558 Dominus
2124 4509 2407 4573 peccatum
2433 4500 2752 4555 dimiserat:
2795 4500 2888 4554 sed
2917 4500 3044 4569 quia
3089 4497 3270 4567 justus
3300 4507 3404 4562 est,

1829 4603 1883 4650 et
1902 4592 2166 4662 justitiam
2194 4593 2392 4664 diligit,
2433 4591 2578 4661 quod
2623 4607 2719 4646 rex
2751 4592 2822 4648 ab
2844 4606 2912 4646 eo
2940 4592 3007 4647 ad
3034 4590 3240 4647 scelera
3269 4591 3406 4644 ulci-

1826 4686 2026 4741 scenda
2056 4684 2383 4740 constitutus
2405 4690 2594 4754 egerat
2621 4681 2906 4750 scelerate,
2937 4683 3096 4754 digne
3133 4693 3296 4753 atque
3315 4684 3405 4751 ju-

1823 4775 2062 4831 stissime
2091 4773 2405 4829 vindicavit.

2093 4906 2260 4978 676
2288 4905 2892 4968 INTERROGATIO
2913 4907 3125 4970 XXII.

1890 5045 2095 5102 Octavo
2125 5044 2362 5114 capitulo
2399 5045 2556 5100 nobis
2598 5043 2900 5108 rescribite,
2942 5053 3124 5097 utrum
3170 5056 3404 5113 sequen-

1820 5138 1944 5195 dum
1974 5137 2046 5192 sit
2089 5137 2234 5206 quod
2263 5137 2481 5208 quidam
2526 5137 2712 5192 dicunt
2740 5137 3003 5206 quosdam
3051 5137 3246 5191 docere
3287 5135 3405 5205 epi-

1824 5245 2041 5300 scopos,
2069 5237 2129 5282 ut
2170 5229 2271 5284 sibi
2301 5229 2565 5285 confessis
2592 5229 2727 5284 viris
2773 5229 2859 5283 vel
2909 5227 3127 5282 feminis
3174 5227 3406 5282 debeant

1823 5319 2185 5390 patrocinium
2236 5317 2563 5374 defensionis
2611 5317 2944 5387 impendere,
2993 5331 3063 5371 ne
3117 5317 3403 5387 quisquam

1826 5411 2134 5482 hujusmodi
2161 5425 2419 5481 personas
2475 5410 2542 5464 ad
2583 5407 2848 5478 judicium
2879 5407 3186 5476 reipublica:
3211 5407 3405 5462 audeat

1827 5518 1926 5573 pro
1963 5497 2280 5559 criminibus
2308 5502 2449 5556 unde
2473 5501 2552 5555 eis
2593 5500 2857 5555 confessae
2907 5499 3148 5563 fuerant,
3189 5497 3404 5554 etiamsi

1823 5598 2006 5652 multis
2032 5606 2157 5650 nota
2191 5603 2317 5650 sunt
2362 5593 2610 5658 crimina,
2661 5608 2975 5663 provocare.
3015 5591 3082 5648 Et
3117 5591 3268 5657 sise,
3295 5605 3402 5645 non

1821 5705 1888 5745 ex
1916 5703 2183 5744 consensu
2214 5696 2436 5757 prapter
2479 5685 2890 5748 continentiam,
2919 5685 3012 5738 sed
3041 5692 3262 5753 propter
3288 5683 3402 5737 dis-

1819 5781 2020 5840 cidium
2085 5778 2303 5856 aliquod
2329 5815 2346 5845 ,
2419 5792 2669 5849 separare
2723 5777 3022 5844 voluerint,
3073 5775 3153 5832 vel
3209 5788 3400 5830 eorum
