  <div class='ocr_page' id='page_1' title='image "/cluster/home/n/w/nwhite01/storage/ocr_20150623/125/hvd.32044015471667/375.png"; bbox 0 0 4026 6340; ppageno 0'>
   <div class='ocr_carea' id='block_1_1' title="bbox 580 459 685 515">
    <p class='ocr_par' dir='ltr' id='par_1_1' title="bbox 580 459 685 515">
     <span class='ocr_line' id='line_1_1' title="bbox 580 459 685 515; baseline 0.01 -1"><span class='ocrx_word' id='word_1_1' title='bbox 580 459 685 515; x_wconf 81' lang='grc'><strong>759</strong></span> 
     </span>
    </p>
   </div>
   <div class='ocr_carea' id='block_1_2' title="bbox 1560 421 2876 497">
    <p class='ocr_par' dir='ltr' id='par_1_2' title="bbox 1560 421 2876 497">
     <span class='ocr_line' id='line_1_2' title="bbox 1560 421 2876 497; baseline -0.015 0"><span class='ocrx_word' id='word_1_2' title='bbox 1560 435 1893 497; x_wconf 79' lang='lat' dir='ltr'><strong>HINCMARI</strong></span> <span class='ocrx_word' id='word_1_3' title='bbox 1929 424 2324 489; x_wconf 81' lang='lat' dir='ltr'><strong>RHEMENSIS</strong></span> <span class='ocrx_word' id='word_1_4' title='bbox 2357 421 2876 483; x_wconf 82' lang='lat' dir='ltr'><strong>ARCHIEPISCOPI</strong></span> 
     </span>
    </p>
   </div>
   <div class='ocr_carea' id='block_1_3' title="bbox 3752 416 3848 473">
    <p class='ocr_par' dir='ltr' id='par_1_3' title="bbox 3752 416 3848 473">
     <span class='ocr_line' id='line_1_3' title="bbox 3752 416 3848 473; baseline 0.021 -2"><span class='ocrx_word' id='word_1_5' title='bbox 3752 416 3848 473; x_wconf 68' lang='grc' dir='ltr'><strong>πο</strong></span> 
     </span>
    </p>
   </div>
   <div class='ocr_carea' id='block_1_4' title="bbox 584 534 3845 654">
    <p class='ocr_par' dir='ltr' id='par_1_4' title="bbox 584 534 3845 654">
     <span class='ocr_line' id='line_1_4' title="bbox 584 534 3845 654; baseline -0.013 -19"><span class='ocrx_word' id='word_1_6' title='bbox 584 578 885 654; x_wconf 79' lang='lat' dir='ltr'><strong>fragilitati,</strong></span> <span class='ocrx_word' id='word_1_7' title='bbox 921 575 968 631; x_wconf 87' lang='lat' dir='ltr'><strong>si</strong></span> <span class='ocrx_word' id='word_1_8' title='bbox 1016 567 1252 643; x_wconf 79' lang='lat' dir='ltr'><strong>separati</strong></span> <span class='ocrx_word' id='word_1_9' title='bbox 1277 579 1334 621; x_wconf 91' lang='lat' dir='ltr'><strong>se</strong></span> <span class='ocrx_word' id='word_1_10' title='bbox 1366 561 1649 619; x_wconf 90' lang='lat' dir='ltr'><strong>continere</strong></span> <span class='ocrx_word' id='word_1_11' title='bbox 1685 552 2051 627; x_wconf 89' lang='lat' dir='ltr'><strong>nequiverint,</strong></span> <span class='ocrx_word' id='word_1_12' title='bbox 2080 549 2162 605; x_wconf 89' lang='lat' dir='ltr'><strong>vel</strong></span> <span class='ocrx_word' id='word_1_13' title='bbox 2192 550 2240 611; x_wconf 73' lang='grc' dir='ltr'>Α</span> <span class='ocrx_word' id='word_1_14' title='bbox 2276 563 2293 596; x_wconf 75' lang='grc' dir='ltr'>ι</span> <span class='ocrx_word' id='word_1_15' title='bbox 2327 542 2597 599; x_wconf 69' lang='lat' dir='ltr'><strong>Antefatze</strong></span> <span class='ocrx_word' id='word_1_16' title='bbox 2656 540 2870 595; x_wconf 86' lang='lat' dir='ltr'><strong>mulieri</strong></span> <span class='ocrx_word' id='word_1_17' title='bbox 2914 542 3063 594; x_wconf 89' lang='lat' dir='ltr'><strong>salva</strong></span> <span class='ocrx_word' id='word_1_18' title='bbox 3112 535 3375 608; x_wconf 79' lang='lat' dir='ltr'><strong>aequitate</strong></span> <span class='ocrx_word' id='word_1_19' title='bbox 3419 534 3706 591; x_wconf 77' lang='lat' dir='ltr'><strong>tuitionem</strong></span> <span class='ocrx_word' id='word_1_20' title='bbox 3748 536 3845 592; x_wconf 88' lang='lat' dir='ltr'><strong>im-</strong></span> 
     </span>
     <span class='ocr_line' id='line_1_5' title="bbox 2402 628 3842 654; baseline 0 0"><span class='ocrx_word' id='word_1_21' title='bbox 2402 640 2436 654; x_wconf 60' lang='lat' dir='ltr'><strong>n,</strong></span> <span class='ocrx_word' id='word_1_22' title='bbox 2514 646 2551 654; x_wconf 59' lang='lat'><strong>,.</strong></span> <span class='ocrx_word' id='word_1_23' title='bbox 2593 651 2696 654; x_wconf 28' lang='lat' dir='ltr'><strong>s-,-_</strong></span> <span class='ocrx_word' id='word_1_24' title='bbox 2744 643 2917 654; x_wconf 62' lang='lat'><strong>--_.._-</strong></span> <span class='ocrx_word' id='word_1_25' title='bbox 2957 630 3182 654; x_wconf 58' lang='grc' dir='ltr'><strong>..-ΛΑ-2,.</strong></span> <span class='ocrx_word' id='word_1_26' title='bbox 3236 628 3478 654; x_wconf 71' lang='grc' dir='ltr'><strong>-..λε..-...</strong></span> <span class='ocrx_word' id='word_1_27' title='bbox 3516 628 3659 654; x_wconf 55' lang='lat' dir='ltr'><strong>null-</strong></span> <span class='ocrx_word' id='word_1_28' title='bbox 3700 630 3842 654; x_wconf 65' lang='lat' dir='ltr'><strong>...-.l-</strong></span> 
     </span>
    </p>
   </div>
   <div class='ocr_carea' id='block_1_5' title="bbox 588 657 2171 735">
    <p class='ocr_par' dir='ltr' id='par_1_5' title="bbox 588 657 2171 735">
     <span class='ocr_line' id='line_1_6' title="bbox 588 657 2171 735; baseline -0.026 1"><span class='ocrx_word' id='word_1_29' title='bbox 588 671 928 735; x_wconf 89' lang='lat' dir='ltr'><strong>reconciliari</strong></span> <span class='ocrx_word' id='word_1_30' title='bbox 958 664 1251 728; x_wconf 88' lang='lat' dir='ltr'><strong>noluerint,</strong></span> <span class='ocrx_word' id='word_1_31' title='bbox 1293 657 1616 714; x_wconf 90' lang='lat' dir='ltr'><strong>auctoritate</strong></span> <span class='ocrx_word' id='word_1_32' title='bbox 1655 667 1749 707; x_wconf 88' lang='lat' dir='ltr'><strong>sua</strong></span> <span class='ocrx_word' id='word_1_33' title='bbox 1794 662 1950 719; x_wconf 82' lang='lat' dir='ltr'><strong>posse</strong></span> <span class='ocrx_word' id='word_1_34' title='bbox 1978 659 2171 700; x_wconf 89' lang='lat' dir='ltr'><strong>consu—</strong></span> 
     </span>
    </p>
   </div>
   <div class='ocr_carea' id='block_1_6' title="bbox 592 735 2172 835">
    <p class='ocr_par' dir='ltr' id='par_1_6' title="bbox 592 735 2172 835">
     <span class='ocr_line' id='line_1_7' title="bbox 592 735 2172 835; baseline -0.025 -8"><span class='ocrx_word' id='word_1_35' title='bbox 592 772 704 827; x_wconf 87' lang='lat' dir='ltr'><strong>lere</strong></span> <span class='ocrx_word' id='word_1_36' title='bbox 730 786 746 835; x_wconf 89' lang='lat'><strong>;</strong></span> <span class='ocrx_word' id='word_1_37' title='bbox 773 768 1011 821; x_wconf 86' lang='lat' dir='ltr'><strong>dicentes</strong></span> <span class='ocrx_word' id='word_1_38' title='bbox 1032 759 1157 829; x_wconf 85' lang='lat' dir='ltr'><strong>quia</strong></span> <span class='ocrx_word' id='word_1_39' title='bbox 1197 762 1406 810; x_wconf 90' lang='lat' dir='ltr'><strong>secreta</strong></span> <span class='ocrx_word' id='word_1_40' title='bbox 1457 746 1797 805; x_wconf 83' lang='lat' dir='ltr'><strong>confessione</strong></span> <span class='ocrx_word' id='word_1_41' title='bbox 1823 741 1888 795; x_wconf 85' lang='lat' dir='ltr'><strong>ad</strong></span> <span class='ocrx_word' id='word_1_42' title='bbox 1916 735 2172 792; x_wconf 81' lang='lat' dir='ltr'><strong>ecclesia-</strong></span> 
     </span>
    </p>
   </div>
   <div class='ocr_carea' id='block_1_7' title="bbox 589 829 2169 927">
    <p class='ocr_par' dir='ltr' id='par_1_7' title="bbox 589 829 2169 927">
     <span class='ocr_line' id='line_1_8' title="bbox 589 829 2169 927; baseline -0.026 -6"><span class='ocrx_word' id='word_1_43' title='bbox 589 865 779 922; x_wconf 87' lang='lat' dir='ltr'><strong>sticam</strong></span> <span class='ocrx_word' id='word_1_44' title='bbox 809 854 1150 927; x_wconf 89' lang='lat' dir='ltr'><strong>confugerint</strong></span> <span class='ocrx_word' id='word_1_45' title='bbox 1175 850 1455 922; x_wconf 84' lang='lat' dir='ltr'><strong>pietatem,</strong></span> <span class='ocrx_word' id='word_1_46' title='bbox 1506 842 1648 897; x_wconf 86' lang='lat' dir='ltr'><strong>sicut</strong></span> <span class='ocrx_word' id='word_1_47' title='bbox 1703 834 1928 892; x_wconf 84' lang='lat' dir='ltr'><strong>Bosonis</strong></span> <span class='ocrx_word' id='word_1_48' title='bbox 1953 829 2169 893; x_wconf 86' lang='lat' dir='ltr'><strong>mulier,</strong></span> 
     </span>
    </p>
   </div>
   <div class='ocr_carea' id='block_1_8' title="bbox 590 922 2175 1025">
    <p class='ocr_par' dir='ltr' id='par_1_8' title="bbox 590 922 2175 1025">
     <span class='ocr_line' id='line_1_9' title="bbox 590 922 2175 1025; baseline -0.025 -11"><span class='ocrx_word' id='word_1_49' title='bbox 590 960 655 1014; x_wconf 91' lang='lat' dir='ltr'><strong>de</strong></span> <span class='ocrx_word' id='word_1_50' title='bbox 681 970 789 1025; x_wconf 80' lang='lat' dir='ltr'><strong>qua</strong></span> <span class='ocrx_word' id='word_1_51' title='bbox 828 953 881 1008; x_wconf 91' lang='lat' dir='ltr'><strong>in</strong></span> <span class='ocrx_word' id='word_1_52' title='bbox 919 922 1123 1022; x_wconf 74' lang='lat' dir='ltr'><strong>synodo</strong></span> <span class='ocrx_word' id='word_1_53' title='bbox 1157 943 1298 1013; x_wconf 87' lang='lat' dir='ltr'><strong>apud</strong></span> <span class='ocrx_word' id='word_1_54' title='bbox 1341 939 1645 994; x_wconf 89' lang='lat' dir='ltr'><strong>Leucorum</strong></span> <span class='ocrx_word' id='word_1_55' title='bbox 1676 930 1947 986; x_wconf 90' lang='lat' dir='ltr'><strong>civitatem</strong></span> <span class='ocrx_word' id='word_1_56' title='bbox 1988 922 2175 977; x_wconf 84' lang='lat' dir='ltr'><strong>habita</strong></span> 
     </span>
    </p>
   </div>
   <div class='ocr_carea' id='block_1_9' title="bbox 588 1013 2174 1106">
    <p class='ocr_par' dir='ltr' id='par_1_9' title="bbox 588 1013 2174 1106">
     <span class='ocr_line' id='line_1_10' title="bbox 588 1013 2174 1106; baseline -0.025 -1"><span class='ocrx_word' id='word_1_57' title='bbox 588 1013 792 1105; x_wconf 75' lang='lat' dir='ltr'><strong>fuimus</strong></span> <span class='ocrx_word' id='word_1_58' title='bbox 817 1013 965 1100; x_wconf 41' lang='lat' dir='ltr'><strong>cum-</strong></span> <span class='ocrx_word' id='word_1_59' title='bbox 995 1033 1426 1106; x_wconf 84' lang='lat' dir='ltr'><strong>interpellatione</strong></span> <span class='ocrx_word' id='word_1_60' title='bbox 1468 1021 1804 1085; x_wconf 85' lang='lat' dir='ltr'><strong>commoniti,</strong></span> <span class='ocrx_word' id='word_1_61' title='bbox 1854 1026 1908 1073; x_wconf 90' lang='lat' dir='ltr'><strong>et</strong></span> <span class='ocrx_word' id='word_1_62' title='bbox 1954 1014 2076 1075; x_wconf 90' lang='lat' dir='ltr'><strong>ideo</strong></span> <span class='ocrx_word' id='word_1_63' title='bbox 2106 1013 2174 1068; x_wconf 89' lang='lat' dir='ltr'><strong>ab</strong></span> 
     </span>
    </p>
   </div>
   <div class='ocr_carea' id='block_1_10' title="bbox 592 1107 2177 1208">
    <p class='ocr_par' dir='ltr' id='par_1_10' title="bbox 592 1107 2177 1208">
     <span class='ocr_line' id='line_1_11' title="bbox 592 1107 2177 1208; baseline -0.025 -12"><span class='ocrx_word' id='word_1_64' title='bbox 592 1141 714 1196; x_wconf 89' lang='lat' dir='ltr'><strong>aliis</strong></span> <span class='ocrx_word' id='word_1_65' title='bbox 738 1151 899 1208; x_wconf 88' lang='lat' dir='ltr'><strong>quam</strong></span> <span class='ocrx_word' id='word_1_66' title='bbox 929 1134 997 1189; x_wconf 91' lang='lat' dir='ltr'><strong>ab</strong></span> <span class='ocrx_word' id='word_1_67' title='bbox 1024 1126 1312 1201; x_wconf 87' lang='lat' dir='ltr'><strong>episcopis,</strong></span> <span class='ocrx_word' id='word_1_68' title='bbox 1347 1121 1545 1192; x_wconf 86' lang='lat' dir='ltr'><strong>quibus</strong></span> <span class='ocrx_word' id='word_1_69' title='bbox 1585 1116 1849 1171; x_wconf 63' lang='lat' dir='ltr'><strong>confessae</strong></span> <span class='ocrx_word' id='word_1_70' title='bbox 1899 1107 2031 1163; x_wconf 90' lang='lat' dir='ltr'><strong>tales</strong></span> <span class='ocrx_word' id='word_1_71' title='bbox 2054 1119 2177 1176; x_wconf 88' lang='lat' dir='ltr'><strong>per-</strong></span> 
     </span>
    </p>
   </div>
   <div class='ocr_carea' id='block_1_11' title="bbox 482 1207 1675 1291">
    <p class='ocr_par' dir='ltr' id='par_1_11' title="bbox 482 1207 1675 1291">
     <span class='ocr_line' id='line_1_12' title="bbox 482 1207 1675 1291; baseline -0.027 2"><span class='ocrx_word' id='word_1_72' title='bbox 482 1284 487 1291; x_wconf 74' lang='lat'><strong>,</strong></span> <span class='ocrx_word' id='word_1_73' title='bbox 589 1245 738 1290; x_wconf 73' lang='lat' dir='ltr'><strong>sonte</strong></span> <span class='ocrx_word' id='word_1_74' title='bbox 759 1207 997 1290; x_wconf 76' lang='lat' dir='ltr'><strong>fuerant,</strong></span> <span class='ocrx_word' id='word_1_75' title='bbox 1027 1236 1133 1276; x_wconf 90' lang='lat' dir='ltr'><strong>non</strong></span> <span class='ocrx_word' id='word_1_76' title='bbox 1160 1218 1392 1275; x_wconf 82' lang='lat' dir='ltr'><strong>debeant</strong></span> <span class='ocrx_word' id='word_1_77' title='bbox 1422 1207 1675 1281; x_wconf 89' lang='lat' dir='ltr'><strong>judicari.</strong></span> 
     </span>
    </p>
   </div>
   <div class='ocr_carea' id='block_1_12' title="bbox 1178 1342 1581 1405">
    <p class='ocr_par' dir='ltr' id='par_1_12' title="bbox 1178 1342 1581 1405">
     <span class='ocr_line' id='line_1_13' title="bbox 1178 1342 1581 1405; baseline -0.025 0"><span class='ocrx_word' id='word_1_78' title='bbox 1178 1342 1581 1405; x_wconf 77' lang='lat' dir='ltr'><strong>RESPONSIO.</strong></span> 
     </span>
    </p>
   </div>
   <div class='ocr_carea' id='block_1_13' title="bbox 660 1464 2178 1565">
    <p class='ocr_par' dir='ltr' id='par_1_13' title="bbox 660 1464 2178 1565">
     <span class='ocr_line' id='line_1_14' title="bbox 660 1464 2178 1565; baseline -0.024 -12"><span class='ocrx_word' id='word_1_79' title='bbox 660 1495 775 1553; x_wconf 85' lang='lat' dir='ltr'><strong>Hoc</strong></span> <span class='ocrx_word' id='word_1_80' title='bbox 796 1507 959 1565; x_wconf 88' lang='lat' dir='ltr'><strong>quam</strong></span> <span class='ocrx_word' id='word_1_81' title='bbox 990 1486 1282 1544; x_wconf 90' lang='lat' dir='ltr'><strong>absurdum</strong></span> <span class='ocrx_word' id='word_1_82' title='bbox 1339 1483 1432 1546; x_wconf 88' lang='lat' dir='ltr'><strong>sit,</strong></span> <span class='ocrx_word' id='word_1_83' title='bbox 1484 1475 1707 1549; x_wconf 85' lang='lat' dir='ltr'><strong>quilibet</strong></span> <span class='ocrx_word' id='word_1_84' title='bbox 1755 1478 2007 1527; x_wconf 83' lang='lat' dir='ltr'><strong>sensatus</strong></span> <span class='ocrx_word' id='word_1_85' title='bbox 2048 1464 2178 1518; x_wconf 88' lang='lat' dir='ltr'><strong>licet</strong></span> 
     </span>
    </p>
   </div>
   <div class='ocr_carea' id='block_1_14' title="bbox 593 1559 2182 1659">
    <p class='ocr_par' dir='ltr' id='par_1_14' title="bbox 593 1559 2182 1659">
     <span class='ocr_line' id='line_1_15' title="bbox 593 1559 2182 1659; baseline -0.023 -15"><span class='ocrx_word' id='word_1_86' title='bbox 593 1559 995 1659; x_wconf 31' lang='lat' dir='ltr'><strong>ignoretvlegcs</strong></span> <span class='ocrx_word' id='word_1_87' title='bbox 1023 1577 1279 1634; x_wconf 79' lang='lat' dir='ltr'><strong>Ecclesia:</strong></span> <span class='ocrx_word' id='word_1_88' title='bbox 1310 1569 1667 1642; x_wconf 81' lang='lat' dir='ltr'><strong>recognoscit,</strong></span> <span class='ocrx_word' id='word_1_89' title='bbox 1710 1564 1834 1636; x_wconf 88' lang='lat' dir='ltr'><strong>quia</strong></span> <span class='ocrx_word' id='word_1_90' title='bbox 1883 1571 1941 1616; x_wconf 91' lang='lat' dir='ltr'><strong>ut</strong></span> <span class='ocrx_word' id='word_1_91' title='bbox 1991 1559 2182 1613; x_wconf 86' lang='lat' dir='ltr'><strong>beatus</strong></span> 
     </span>
    </p>
   </div>
   <div class='ocr_carea' id='block_1_15' title="bbox 592 1649 2180 1749">
    <p class='ocr_par' dir='ltr' id='par_1_15' title="bbox 592 1649 2180 1749">
     <span class='ocr_line' id='line_1_16' title="bbox 592 1649 2180 1749; baseline -0.023 -12"><span class='ocrx_word' id='word_1_92' title='bbox 592 1649 886 1749; x_wconf 54' lang='lat' dir='ltr'><strong>(Eregorius</strong></span> <span class='ocrx_word' id='word_1_93' title='bbox 906 1649 980 1728; x_wconf 74' lang='lat' dir='ltr'><strong>ad</strong></span> <span class='ocrx_word' id='word_1_94' title='bbox 1002 1669 1289 1726; x_wconf 87' lang='lat' dir='ltr'><strong>Leontium</strong></span> <span class='ocrx_word' id='word_1_95' title='bbox 1310 1660 1659 1721; x_wconf 82' lang='lat' dir='ltr'><strong>exconsulem</strong></span> <span class='ocrx_word' id='word_1_96' title='bbox 1691 1653 1881 1710; x_wconf 76' lang='lat' dir='ltr'><strong>scribit</strong></span> <span class='ocrx_word' id='word_1_97' title='bbox 1922 1649 2041 1722; x_wconf 81' lang='lat' dir='ltr'><strong>(lib.</strong></span> <span class='ocrx_word' id='word_1_98' title='bbox 2062 1663 2180 1711; x_wconf 81' lang='lat' dir='ltr'><strong>vui,</strong></span> 
     </span>
    </p>
   </div>
   <div class='ocr_carea' id='block_1_16' title="bbox 591 1737 2185 1839">
    <p class='ocr_par' dir='ltr' id='par_1_16' title="bbox 591 1737 2185 1839">
     <span class='ocr_line' id='line_1_17' title="bbox 591 1737 2185 1839; baseline -0.021 -16"><span class='ocrx_word' id='word_1_99' title='bbox 591 1737 741 1839; x_wconf 51' lang='lat' dir='ltr'><strong>epist:</strong></span> <span class='ocrx_word' id='word_1_100' title='bbox 767 1763 898 1836; x_wconf 88' lang='lat' dir='ltr'><strong>5l):</strong></span> <span class='ocrx_word' id='word_1_101' title='bbox 932 1782 949 1814; x_wconf 84' lang='grc'><strong>‹</strong></span> <span class='ocrx_word' id='word_1_102' title='bbox 979 1761 1171 1824; x_wconf 87' lang='lat' dir='ltr'><strong>Debet,</strong></span> <span class='ocrx_word' id='word_1_103' title='bbox 1229 1756 1504 1825; x_wconf 89' lang='lat' dir='ltr'><strong>inquiens,</strong></span> <span class='ocrx_word' id='word_1_104' title='bbox 1561 1748 1733 1820; x_wconf 78' lang='lat' dir='ltr'><strong>gloria</strong></span> <span class='ocrx_word' id='word_1_105' title='bbox 1781 1753 1966 1798; x_wconf 84' lang='lat' dir='ltr'><strong>vestra</strong></span> <span class='ocrx_word' id='word_1_106' title='bbox 1997 1737 2185 1793; x_wconf 81' lang='lat' dir='ltr'><strong>memi-</strong></span> 
     </span>
    </p>
   </div>
   <div class='ocr_carea' id='block_1_17' title="bbox 594 1840 2187 1926">
    <p class='ocr_par' dir='ltr' id='par_1_17' title="bbox 594 1840 2187 1926">
     <span class='ocr_line' id='line_1_18' title="bbox 594 1840 2187 1926; baseline -0.021 -11"><span class='ocrx_word' id='word_1_107' title='bbox 594 1858 746 1915; x_wconf 84' lang='lat' dir='ltr'><strong>uisse</strong></span> <span class='ocrx_word' id='word_1_108' title='bbox 797 1855 926 1926; x_wconf 82' lang='lat' dir='ltr'><strong>quia</strong></span> <span class='ocrx_word' id='word_1_109' title='bbox 976 1864 1252 1920; x_wconf 84' lang='lat' dir='ltr'><strong>nunquam</strong></span> <span class='ocrx_word' id='word_1_110' title='bbox 1303 1860 1449 1901; x_wconf 82' lang='lat' dir='ltr'><strong>meas</strong></span> <span class='ocrx_word' id='word_1_111' title='bbox 1492 1840 1747 1913; x_wconf 85' lang='lat' dir='ltr'><strong>epistolas</strong></span> <span class='ocrx_word' id='word_1_112' title='bbox 1776 1850 1873 1907; x_wconf 89' lang='lat' dir='ltr'><strong>pro</strong></span> <span class='ocrx_word' id='word_1_113' title='bbox 1914 1844 2187 1888; x_wconf 90' lang='lat' dir='ltr'><strong>commen-</strong></span> 
     </span>
    </p>
   </div>
   <div class='ocr_carea' id='block_1_18' title="bbox 2271 628 3845 709">
    <p class='ocr_par' dir='ltr' id='par_1_18' title="bbox 2271 628 3845 709">
     <span class='ocr_line' id='line_1_19' title="bbox 2271 628 3845 709; baseline -0.003 -17"><span class='ocrx_word' id='word_1_114' title='bbox 2271 640 2446 709; x_wconf 88' lang='lat' dir='ltr'><strong>pende</strong></span> <span class='ocrx_word' id='word_1_115' title='bbox 2466 679 2481 702; x_wconf 92' lang='lat'><strong>,</strong></span> <span class='ocrx_word' id='word_1_116' title='bbox 2504 646 2559 691; x_wconf 88' lang='lat' dir='ltr'><strong>et</strong></span> <span class='ocrx_word' id='word_1_117' title='bbox 2582 651 2703 690; x_wconf 91' lang='lat' dir='ltr'><strong>eam</strong></span> <span class='ocrx_word' id='word_1_118' title='bbox 2735 643 2924 689; x_wconf 90' lang='lat' dir='ltr'><strong>contra</strong></span> <span class='ocrx_word' id='word_1_119' title='bbox 2957 630 3186 687; x_wconf 85' lang='lat' dir='ltr'><strong>rationis</strong></span> <span class='ocrx_word' id='word_1_120' title='bbox 3232 628 3483 686; x_wconf 88' lang='lat' dir='ltr'><strong>ordinem</strong></span> <span class='ocrx_word' id='word_1_121' title='bbox 3516 628 3663 684; x_wconf 91' lang='lat' dir='ltr'><strong>nullo</strong></span> <span class='ocrx_word' id='word_1_122' title='bbox 3699 630 3845 688; x_wconf 86' lang='lat' dir='ltr'><strong>modo</strong></span> 
     </span>
    </p>
   </div>
   <div class='ocr_carea' id='block_1_19' title="bbox 2274 721 3846 804">
    <p class='ocr_par' dir='ltr' id='par_1_19' title="bbox 2274 721 3846 804">
     <span class='ocr_line' id='line_1_20' title="bbox 2274 721 3846 804; baseline -0.006 -19"><span class='ocrx_word' id='word_1_123' title='bbox 2274 746 2491 804; x_wconf 79' lang='lat' dir='ltr'><strong>gravari</strong></span> <span class='ocrx_word' id='word_1_124' title='bbox 2525 728 2831 800; x_wconf 86' lang='lat' dir='ltr'><strong>permittas.</strong></span> <span class='ocrx_word' id='word_1_125' title='bbox 2871 745 2889 777; x_wconf 71' lang='grc' dir='ltr'><strong><em>ι</em></strong></span> <span class='ocrx_word' id='word_1_126' title='bbox 2923 725 3005 780; x_wconf 71' lang='grc' dir='ltr'><strong>Ειο</strong></span> <span class='ocrx_word' id='word_1_127' title='bbox 3036 725 3234 779; x_wconf 88' lang='lat' dir='ltr'><strong>iterum</strong></span> <span class='ocrx_word' id='word_1_128' title='bbox 3267 724 3334 778; x_wconf 88' lang='lat' dir='ltr'><strong>ad</strong></span> <span class='ocrx_word' id='word_1_129' title='bbox 3377 721 3687 777; x_wconf 79' lang='lat' dir='ltr'><strong>Anatolium</strong></span> <span class='ocrx_word' id='word_1_130' title='bbox 3719 721 3846 778; x_wconf 86' lang='lat' dir='ltr'><strong>Con-</strong></span> 
     </span>
    </p>
   </div>
   <div class='ocr_carea' id='block_1_20' title="bbox 2274 814 3842 892">
    <p class='ocr_par' dir='ltr' id='par_1_20' title="bbox 2274 814 3842 892">
     <span class='ocr_line' id='line_1_21' title="bbox 2274 814 3842 892; baseline -0.006 -11"><span class='ocrx_word' id='word_1_131' title='bbox 2274 822 2818 892; x_wconf 77' lang='lat' dir='ltr'><strong>stantinopolitanum</strong></span> <span class='ocrx_word' id='word_1_132' title='bbox 2842 820 3129 874; x_wconf 88' lang='lat' dir='ltr'><strong>diaconum</strong></span> <span class='ocrx_word' id='word_1_133' title='bbox 3153 816 3267 891; x_wconf 95' lang='lat' dir='ltr'><strong>(lib.</strong></span> <span class='ocrx_word' id='word_1_134' title='bbox 3292 832 3369 871; x_wconf 83' lang='lat' dir='ltr'><strong>vit</strong></span> <span class='ocrx_word' id='word_1_135' title='bbox 3387 856 3403 882; x_wconf 91' lang='lat'><strong>,</strong></span> <span class='ocrx_word' id='word_1_136' title='bbox 3433 814 3547 870; x_wconf 84' lang='lat' dir='ltr'><strong>ind.</strong></span> <span class='ocrx_word' id='word_1_137' title='bbox 3573 814 3633 870; x_wconf 76' lang='grc'><strong>51</strong></span> <span class='ocrx_word' id='word_1_138' title='bbox 3661 856 3677 880; x_wconf 87' lang='grc'><strong><em>,</em></strong></span> <span class='ocrx_word' id='word_1_139' title='bbox 3705 816 3842 885; x_wconf 79' lang='lat' dir='ltr'><strong>epist.</strong></span> 
     </span>
    </p>
   </div>
   <div class='ocr_carea' id='block_1_21' title="bbox 2273 910 3847 994">
    <p class='ocr_par' dir='ltr' id='par_1_21' title="bbox 2273 910 3847 994">
     <span class='ocr_line' id='line_1_22' title="bbox 2273 910 3847 994; baseline -0.008 -16"><span class='ocrx_word' id='word_1_140' title='bbox 2273 922 2363 994; x_wconf 71' lang='lat'><strong>82)</strong></span> <span class='ocrx_word' id='word_1_141' title='bbox 2393 962 2408 977; x_wconf 94' lang='lat'><strong>.</strong></span> <span class='ocrx_word' id='word_1_142' title='bbox 2438 939 2457 973; x_wconf 74' lang='grc' dir='ltr'>ι</span> <span class='ocrx_word' id='word_1_143' title='bbox 2490 919 2604 974; x_wconf 84' lang='lat' dir='ltr'><strong>Hoc</strong></span> <span class='ocrx_word' id='word_1_144' title='bbox 2648 926 2828 973; x_wconf 90' lang='lat' dir='ltr'><strong>autem</strong></span> <span class='ocrx_word' id='word_1_145' title='bbox 2856 915 3202 972; x_wconf 85' lang='lat' dir='ltr'><strong>dilectionem</strong></span> <span class='ocrx_word' id='word_1_146' title='bbox 3239 921 3389 968; x_wconf 89' lang='lat' dir='ltr'><strong>tuam</strong></span> <span class='ocrx_word' id='word_1_147' title='bbox 3429 910 3676 965; x_wconf 90' lang='lat' dir='ltr'><strong>volumus</strong></span> <span class='ocrx_word' id='word_1_148' title='bbox 3718 910 3847 965; x_wconf 89' lang='lat' dir='ltr'><strong>solli-</strong></span> 
     </span>
    </p>
   </div>
   <div class='ocr_carea' id='block_1_22' title="bbox 2274 999 3846 1075">
    <p class='ocr_par' dir='ltr' id='par_1_22' title="bbox 2274 999 3846 1075">
     <span class='ocr_line' id='line_1_23' title="bbox 2274 999 3846 1075; baseline -0.01 -8"><span class='ocrx_word' id='word_1_149' title='bbox 2274 1012 2381 1068; x_wconf 91' lang='lat' dir='ltr'><strong>cite</strong></span> <span class='ocrx_word' id='word_1_150' title='bbox 2406 1009 2712 1075; x_wconf 88' lang='lat' dir='ltr'><strong>attendere,</strong></span> <span class='ocrx_word' id='word_1_151' title='bbox 2745 1021 2814 1062; x_wconf 90' lang='lat' dir='ltr'><strong>ne</strong></span> <span class='ocrx_word' id='word_1_152' title='bbox 2835 1021 2893 1062; x_wconf 90' lang='lat' dir='ltr'><strong>se</strong></span> <span class='ocrx_word' id='word_1_153' title='bbox 2929 1005 2982 1060; x_wconf 91' lang='lat' dir='ltr'><strong>in</strong></span> <span class='ocrx_word' id='word_1_154' title='bbox 3010 1017 3332 1075; x_wconf 89' lang='lat' dir='ltr'><strong>quacunque</strong></span> <span class='ocrx_word' id='word_1_155' title='bbox 3354 1016 3521 1058; x_wconf 89' lang='lat' dir='ltr'><strong>causa</strong></span> <span class='ocrx_word' id='word_1_156' title='bbox 3549 999 3640 1055; x_wconf 86' lang='lat' dir='ltr'><strong>ubi</strong></span> <span class='ocrx_word' id='word_1_157' title='bbox 3674 1014 3846 1070; x_wconf 85' lang='lat' dir='ltr'><strong>grava-</strong></span> 
     </span>
    </p>
   </div>
   <div class='ocr_carea' id='block_1_23' title="bbox 2275 1088 3845 1171">
    <p class='ocr_par' dir='ltr' id='par_1_23' title="bbox 2275 1088 3845 1171">
     <span class='ocr_line' id='line_1_24' title="bbox 2275 1088 3845 1171; baseline -0.008 -13"><span class='ocrx_word' id='word_1_158' title='bbox 2275 1118 2401 1158; x_wconf 89' lang='lat' dir='ltr'><strong>mcn</strong></span> <span class='ocrx_word' id='word_1_159' title='bbox 2431 1110 2513 1156; x_wconf 89' lang='lat' dir='ltr'><strong>est</strong></span> <span class='ocrx_word' id='word_1_160' title='bbox 2544 1112 2867 1171; x_wconf 90' lang='lat' dir='ltr'><strong>pauperum,</strong></span> <span class='ocrx_word' id='word_1_161' title='bbox 2896 1095 3114 1150; x_wconf 89' lang='lat' dir='ltr'><strong>misceri</strong></span> <span class='ocrx_word' id='word_1_162' title='bbox 3141 1091 3450 1148; x_wconf 89' lang='lat' dir='ltr'><strong>consentiat</strong></span> <span class='ocrx_word' id='word_1_163' title='bbox 3471 1131 3487 1156; x_wconf 92' lang='lat'><strong>,</strong></span> <span class='ocrx_word' id='word_1_164' title='bbox 3506 1152 3509 1157; x_wconf 89' lang='lat'><strong><em>_</em></strong></span> <span class='ocrx_word' id='word_1_165' title='bbox 3529 1105 3598 1145; x_wconf 90' lang='lat' dir='ltr'><strong>ne</strong></span> <span class='ocrx_word' id='word_1_166' title='bbox 3632 1088 3845 1146; x_wconf 81' lang='lat' dir='ltr'><strong>fortasse</strong></span> 
     </span>
    </p>
   </div>
   <div class='ocr_carea' id='block_1_24' title="bbox 2276 1189 3848 1268">
    <p class='ocr_par' dir='ltr' id='par_1_24' title="bbox 2276 1189 3848 1268">
     <span class='ocr_line' id='line_1_25' title="bbox 2276 1189 3848 1268; baseline -0.01 -15"><span class='ocrx_word' id='word_1_167' title='bbox 2276 1196 2519 1268; x_wconf 87' lang='lat' dir='ltr'><strong>potentia</strong></span> <span class='ocrx_word' id='word_1_168' title='bbox 2569 1206 2926 1264; x_wconf 89' lang='lat' dir='ltr'><strong>personarum</strong></span> <span class='ocrx_word' id='word_1_169' title='bbox 2970 1189 3314 1259; x_wconf 88' lang='lat' dir='ltr'><strong>aliquatenus</strong></span> <span class='ocrx_word' id='word_1_170' title='bbox 3356 1199 3604 1257; x_wconf 89' lang='lat' dir='ltr'><strong>pressus,</strong></span> <span class='ocrx_word' id='word_1_171' title='bbox 3646 1192 3848 1254; x_wconf 78' lang='lat' dir='ltr'><strong>cogatur</strong></span> 
     </span>
    </p>
   </div>
   <div class='ocr_carea' id='block_1_25' title="bbox 2278 1273 3846 1358">
    <p class='ocr_par' dir='ltr' id='par_1_25' title="bbox 2278 1273 3846 1358">
     <span class='ocr_line' id='line_1_26' title="bbox 2278 1273 3846 1358; baseline -0.01 -15"><span class='ocrx_word' id='word_1_172' title='bbox 2278 1302 2441 1358; x_wconf 83' lang='lat' dir='ltr'><strong>agere</strong></span> <span class='ocrx_word' id='word_1_173' title='bbox 2470 1285 2614 1358; x_wconf 89' lang='lat' dir='ltr'><strong>quod</strong></span> <span class='ocrx_word' id='word_1_174' title='bbox 2642 1284 2840 1338; x_wconf 85' lang='lat' dir='ltr'><strong>animae</strong></span> <span class='ocrx_word' id='word_1_175' title='bbox 2862 1280 3006 1337; x_wconf 92' lang='lat' dir='ltr'><strong>illius</strong></span> <span class='ocrx_word' id='word_1_176' title='bbox 3028 1295 3133 1335; x_wconf 91' lang='lat' dir='ltr'><strong>non</strong></span> <span class='ocrx_word' id='word_1_177' title='bbox 3162 1277 3336 1349; x_wconf 86' lang='lat' dir='ltr'><strong>possit</strong></span> <span class='ocrx_word' id='word_1_178' title='bbox 3362 1275 3637 1347; x_wconf 86' lang='lat' dir='ltr'><strong>expedire.</strong></span> <span class='ocrx_word' id='word_1_179' title='bbox 3663 1273 3846 1329; x_wconf 77' lang='lat' dir='ltr'><strong>Cuncta</strong></span> 
     </span>
    </p>
   </div>
   <div class='ocr_carea' id='block_1_26' title="bbox 2280 1369 3847 1451">
    <p class='ocr_par' dir='ltr' id='par_1_26' title="bbox 2280 1369 3847 1451">
     <span class='ocr_line' id='line_1_27' title="bbox 2280 1369 3847 1451; baseline -0.008 -15"><span class='ocrx_word' id='word_1_180' title='bbox 2280 1397 2408 1451; x_wconf 82' lang='lat' dir='ltr'><strong>ergo</strong></span> <span class='ocrx_word' id='word_1_181' title='bbox 2456 1394 2579 1435; x_wconf 89' lang='lat' dir='ltr'><strong>cum</strong></span> <span class='ocrx_word' id='word_1_182' title='bbox 2630 1378 2726 1432; x_wconf 89' lang='lat' dir='ltr'><strong>Dei</strong></span> <span class='ocrx_word' id='word_1_183' title='bbox 2774 1376 2969 1431; x_wconf 91' lang='lat' dir='ltr'><strong>timore</strong></span> <span class='ocrx_word' id='word_1_184' title='bbox 3016 1380 3278 1437; x_wconf 89' lang='lat' dir='ltr'><strong>tractate,</strong></span> <span class='ocrx_word' id='word_1_185' title='bbox 3324 1379 3585 1425; x_wconf 75' lang='lat' dir='ltr'><strong>aeternam</strong></span> <span class='ocrx_word' id='word_1_186' title='bbox 3639 1369 3847 1423; x_wconf 76' lang='lat' dir='ltr'><strong>maxime</strong></span> 
     </span>
    </p>
   </div>
   <div class='ocr_carea' id='block_1_27' title="bbox 2281 1461 3848 1540">
    <p class='ocr_par' dir='ltr' id='par_1_27' title="bbox 2281 1461 3848 1540">
     <span class='ocr_line' id='line_1_28' title="bbox 2281 1461 3848 1540; baseline -0.009 -11"><span class='ocrx_word' id='word_1_187' title='bbox 2281 1473 2587 1530; x_wconf 88' lang='lat' dir='ltr'><strong>mercedem</strong></span> <span class='ocrx_word' id='word_1_188' title='bbox 2634 1469 2969 1540; x_wconf 87' lang='lat' dir='ltr'><strong>perpendite.</strong></span> <span class='ocrx_word' id='word_1_189' title='bbox 3003 1487 3021 1519; x_wconf 73' lang='grc' dir='ltr'><strong><em>ι</em></strong></span> <span class='ocrx_word' id='word_1_190' title='bbox 3060 1467 3126 1521; x_wconf 85' lang='grc' dir='ltr'><strong>Ει</strong></span> <span class='ocrx_word' id='word_1_191' title='bbox 3169 1465 3235 1520; x_wconf 89' lang='lat' dir='ltr'><strong>ad</strong></span> <span class='ocrx_word' id='word_1_192' title='bbox 3284 1462 3549 1520; x_wconf 90' lang='lat' dir='ltr'><strong>Sabinum</strong></span> <span class='ocrx_word' id='word_1_193' title='bbox 3594 1461 3848 1517; x_wconf 79' lang='lat' dir='ltr'><strong>subdiaco-</strong></span> 
     </span>
    </p>
   </div>
   <div class='ocr_carea' id='block_1_28' title="bbox 2282 1550 3852 1635">
    <p class='ocr_par' dir='ltr' id='par_1_28' title="bbox 2282 1550 3852 1635">
     <span class='ocr_line' id='line_1_29' title="bbox 2282 1550 3852 1635; baseline -0.01 -15"><span class='ocrx_word' id='word_1_194' title='bbox 2282 1580 2411 1620; x_wconf 89' lang='lat' dir='ltr'><strong>num</strong></span> <span class='ocrx_word' id='word_1_195' title='bbox 2458 1562 2569 1635; x_wconf 87' lang='lat' dir='ltr'><strong>(lib.</strong></span> <span class='ocrx_word' id='word_1_196' title='bbox 2616 1577 2747 1626; x_wconf 82' lang='lat' dir='ltr'><strong>vur,</strong></span> <span class='ocrx_word' id='word_1_197' title='bbox 2780 1560 2930 1630; x_wconf 80' lang='lat' dir='ltr'><strong>epist.</strong></span> <span class='ocrx_word' id='word_1_198' title='bbox 2971 1557 3069 1629; x_wconf 87' lang='lat'><strong>6):</strong></span> <span class='ocrx_word' id='word_1_199' title='bbox 3107 1576 3124 1609; x_wconf 87' lang='grc'><em>‹</em></span> <span class='ocrx_word' id='word_1_200' title='bbox 3161 1553 3341 1611; x_wconf 86' lang='lat' dir='ltr'><strong>Studii</strong></span> <span class='ocrx_word' id='word_1_201' title='bbox 3384 1552 3463 1607; x_wconf 90' lang='lat' dir='ltr'><strong>tui</strong></span> <span class='ocrx_word' id='word_1_202' title='bbox 3507 1552 3606 1617; x_wconf 89' lang='lat' dir='ltr'><strong>sit,</strong></span> <span class='ocrx_word' id='word_1_203' title='bbox 3655 1561 3715 1606; x_wconf 91' lang='lat' dir='ltr'><strong>ut</strong></span> <span class='ocrx_word' id='word_1_204' title='bbox 3753 1550 3852 1606; x_wconf 87' lang='lat' dir='ltr'><strong>nul-</strong></span> 
     </span>
    </p>
   </div>
   <div class='ocr_carea' id='block_1_29' title="bbox 2284 1646 3856 1720">
    <p class='ocr_par' dir='ltr' id='par_1_29' title="bbox 2284 1646 3856 1720">
     <span class='ocr_line' id='line_1_30' title="bbox 2284 1646 3856 1720; baseline -0.01 -7"><span class='ocrx_word' id='word_1_205' title='bbox 2284 1658 2350 1713; x_wconf 89' lang='lat' dir='ltr'><strong>lis</strong></span> <span class='ocrx_word' id='word_1_206' title='bbox 2390 1665 2577 1712; x_wconf 90' lang='lat' dir='ltr'><strong>contra</strong></span> <span class='ocrx_word' id='word_1_207' title='bbox 2620 1654 2889 1709; x_wconf 88' lang='lat' dir='ltr'><strong>rationem</strong></span> <span class='ocrx_word' id='word_1_208' title='bbox 2936 1648 3236 1720; x_wconf 89' lang='lat' dir='ltr'><strong>dispendiis</strong></span> <span class='ocrx_word' id='word_1_209' title='bbox 3287 1647 3526 1702; x_wconf 89' lang='lat' dir='ltr'><strong>debeant</strong></span> <span class='ocrx_word' id='word_1_210' title='bbox 3574 1646 3856 1717; x_wconf 75' lang='lat' dir='ltr'><strong>subiacere.</strong></span> 
     </span>
    </p>
   </div>
   <div class='ocr_carea' id='block_1_30' title="bbox 2286 1735 3858 1818">
    <p class='ocr_par' dir='ltr' id='par_1_30' title="bbox 2286 1735 3858 1818">
     <span class='ocr_line' id='line_1_31' title="bbox 2286 1735 3858 1818; baseline -0.01 -13"><span class='ocrx_word' id='word_1_211' title='bbox 2286 1749 2439 1818; x_wconf 83' lang='lat' dir='ltr'><strong>Quod</strong></span> <span class='ocrx_word' id='word_1_212' title='bbox 2493 1747 2540 1802; x_wconf 91' lang='lat' dir='ltr'><strong>si</strong></span> <span class='ocrx_word' id='word_1_213' title='bbox 2592 1745 2733 1801; x_wconf 91' lang='lat' dir='ltr'><strong>forte</strong></span> <span class='ocrx_word' id='word_1_214' title='bbox 2789 1744 2971 1813; x_wconf 91' lang='lat' dir='ltr'><strong>aliqua</strong></span> <span class='ocrx_word' id='word_1_215' title='bbox 3031 1741 3223 1796; x_wconf 87' lang='lat' dir='ltr'><strong>nititur</strong></span> <span class='ocrx_word' id='word_1_216' title='bbox 3281 1738 3637 1793; x_wconf 81' lang='lat' dir='ltr'><strong>excusatione</strong></span> <span class='ocrx_word' id='word_1_217' title='bbox 3697 1735 3858 1791; x_wconf 81' lang='lat' dir='ltr'><strong>defen-</strong></span> 
     </span>
    </p>
   </div>
   <div class='ocr_carea' id='block_1_31' title="bbox 2288 1829 3859 1907">
    <p class='ocr_par' dir='ltr' id='par_1_31' title="bbox 2288 1829 3859 1907">
     <span class='ocr_line' id='line_1_32' title="bbox 2288 1829 3859 1907; baseline -0.011 -9"><span class='ocrx_word' id='word_1_218' title='bbox 2288 1842 2454 1907; x_wconf 90' lang='lat' dir='ltr'><strong>dere,</strong></span> <span class='ocrx_word' id='word_1_219' title='bbox 2494 1840 2689 1896; x_wconf 89' lang='lat' dir='ltr'><strong>mediis</strong></span> <span class='ocrx_word' id='word_1_220' title='bbox 2726 1834 3094 1893; x_wconf 89' lang='lat' dir='ltr'><strong>sacrosanctis</strong></span> <span class='ocrx_word' id='word_1_221' title='bbox 3132 1830 3441 1902; x_wconf 86' lang='lat' dir='ltr'><strong>Evangeliis</strong></span> <span class='ocrx_word' id='word_1_222' title='bbox 3489 1844 3711 1886; x_wconf 87' lang='lat' dir='ltr'><strong>causam</strong></span> <span class='ocrx_word' id='word_1_223' title='bbox 3748 1829 3859 1883; x_wconf 86' lang='lat' dir='ltr'><strong>sub-</strong></span> 
     </span>
    </p>
   </div>
   <div class='ocr_carea' id='block_1_32' title="bbox 595 1917 2203 2013">
    <p class='ocr_par' dir='ltr' id='par_1_32' title="bbox 595 1928 2187 2013">
     <span class='ocr_line' id='line_1_33' title="bbox 595 1928 2187 2013; baseline -0.021 -7"><span class='ocrx_word' id='word_1_224' title='bbox 595 1951 814 2006; x_wconf 85' lang='lat' dir='ltr'><strong>datione</strong></span> <span class='ocrx_word' id='word_1_225' title='bbox 866 1942 1094 2013; x_wconf 86' lang='lat' dir='ltr'><strong>alicujus</strong></span> <span class='ocrx_word' id='word_1_226' title='bbox 1142 1939 1375 2011; x_wconf 89' lang='lat' dir='ltr'><strong>accepit,</strong></span> <span class='ocrx_word' id='word_1_227' title='bbox 1426 1935 1529 1990; x_wconf 89' lang='lat' dir='ltr'><strong>nisi</strong></span> <span class='ocrx_word' id='word_1_228' title='bbox 1560 1942 1617 1987; x_wconf 92' lang='lat' dir='ltr'><strong>ut</strong></span> <span class='ocrx_word' id='word_1_229' title='bbox 1654 1928 2049 2002; x_wconf 88' lang='lat' dir='ltr'><strong>protectionem</strong></span> <span class='ocrx_word' id='word_1_230' title='bbox 2097 1934 2187 1975; x_wconf 82' lang='lat' dir='ltr'><strong>ve-</strong></span> 
     </span>
    </p>
   </div>
   <div class='ocr_carea' id='block_1_33' title="bbox 2305 1917 3861 2013">
    <p class='ocr_par' dir='ltr' id='par_1_33' title="bbox 2305 1919 3861 2002">
     <span class='ocr_line' id='line_1_34' title="bbox 2305 1919 3861 2002; baseline -0.01 -14"><span class='ocrx_word' id='word_1_231' title='bbox 2305 1935 2460 1989; x_wconf 76' lang='lat' dir='ltr'><strong>;iliter</strong></span> <span class='ocrx_word' id='word_1_232' title='bbox 2496 1928 2873 2002; x_wconf 88' lang='lat' dir='ltr'><strong>perscrutari,</strong></span> <span class='ocrx_word' id='word_1_233' title='bbox 2911 1936 2967 1981; x_wconf 89' lang='lat' dir='ltr'><strong>et</strong></span> <span class='ocrx_word' id='word_1_234' title='bbox 3006 1927 3079 1982; x_wconf 89' lang='lat' dir='ltr'><strong>ita</strong></span> <span class='ocrx_word' id='word_1_235' title='bbox 3108 1965 3123 1992; x_wconf 93' lang='lat'><strong>,</strong></span> <span class='ocrx_word' id='word_1_236' title='bbox 3161 1934 3223 1978; x_wconf 89' lang='lat' dir='ltr'><strong>ut</strong></span> <span class='ocrx_word' id='word_1_237' title='bbox 3254 1922 3466 1995; x_wconf 89' lang='lat' dir='ltr'><strong>justitia</strong></span> <span class='ocrx_word' id='word_1_238' title='bbox 3505 1936 3570 1976; x_wconf 89' lang='lat' dir='ltr'><strong>ac</strong></span> <span class='ocrx_word' id='word_1_239' title='bbox 3620 1919 3752 1990; x_wconf 75' lang='lat' dir='ltr'><strong>legis</strong></span> <span class='ocrx_word' id='word_1_240' title='bbox 3784 1934 3861 1975; x_wconf 89' lang='lat' dir='ltr'><strong>or-</strong></span> 
     </span>
    </p>
   </div>
   <div class='ocr_carea' id='block_1_34' title="bbox 595 2020 2184 2104">
    <p class='ocr_par' dir='ltr' id='par_1_34' title="bbox 595 2020 2184 2104">
     <span class='ocr_line' id='line_1_35' title="bbox 595 2020 2184 2104; baseline -0.019 -8"><span class='ocrx_word' id='word_1_241' title='bbox 595 2048 766 2097; x_wconf 90' lang='lat' dir='ltr'><strong>stram</strong></span> <span class='ocrx_word' id='word_1_242' title='bbox 814 2039 1027 2092; x_wconf 83' lang='lat' dir='ltr'><strong>favente</strong></span> <span class='ocrx_word' id='word_1_243' title='bbox 1072 2033 1283 2104; x_wconf 89' lang='lat' dir='ltr'><strong>justitia</strong></span> <span class='ocrx_word' id='word_1_244' title='bbox 1332 2024 1685 2099; x_wconf 74' lang='lat' dir='ltr'><strong>prmstaretis.</strong></span> <span class='ocrx_word' id='word_1_245' title='bbox 1740 2020 1878 2087; x_wconf 84' lang='lat' dir='ltr'><strong>Quia</strong></span> <span class='ocrx_word' id='word_1_246' title='bbox 1920 2027 2073 2085; x_wconf 89' lang='lat' dir='ltr'><strong>turpe</strong></span> <span class='ocrx_word' id='word_1_247' title='bbox 2100 2021 2184 2068; x_wconf 91' lang='lat' dir='ltr'><strong>est</strong></span> 
     </span>
    </p>
   </div>
   <div class='ocr_carea' id='block_1_35' title="bbox 597 2108 2183 2196">
    <p class='ocr_par' dir='ltr' id='par_1_35' title="bbox 597 2108 2183 2196">
     <span class='ocr_line' id='line_1_36' title="bbox 597 2108 2183 2196; baseline -0.02 -9"><span class='ocrx_word' id='word_1_248' title='bbox 597 2129 891 2187; x_wconf 88' lang='lat' dir='ltr'><strong>defendere</strong></span> <span class='ocrx_word' id='word_1_249' title='bbox 946 2123 1085 2196; x_wconf 88' lang='lat' dir='ltr'><strong>quod</strong></span> <span class='ocrx_word' id='word_1_250' title='bbox 1114 2122 1266 2194; x_wconf 89' lang='lat' dir='ltr'><strong>prius</strong></span> <span class='ocrx_word' id='word_1_251' title='bbox 1303 2136 1410 2174; x_wconf 90' lang='lat' dir='ltr'><strong>non</strong></span> <span class='ocrx_word' id='word_1_252' title='bbox 1453 2112 1760 2171; x_wconf 84' lang='lat' dir='ltr'><strong>constiterit</strong></span> <span class='ocrx_word' id='word_1_253' title='bbox 1792 2108 1999 2178; x_wconf 90' lang='lat' dir='ltr'><strong>justum</strong></span> <span class='ocrx_word' id='word_1_254' title='bbox 2040 2117 2183 2159; x_wconf 87' lang='lat' dir='ltr'><strong>esse.</strong></span> 
     </span>
    </p>
   </div>
   <div class='ocr_carea' id='block_1_36' title="bbox 597 2198 2190 2294">
    <p class='ocr_par' dir='ltr' id='par_1_36' title="bbox 597 2198 2190 2294">
     <span class='ocr_line' id='line_1_37' title="bbox 597 2198 2190 2294; baseline -0.019 -16"><span class='ocrx_word' id='word_1_255' title='bbox 597 2222 710 2294; x_wconf 87' lang='lat' dir='ltr'><strong>Ego</strong></span> <span class='ocrx_word' id='word_1_256' title='bbox 730 2220 946 2293; x_wconf 89' lang='lat' dir='ltr'><strong>quidem</strong></span> <span class='ocrx_word' id='word_1_257' title='bbox 997 2214 1247 2270; x_wconf 88' lang='lat' dir='ltr'><strong>homines</strong></span> <span class='ocrx_word' id='word_1_258' title='bbox 1280 2218 1498 2282; x_wconf 87' lang='lat' dir='ltr'><strong>propter</strong></span> <span class='ocrx_word' id='word_1_259' title='bbox 1541 2204 1811 2276; x_wconf 89' lang='lat' dir='ltr'><strong>justitiam</strong></span> <span class='ocrx_word' id='word_1_260' title='bbox 1864 2198 2049 2269; x_wconf 83' lang='lat' dir='ltr'><strong>diligo,</strong></span> <span class='ocrx_word' id='word_1_261' title='bbox 2081 2210 2190 2250; x_wconf 92' lang='lat' dir='ltr'><strong>non</strong></span> 
     </span>
    </p>
   </div>
   <div class='ocr_carea' id='block_1_37' title="bbox 598 2292 2194 2386">
    <p class='ocr_par' dir='ltr' id='par_1_37' title="bbox 598 2292 2194 2386">
     <span class='ocr_line' id='line_1_38' title="bbox 598 2292 2194 2386; baseline -0.018 -12"><span class='ocrx_word' id='word_1_262' title='bbox 598 2292 780 2374; x_wconf 80' lang='lat' dir='ltr'><strong>autem</strong></span> <span class='ocrx_word' id='word_1_263' title='bbox 821 2312 1088 2386; x_wconf 81' lang='lat' dir='ltr'><strong>justitiam</strong></span> <span class='ocrx_word' id='word_1_264' title='bbox 1132 2315 1354 2381; x_wconf 86' lang='lat' dir='ltr'><strong>prepter</strong></span> <span class='ocrx_word' id='word_1_265' title='bbox 1382 2304 1631 2361; x_wconf 88' lang='lat' dir='ltr'><strong>homines</strong></span> <span class='ocrx_word' id='word_1_266' title='bbox 1678 2308 1961 2372; x_wconf 89' lang='lat' dir='ltr'><strong>postpono.</strong></span> <span class='ocrx_word' id='word_1_267' title='bbox 1988 2316 2007 2349; x_wconf 75' lang='grc' dir='ltr'><strong><em>ι</em></strong></span> <span class='ocrx_word' id='word_1_268' title='bbox 2038 2292 2194 2349; x_wconf 87' lang='lat' dir='ltr'><strong>Sicut</strong></span> 
     </span>
    </p>
   </div>
   <div class='ocr_carea' id='block_1_38' title="bbox 598 2388 2193 2476">
    <p class='ocr_par' dir='ltr' id='par_1_38' title="bbox 598 2388 2193 2476">
     <span class='ocr_line' id='line_1_39' title="bbox 598 2388 2193 2476; baseline -0.016 -10"><span class='ocrx_word' id='word_1_269' title='bbox 598 2410 765 2476; x_wconf 89' lang='lat' dir='ltr'><strong>enim,</strong></span> <span class='ocrx_word' id='word_1_270' title='bbox 796 2415 858 2462; x_wconf 93' lang='lat' dir='ltr'><strong>ut</strong></span> <span class='ocrx_word' id='word_1_271' title='bbox 888 2420 1048 2476; x_wconf 88' lang='lat' dir='ltr'><strong>supra</strong></span> <span class='ocrx_word' id='word_1_272' title='bbox 1107 2402 1331 2459; x_wconf 87' lang='lat' dir='ltr'><strong>beatum</strong></span> <span class='ocrx_word' id='word_1_273' title='bbox 1372 2399 1624 2454; x_wconf 90' lang='lat' dir='ltr'><strong>docuisse</strong></span> <span class='ocrx_word' id='word_1_274' title='bbox 1668 2391 2016 2449; x_wconf 87' lang='lat' dir='ltr'><strong>Ambrosium</strong></span> <span class='ocrx_word' id='word_1_275' title='bbox 2064 2388 2193 2443; x_wconf 89' lang='lat' dir='ltr'><strong>scri-</strong></span> 
     </span>
    </p>
   </div>
   <div class='ocr_carea' id='block_1_39' title="bbox 598 2487 2191 2574">
    <p class='ocr_par' dir='ltr' id='par_1_39' title="bbox 598 2487 2191 2574">
     <span class='ocr_line' id='line_1_40' title="bbox 598 2487 2191 2574; baseline -0.014 -17"><span class='ocrx_word' id='word_1_276' title='bbox 598 2502 825 2574; x_wconf 91' lang='lat' dir='ltr'><strong>psimus,</strong></span> <span class='ocrx_word' id='word_1_277' title='bbox 859 2512 967 2552; x_wconf 92' lang='lat' dir='ltr'><strong>non</strong></span> <span class='ocrx_word' id='word_1_278' title='bbox 1007 2494 1183 2549; x_wconf 91' lang='lat' dir='ltr'><strong>minus</strong></span> <span class='ocrx_word' id='word_1_279' title='bbox 1208 2506 1371 2561; x_wconf 91' lang='lat' dir='ltr'><strong>quam</strong></span> <span class='ocrx_word' id='word_1_280' title='bbox 1401 2497 1525 2544; x_wconf 89' lang='lat' dir='ltr'><strong>ante</strong></span> <span class='ocrx_word' id='word_1_281' title='bbox 1564 2487 1751 2542; x_wconf 87' lang='lat' dir='ltr'><strong>decem</strong></span> <span class='ocrx_word' id='word_1_282' title='bbox 1787 2492 1953 2539; x_wconf 88' lang='lat' dir='ltr'><strong>testes</strong></span> <span class='ocrx_word' id='word_1_283' title='bbox 1972 2488 2191 2550; x_wconf 90' lang='lat' dir='ltr'><strong>pactum</strong></span> 
     </span>
    </p>
   </div>
   <div class='ocr_carea' id='block_1_40' title="bbox 598 2571 2193 2663">
    <p class='ocr_par' dir='ltr' id='par_1_40' title="bbox 598 2571 2193 2663">
     <span class='ocr_line' id='line_1_41' title="bbox 598 2571 2193 2663; baseline -0.017 -14"><span class='ocrx_word' id='word_1_284' title='bbox 598 2571 781 2663; x_wconf 68' lang='lat' dir='ltr'><strong>potest</strong></span> <span class='ocrx_word' id='word_1_285' title='bbox 802 2585 1008 2643; x_wconf 80' lang='lat' dir='ltr'><strong>ﬁrmari</strong></span> <span class='ocrx_word' id='word_1_286' title='bbox 1036 2581 1296 2655; x_wconf 90' lang='lat' dir='ltr'><strong>conjugii,</strong></span> <span class='ocrx_word' id='word_1_287' title='bbox 1323 2580 1417 2635; x_wconf 89' lang='lat' dir='ltr'><strong>sed</strong></span> <span class='ocrx_word' id='word_1_288' title='bbox 1442 2588 1496 2634; x_wconf 92' lang='lat' dir='ltr'><strong>et</strong></span> <span class='ocrx_word' id='word_1_289' title='bbox 1520 2578 1696 2649; x_wconf 90' lang='lat' dir='ltr'><strong>ipsum</strong></span> <span class='ocrx_word' id='word_1_290' title='bbox 1728 2590 1925 2631; x_wconf 90' lang='lat' dir='ltr'><strong>nomen</strong></span> <span class='ocrx_word' id='word_1_291' title='bbox 1970 2571 2193 2641; x_wconf 81' lang='lat' dir='ltr'><strong>nuptiae,</strong></span> 
     </span>
    </p>
   </div>
   <div class='ocr_carea' id='block_1_41' title="bbox 601 2671 2193 2754">
    <p class='ocr_par' dir='ltr' id='par_1_41' title="bbox 601 2671 2193 2754">
     <span class='ocr_line' id='line_1_42' title="bbox 601 2671 2193 2754; baseline -0.016 -16"><span class='ocrx_word' id='word_1_292' title='bbox 601 2682 747 2754; x_wconf 87' lang='lat' dir='ltr'><strong>quod</strong></span> <span class='ocrx_word' id='word_1_293' title='bbox 772 2675 1150 2751; x_wconf 87' lang='lat' dir='ltr'><strong>singularitate</strong></span> <span class='ocrx_word' id='word_1_294' title='bbox 1172 2680 1342 2736; x_wconf 86' lang='lat' dir='ltr'><strong>caret,</strong></span> <span class='ocrx_word' id='word_1_295' title='bbox 1375 2671 1733 2741; x_wconf 91' lang='lat' dir='ltr'><strong>plurimorum</strong></span> <span class='ocrx_word' id='word_1_296' title='bbox 1757 2674 2011 2735; x_wconf 81' lang='lat' dir='ltr'><strong>expetere</strong></span> <span class='ocrx_word' id='word_1_297' title='bbox 2038 2677 2193 2716; x_wconf 86' lang='lat' dir='ltr'><strong>mon-</strong></span> 
     </span>
    </p>
   </div>
   <div class='ocr_carea' id='block_1_42' title="bbox 603 2755 2196 2835">
    <p class='ocr_par' dir='ltr' id='par_1_42' title="bbox 603 2755 2196 2835">
     <span class='ocr_line' id='line_1_43' title="bbox 603 2755 2196 2835; baseline -0.014 -4"><span class='ocrx_word' id='word_1_298' title='bbox 603 2783 736 2831; x_wconf 89' lang='lat' dir='ltr'><strong>strat</strong></span> <span class='ocrx_word' id='word_1_299' title='bbox 759 2773 957 2829; x_wconf 87' lang='lat' dir='ltr'><strong>debere</strong></span> <span class='ocrx_word' id='word_1_300' title='bbox 1009 2767 1278 2832; x_wconf 89' lang='lat' dir='ltr'><strong>notitiam,</strong></span> <span class='ocrx_word' id='word_1_301' title='bbox 1325 2773 1381 2821; x_wconf 92' lang='lat' dir='ltr'><strong>et</strong></span> <span class='ocrx_word' id='word_1_302' title='bbox 1420 2762 1565 2835; x_wconf 88' lang='lat' dir='ltr'><strong>quod</strong></span> <span class='ocrx_word' id='word_1_303' title='bbox 1596 2760 1810 2833; x_wconf 88' lang='lat' dir='ltr'><strong>publice</strong></span> <span class='ocrx_word' id='word_1_304' title='bbox 1848 2755 2196 2826; x_wconf 90' lang='lat' dir='ltr'><strong>conjunctum</strong></span> 
     </span>
    </p>
   </div>
   <div class='ocr_carea' id='block_1_43' title="bbox 603 2851 2200 2935">
    <p class='ocr_par' dir='ltr' id='par_1_43' title="bbox 603 2851 2200 2935">
     <span class='ocr_line' id='line_1_44' title="bbox 603 2851 2200 2935; baseline -0.014 -11"><span class='ocrx_word' id='word_1_305' title='bbox 603 2876 706 2933; x_wconf 90' lang='lat' dir='ltr'><strong>est,</strong></span> <span class='ocrx_word' id='word_1_306' title='bbox 750 2867 806 2921; x_wconf 89' lang='lat' dir='ltr'><strong>in</strong></span> <span class='ocrx_word' id='word_1_307' title='bbox 846 2862 1043 2935; x_wconf 80' lang='lat' dir='ltr'><strong>angulo</strong></span> <span class='ocrx_word' id='word_1_308' title='bbox 1085 2858 1326 2931; x_wconf 90' lang='lat' dir='ltr'><strong>separari</strong></span> <span class='ocrx_word' id='word_1_309' title='bbox 1377 2872 1485 2912; x_wconf 93' lang='lat' dir='ltr'><strong>non</strong></span> <span class='ocrx_word' id='word_1_310' title='bbox 1514 2862 1728 2926; x_wconf 89' lang='lat' dir='ltr'><strong>potest:</strong></span> <span class='ocrx_word' id='word_1_311' title='bbox 1771 2859 1826 2908; x_wconf 88' lang='lat' dir='ltr'><strong>et</strong></span> <span class='ocrx_word' id='word_1_312' title='bbox 1873 2851 1940 2905; x_wconf 91' lang='lat' dir='ltr'><strong>de</strong></span> <span class='ocrx_word' id='word_1_313' title='bbox 1990 2856 2200 2904; x_wconf 88' lang='lat' dir='ltr'><strong>secreta</strong></span> 
     </span>
    </p>
   </div>
   <div class='ocr_carea' id='block_1_44' title="bbox 606 2940 2199 3024">
    <p class='ocr_par' dir='ltr' id='par_1_44' title="bbox 606 2940 2199 3024">
     <span class='ocr_line' id='line_1_45' title="bbox 606 2940 2199 3024; baseline -0.015 -8"><span class='ocrx_word' id='word_1_314' title='bbox 606 2956 974 3021; x_wconf 82' lang='lat' dir='ltr'><strong>confessione,</strong></span> <span class='ocrx_word' id='word_1_315' title='bbox 1022 2967 1184 3024; x_wconf 90' lang='lat' dir='ltr'><strong>quam</strong></span> <span class='ocrx_word' id='word_1_316' title='bbox 1237 2948 1507 3022; x_wconf 87' lang='lat' dir='ltr'><strong>publicari</strong></span> <span class='ocrx_word' id='word_1_317' title='bbox 1546 2962 1656 3003; x_wconf 91' lang='lat' dir='ltr'><strong>non</strong></span> <span class='ocrx_word' id='word_1_318' title='bbox 1686 2946 1835 3009; x_wconf 90' lang='lat' dir='ltr'><strong>licet,</strong></span> <span class='ocrx_word' id='word_1_319' title='bbox 1888 2940 2199 3014; x_wconf 84' lang='lat' dir='ltr'><strong>conjugium</strong></span> 
     </span>
    </p>
   </div>
   <div class='ocr_carea' id='block_1_45' title="bbox 604 3033 2201 3121">
    <p class='ocr_par' dir='ltr' id='par_1_45' title="bbox 604 3033 2201 3121">
     <span class='ocr_line' id='line_1_46' title="bbox 604 3033 2201 3121; baseline -0.013 -16"><span class='ocrx_word' id='word_1_320' title='bbox 604 3049 813 3121; x_wconf 77' lang='lat' dir='ltr'><strong>legibus</strong></span> <span class='ocrx_word' id='word_1_321' title='bbox 842 3044 1168 3102; x_wconf 85' lang='lat' dir='ltr'><strong>Christianis</strong></span> <span class='ocrx_word' id='word_1_322' title='bbox 1189 3057 1255 3097; x_wconf 91' lang='lat' dir='ltr'><strong>ac</strong></span> <span class='ocrx_word' id='word_1_323' title='bbox 1279 3040 1510 3111; x_wconf 89' lang='lat' dir='ltr'><strong>publicis</strong></span> <span class='ocrx_word' id='word_1_324' title='bbox 1530 3037 1880 3107; x_wconf 74' lang='lat' dir='ltr'><strong>coniugatum</strong></span> <span class='ocrx_word' id='word_1_325' title='bbox 1921 3035 1988 3088; x_wconf 91' lang='lat' dir='ltr'><strong>ab</strong></span> <span class='ocrx_word' id='word_1_326' title='bbox 2009 3033 2201 3089; x_wconf 89' lang='lat' dir='ltr'><strong>eodem</strong></span> 
     </span>
    </p>
   </div>
   <div class='ocr_carea' id='block_1_46' title="bbox 608 3123 2200 3209">
    <p class='ocr_par' dir='ltr' id='par_1_46' title="bbox 608 3123 2200 3209">
     <span class='ocr_line' id='line_1_47' title="bbox 608 3123 2200 3209; baseline -0.013 -13"><span class='ocrx_word' id='word_1_327' title='bbox 608 3137 843 3209; x_wconf 71' lang='lat' dir='ltr'><strong>coniugii</strong></span> <span class='ocrx_word' id='word_1_328' title='bbox 866 3136 998 3208; x_wconf 85' lang='lat' dir='ltr'><strong>jugo</strong></span> <span class='ocrx_word' id='word_1_329' title='bbox 1030 3132 1253 3190; x_wconf 87' lang='lat' dir='ltr'><strong>dissolvi</strong></span> <span class='ocrx_word' id='word_1_330' title='bbox 1298 3146 1408 3187; x_wconf 93' lang='lat' dir='ltr'><strong>non</strong></span> <span class='ocrx_word' id='word_1_331' title='bbox 1454 3136 1652 3200; x_wconf 91' lang='lat' dir='ltr'><strong>potest,</strong></span> <span class='ocrx_word' id='word_1_332' title='bbox 1698 3142 1874 3197; x_wconf 90' lang='lat' dir='ltr'><strong>neque</strong></span> <span class='ocrx_word' id='word_1_333' title='bbox 1898 3125 2006 3180; x_wconf 89' lang='lat' dir='ltr'><strong>tale</strong></span> <span class='ocrx_word' id='word_1_334' title='bbox 2034 3123 2200 3177; x_wconf 91' lang='lat' dir='ltr'><strong>collu-</strong></span> 
     </span>
    </p>
   </div>
   <div class='ocr_carea' id='block_1_47' title="bbox 609 3213 2203 3292">
    <p class='ocr_par' dir='ltr' id='par_1_47' title="bbox 609 3213 2203 3292">
     <span class='ocr_line' id='line_1_48' title="bbox 609 3213 2203 3292; baseline -0.013 -5"><span class='ocrx_word' id='word_1_335' title='bbox 609 3232 759 3288; x_wconf 89' lang='lat' dir='ltr'><strong>dium</strong></span> <span class='ocrx_word' id='word_1_336' title='bbox 787 3230 855 3284; x_wconf 90' lang='lat' dir='ltr'><strong>ad</strong></span> <span class='ocrx_word' id='word_1_337' title='bbox 885 3223 1308 3283; x_wconf 87' lang='lat' dir='ltr'><strong>ecclesiasticam</strong></span> <span class='ocrx_word' id='word_1_338' title='bbox 1356 3222 1611 3292; x_wconf 88' lang='lat' dir='ltr'><strong>pietatem</strong></span> <span class='ocrx_word' id='word_1_339' title='bbox 1650 3218 1755 3275; x_wconf 89' lang='lat' dir='ltr'><strong>dici</strong></span> <span class='ocrx_word' id='word_1_340' title='bbox 1803 3217 1962 3272; x_wconf 90' lang='lat' dir='ltr'><strong>debet</strong></span> <span class='ocrx_word' id='word_1_341' title='bbox 2014 3213 2203 3270; x_wconf 83' lang='lat' dir='ltr'><strong>confu-</strong></span> 
     </span>
    </p>
   </div>
   <div class='ocr_carea' id='block_1_48' title="bbox 610 3278 2273 3393">
    <p class='ocr_par' dir='ltr' id='par_1_48' title="bbox 610 3278 2273 3393">
     <span class='ocr_line' id='line_1_49' title="bbox 610 3278 2273 3393; baseline -0.013 -16"><span class='ocrx_word' id='word_1_342' title='bbox 610 3322 777 3393; x_wconf 89' lang='lat' dir='ltr'><strong>gium.</strong></span> <span class='ocrx_word' id='word_1_343' title='bbox 806 3318 962 3375; x_wconf 89' lang='lat' dir='ltr'><strong>Unde</strong></span> <span class='ocrx_word' id='word_1_344' title='bbox 985 3316 1032 3372; x_wconf 93' lang='lat' dir='ltr'><strong>si</strong></span> <span class='ocrx_word' id='word_1_345' title='bbox 1072 3328 1234 3371; x_wconf 90' lang='lat' dir='ltr'><strong>nosse</strong></span> <span class='ocrx_word' id='word_1_346' title='bbox 1262 3278 1602 3384; x_wconf 67' lang='lat' dir='ltr'><strong>quiscunque</strong></span> <span class='ocrx_word' id='word_1_347' title='bbox 1637 3307 1915 3364; x_wconf 87' lang='lat' dir='ltr'><strong>desiderat</strong></span> <span class='ocrx_word' id='word_1_348' title='bbox 1941 3305 2068 3376; x_wconf 90' lang='lat' dir='ltr'><strong>quid</strong></span> <span class='ocrx_word' id='word_1_349' title='bbox 2105 3320 2201 3358; x_wconf 87' lang='lat' dir='ltr'><strong>au-</strong></span> <span class='ocrx_word' id='word_1_350' title='bbox 2228 3278 2273 3341; x_wconf 72' lang='grc' dir='ltr'>Ο</span> 
     </span>
    </p>
   </div>
   <div class='ocr_carea' id='block_1_49' title="bbox 610 3395 2203 3470">
    <p class='ocr_par' dir='ltr' id='par_1_49' title="bbox 610 3395 2203 3470">
     <span class='ocr_line' id='line_1_50' title="bbox 610 3395 2203 3470; baseline -0.014 -1"><span class='ocrx_word' id='word_1_351' title='bbox 610 3412 835 3470; x_wconf 90' lang='lat' dir='ltr'><strong>ctoritas</strong></span> <span class='ocrx_word' id='word_1_352' title='bbox 881 3405 1254 3465; x_wconf 91' lang='lat' dir='ltr'><strong>ecclesiastica</strong></span> <span class='ocrx_word' id='word_1_353' title='bbox 1292 3404 1375 3465; x_wconf 47' lang='lat' dir='ltr'><strong>de,</strong></span> <span class='ocrx_word' id='word_1_354' title='bbox 1407 3402 1476 3457; x_wconf 92' lang='lat' dir='ltr'><strong>ad</strong></span> <span class='ocrx_word' id='word_1_355' title='bbox 1504 3416 1563 3457; x_wconf 88' lang='lat' dir='ltr'><strong>se</strong></span> <span class='ocrx_word' id='word_1_356' title='bbox 1616 3408 1675 3453; x_wconf 92' lang='lat' dir='ltr'><strong>ut</strong></span> <span class='ocrx_word' id='word_1_357' title='bbox 1700 3398 1767 3454; x_wconf 89' lang='lat' dir='ltr'><strong>ad</strong></span> <span class='ocrx_word' id='word_1_358' title='bbox 1797 3396 1989 3451; x_wconf 89' lang='lat' dir='ltr'><strong>matris</strong></span> <span class='ocrx_word' id='word_1_359' title='bbox 2025 3395 2203 3449; x_wconf 89' lang='lat' dir='ltr'><strong>sinum</strong></span> 
     </span>
    </p>
   </div>
   <div class='ocr_carea' id='block_1_50' title="bbox 611 3491 2207 3573">
    <p class='ocr_par' dir='ltr' id='par_1_50' title="bbox 611 3491 2207 3573">
     <span class='ocr_line' id='line_1_51' title="bbox 611 3491 2207 3573; baseline -0.011 -12"><span class='ocrx_word' id='word_1_360' title='bbox 611 3502 1049 3573; x_wconf 74' lang='lat' dir='ltr'><strong>confugientibus</strong></span> <span class='ocrx_word' id='word_1_361' title='bbox 1076 3500 1357 3555; x_wconf 89' lang='lat' dir='ltr'><strong>moderate</strong></span> <span class='ocrx_word' id='word_1_362' title='bbox 1404 3496 1681 3560; x_wconf 87' lang='lat' dir='ltr'><strong>decernat,</strong></span> <span class='ocrx_word' id='word_1_363' title='bbox 1733 3491 2095 3563; x_wconf 85' lang='lat' dir='ltr'><strong>suggerimus,</strong></span> <span class='ocrx_word' id='word_1_364' title='bbox 2145 3497 2207 3544; x_wconf 89' lang='lat' dir='ltr'><strong>ut</strong></span> 
     </span>
    </p>
   </div>
   <div class='ocr_carea' id='block_1_51' title="bbox 612 3584 2204 3663">
    <p class='ocr_par' dir='ltr' id='par_1_51' title="bbox 612 3584 2204 3663">
     <span class='ocr_line' id='line_1_52' title="bbox 612 3584 2204 3663; baseline -0.01 -9"><span class='ocrx_word' id='word_1_365' title='bbox 612 3600 759 3654; x_wconf 91' lang='lat' dir='ltr'><strong>inter</strong></span> <span class='ocrx_word' id='word_1_366' title='bbox 786 3597 894 3652; x_wconf 92' lang='lat' dir='ltr'><strong>alia</strong></span> <span class='ocrx_word' id='word_1_367' title='bbox 919 3595 1168 3651; x_wconf 89' lang='lat' dir='ltr'><strong>curiosus</strong></span> <span class='ocrx_word' id='word_1_368' title='bbox 1198 3592 1284 3648; x_wconf 91' lang='lat' dir='ltr'><strong>vel</strong></span> <span class='ocrx_word' id='word_1_369' title='bbox 1328 3590 1557 3663; x_wconf 90' lang='lat' dir='ltr'><strong>quilibet</strong></span> <span class='ocrx_word' id='word_1_370' title='bbox 1596 3588 1870 3645; x_wconf 84' lang='lat' dir='ltr'><strong>studiosus</strong></span> <span class='ocrx_word' id='word_1_371' title='bbox 1906 3585 2049 3641; x_wconf 90' lang='lat' dir='ltr'><strong>beati</strong></span> <span class='ocrx_word' id='word_1_372' title='bbox 2073 3584 2204 3640; x_wconf 87' lang='lat' dir='ltr'><strong>Gre-</strong></span> 
     </span>
    </p>
   </div>
   <div class='ocr_carea' id='block_1_52' title="bbox 621 3676 2207 3762">
    <p class='ocr_par' dir='ltr' id='par_1_52' title="bbox 621 3676 2207 3762">
     <span class='ocr_line' id='line_1_53' title="bbox 621 3676 2207 3762; baseline -0.011 -16"><span class='ocrx_word' id='word_1_373' title='bbox 621 3690 761 3762; x_wconf 88' lang='lat' dir='ltr'><strong>gorii</strong></span> <span class='ocrx_word' id='word_1_374' title='bbox 804 3687 1047 3744; x_wconf 83' lang='lat' dir='ltr'><strong>revolvat</strong></span> <span class='ocrx_word' id='word_1_375' title='bbox 1099 3684 1377 3756; x_wconf 91' lang='lat' dir='ltr'><strong>epistolas,</strong></span> <span class='ocrx_word' id='word_1_376' title='bbox 1435 3682 1490 3737; x_wconf 90' lang='lat' dir='ltr'><strong>in</strong></span> <span class='ocrx_word' id='word_1_377' title='bbox 1536 3680 1732 3751; x_wconf 88' lang='lat' dir='ltr'><strong>quibus</strong></span> <span class='ocrx_word' id='word_1_378' title='bbox 1757 3677 2054 3740; x_wconf 90' lang='lat' dir='ltr'><strong>multoties,</strong></span> <span class='ocrx_word' id='word_1_379' title='bbox 2098 3676 2207 3730; x_wconf 91' lang='lat' dir='ltr'><strong>imo</strong></span> 
     </span>
    </p>
   </div>
   <div class='ocr_carea' id='block_1_53' title="bbox 614 3770 2208 3852">
    <p class='ocr_par' dir='ltr' id='par_1_53' title="bbox 614 3770 2208 3852">
     <span class='ocr_line' id='line_1_54' title="bbox 614 3770 2208 3852; baseline -0.009 -15"><span class='ocrx_word' id='word_1_380' title='bbox 614 3780 829 3852; x_wconf 88' lang='lat' dir='ltr'><strong>quoties</strong></span> <span class='ocrx_word' id='word_1_381' title='bbox 851 3776 1230 3835; x_wconf 83' lang='lat' dir='ltr'><strong>convenientia</strong></span> <span class='ocrx_word' id='word_1_382' title='bbox 1258 3791 1317 3830; x_wconf 92' lang='lat' dir='ltr'><strong>se</strong></span> <span class='ocrx_word' id='word_1_383' title='bbox 1338 3775 1443 3831; x_wconf 91' lang='lat' dir='ltr'><strong>loci</strong></span> <span class='ocrx_word' id='word_1_384' title='bbox 1486 3772 1760 3836; x_wconf 88' lang='lat' dir='ltr'><strong>obtulerit,</strong></span> <span class='ocrx_word' id='word_1_385' title='bbox 1802 3771 1915 3825; x_wconf 88' lang='lat' dir='ltr'><strong>sive</strong></span> <span class='ocrx_word' id='word_1_386' title='bbox 1943 3770 2010 3824; x_wconf 89' lang='lat' dir='ltr'><strong>ad</strong></span> <span class='ocrx_word' id='word_1_387' title='bbox 2042 3770 2208 3837; x_wconf 85' lang='lat' dir='ltr'><strong>impe-</strong></span> 
     </span>
    </p>
   </div>
   <div class='ocr_carea' id='block_1_54' title="bbox 614 3859 2208 3938">
    <p class='ocr_par' dir='ltr' id='par_1_54' title="bbox 614 3859 2208 3938">
     <span class='ocr_line' id='line_1_55' title="bbox 614 3859 2208 3938; baseline -0.011 -10"><span class='ocrx_word' id='word_1_388' title='bbox 614 3880 849 3937; x_wconf 85' lang='lat' dir='ltr'><strong>ratores,</strong></span> <span class='ocrx_word' id='word_1_389' title='bbox 877 3868 963 3925; x_wconf 85' lang='lat' dir='ltr'><strong>vel</strong></span> <span class='ocrx_word' id='word_1_390' title='bbox 995 3867 1062 3923; x_wconf 90' lang='lat' dir='ltr'><strong>ad</strong></span> <span class='ocrx_word' id='word_1_391' title='bbox 1089 3880 1443 3938; x_wconf 90' lang='lat' dir='ltr'><strong>quascunque</strong></span> <span class='ocrx_word' id='word_1_392' title='bbox 1496 3876 1780 3934; x_wconf 87' lang='lat' dir='ltr'><strong>personas,</strong></span> <span class='ocrx_word' id='word_1_393' title='bbox 1808 3875 1908 3931; x_wconf 90' lang='lat' dir='ltr'><strong>pro</strong></span> <span class='ocrx_word' id='word_1_394' title='bbox 1956 3859 2208 3913; x_wconf 89' lang='lat' dir='ltr'><strong>omnibus</strong></span> 
     </span>
    </p>
   </div>
   <div class='ocr_carea' id='block_1_55' title="bbox 617 3954 2211 4032">
    <p class='ocr_par' dir='ltr' id='par_1_55' title="bbox 617 3954 2211 4032">
     <span class='ocr_line' id='line_1_56' title="bbox 617 3954 2211 4032; baseline -0.01 -12"><span class='ocrx_word' id='word_1_395' title='bbox 617 3963 687 4020; x_wconf 86' lang='lat' dir='ltr'><strong>ad</strong></span> <span class='ocrx_word' id='word_1_396' title='bbox 735 3978 795 4018; x_wconf 88' lang='lat' dir='ltr'><strong>se</strong></span> <span class='ocrx_word' id='word_1_397' title='bbox 832 3958 1272 4032; x_wconf 74' lang='lat' dir='ltr'><strong>confugientibus</strong></span> <span class='ocrx_word' id='word_1_398' title='bbox 1316 3968 1530 4028; x_wconf 88' lang='lat' dir='ltr'><strong>petens,</strong></span> <span class='ocrx_word' id='word_1_399' title='bbox 1584 3955 1782 4010; x_wconf 89' lang='lat' dir='ltr'><strong>litteris</strong></span> <span class='ocrx_word' id='word_1_400' title='bbox 1833 3954 1947 4009; x_wconf 91' lang='lat' dir='ltr'><strong>suis</strong></span> <span class='ocrx_word' id='word_1_401' title='bbox 1996 3965 2211 4021; x_wconf 86' lang='lat' dir='ltr'><strong>semper</strong></span> 
     </span>
    </p>
   </div>
   <div class='ocr_carea' id='block_1_56' title="bbox 618 4045 2214 4123">
    <p class='ocr_par' dir='ltr' id='par_1_56' title="bbox 618 4045 2214 4123">
     <span class='ocr_line' id='line_1_57' title="bbox 618 4045 2214 4123; baseline -0.01 -10"><span class='ocrx_word' id='word_1_402' title='bbox 618 4055 865 4119; x_wconf 89' lang='lat' dir='ltr'><strong>inseruit,</strong></span> <span class='ocrx_word' id='word_1_403' title='bbox 899 4052 1050 4110; x_wconf 89' lang='lat' dir='ltr'><strong>salva</strong></span> <span class='ocrx_word' id='word_1_404' title='bbox 1069 4051 1351 4123; x_wconf 60' lang='lat' dir='ltr'><strong>aequitate,</strong></span> <span class='ocrx_word' id='word_1_405' title='bbox 1389 4048 1473 4105; x_wconf 88' lang='lat' dir='ltr'><strong>vel</strong></span> <span class='ocrx_word' id='word_1_406' title='bbox 1498 4048 1642 4103; x_wconf 86' lang='lat' dir='ltr'><strong>salva</strong></span> <span class='ocrx_word' id='word_1_407' title='bbox 1688 4047 1923 4114; x_wconf 76' lang='lat' dir='ltr'><strong>ratione,</strong></span> <span class='ocrx_word' id='word_1_408' title='bbox 1954 4045 2067 4100; x_wconf 88' lang='lat' dir='ltr'><strong>sive</strong></span> <span class='ocrx_word' id='word_1_409' title='bbox 2088 4059 2214 4099; x_wconf 84' lang='lat' dir='ltr'><strong>con-</strong></span> 
     </span>
    </p>
   </div>
   <div class='ocr_carea' id='block_1_57' title="bbox 618 4132 2209 4217">
    <p class='ocr_par' dir='ltr' id='par_1_57' title="bbox 618 4132 2209 4217">
     <span class='ocr_line' id='line_1_58' title="bbox 618 4132 2209 4217; baseline -0.011 -13"><span class='ocrx_word' id='word_1_410' title='bbox 618 4156 798 4205; x_wconf 91' lang='lat' dir='ltr'><strong>stante</strong></span> <span class='ocrx_word' id='word_1_411' title='bbox 820 4146 1051 4217; x_wconf 87' lang='lat' dir='ltr'><strong>justitia,</strong></span> <span class='ocrx_word' id='word_1_412' title='bbox 1104 4151 1199 4200; x_wconf 89' lang='lat' dir='ltr'><strong>aut</strong></span> <span class='ocrx_word' id='word_1_413' title='bbox 1227 4158 1393 4201; x_wconf 88' lang='lat' dir='ltr'><strong>causa</strong></span> <span class='ocrx_word' id='word_1_414' title='bbox 1418 4139 1661 4212; x_wconf 90' lang='lat' dir='ltr'><strong>judiciali</strong></span> <span class='ocrx_word' id='word_1_415' title='bbox 1688 4138 1920 4193; x_wconf 89' lang='lat' dir='ltr'><strong>termino</strong></span> <span class='ocrx_word' id='word_1_416' title='bbox 1962 4132 2209 4200; x_wconf 83' lang='lat' dir='ltr'><strong>dilIinita,</strong></span> 
     </span>
    </p>
   </div>
   <div class='ocr_carea' id='block_1_58' title="bbox 618 4232 2213 4307">
    <p class='ocr_par' dir='ltr' id='par_1_58' title="bbox 618 4232 2213 4307">
     <span class='ocr_line' id='line_1_59' title="bbox 618 4232 2213 4307; baseline -0.01 -8"><span class='ocrx_word' id='word_1_417' title='bbox 618 4244 737 4299; x_wconf 87' lang='lat' dir='ltr'><strong>sine</strong></span> <span class='ocrx_word' id='word_1_418' title='bbox 788 4239 1111 4298; x_wconf 86' lang='lat' dir='ltr'><strong>sacerdotali</strong></span> <span class='ocrx_word' id='word_1_419' title='bbox 1162 4238 1365 4307; x_wconf 86' lang='lat' dir='ltr'><strong>invidia</strong></span> <span class='ocrx_word' id='word_1_420' title='bbox 1406 4251 1421 4289; x_wconf 93' lang='lat'><strong>:</strong></span> <span class='ocrx_word' id='word_1_421' title='bbox 1466 4246 1551 4301; x_wconf 86' lang='lat' dir='ltr'><strong>et,</strong></span> <span class='ocrx_word' id='word_1_422' title='bbox 1590 4254 1608 4285; x_wconf 69' lang='grc' dir='ltr'>ι</span> <span class='ocrx_word' id='word_1_423' title='bbox 1656 4232 1726 4289; x_wconf 88' lang='lat' dir='ltr'><strong>Ut</strong></span> <span class='ocrx_word' id='word_1_424' title='bbox 1764 4232 2059 4288; x_wconf 85' lang='lat' dir='ltr'><strong>electorum</strong></span> <span class='ocrx_word' id='word_1_425' title='bbox 2088 4244 2213 4284; x_wconf 92' lang='lat' dir='ltr'><strong>cum</strong></span> 
     </span>
    </p>
   </div>
   <div class='ocr_carea' id='block_1_59' title="bbox 619 4319 2215 4406">
    <p class='ocr_par' dir='ltr' id='par_1_59' title="bbox 619 4319 2215 4406">
     <span class='ocr_line' id='line_1_60' title="bbox 619 4319 2215 4406; baseline -0.011 -15"><span class='ocrx_word' id='word_1_426' title='bbox 619 4341 776 4406; x_wconf 87' lang='lat' dir='ltr'><strong>parte</strong></span> <span class='ocrx_word' id='word_1_427' title='bbox 798 4332 971 4388; x_wconf 87' lang='lat' dir='ltr'><strong>altera</strong></span> <span class='ocrx_word' id='word_1_428' title='bbox 1001 4344 1224 4386; x_wconf 89' lang='lat' dir='ltr'><strong>necesse</strong></span> <span class='ocrx_word' id='word_1_429' title='bbox 1253 4337 1338 4384; x_wconf 88' lang='lat' dir='ltr'><strong>est</strong></span> <span class='ocrx_word' id='word_1_430' title='bbox 1366 4326 1550 4383; x_wconf 90' lang='lat' dir='ltr'><strong>subire</strong></span> <span class='ocrx_word' id='word_1_431' title='bbox 1575 4323 1863 4393; x_wconf 86' lang='lat' dir='ltr'><strong>judicium,</strong></span> <span class='ocrx_word' id='word_1_432' title='bbox 1892 4330 1947 4375; x_wconf 89' lang='lat' dir='ltr'><strong>et</strong></span> <span class='ocrx_word' id='word_1_433' title='bbox 1988 4328 2046 4375; x_wconf 90' lang='lat' dir='ltr'><strong>ut</strong></span> <span class='ocrx_word' id='word_1_434' title='bbox 2076 4319 2215 4374; x_wconf 90' lang='lat' dir='ltr'><strong>veri-</strong></span> 
     </span>
    </p>
   </div>
   <div class='ocr_carea' id='block_1_60' title="bbox 622 4410 2213 4495">
    <p class='ocr_par' dir='ltr' id='par_1_60' title="bbox 622 4410 2213 4495">
     <span class='ocr_line' id='line_1_61' title="bbox 622 4410 2213 4495; baseline -0.011 -14"><span class='ocrx_word' id='word_1_435' title='bbox 622 4433 710 4481; x_wconf 86' lang='lat' dir='ltr'><strong>tas</strong></span> <span class='ocrx_word' id='word_1_436' title='bbox 772 4422 1070 4495; x_wconf 83' lang='lat' dir='ltr'><strong>cognosci,</strong></span> <span class='ocrx_word' id='word_1_437' title='bbox 1125 4428 1180 4477; x_wconf 89' lang='lat' dir='ltr'><strong>et</strong></span> <span class='ocrx_word' id='word_1_438' title='bbox 1243 4420 1386 4490; x_wconf 90' lang='lat' dir='ltr'><strong>quod</strong></span> <span class='ocrx_word' id='word_1_439' title='bbox 1443 4415 1718 4488; x_wconf 59' lang='lat' dir='ltr'><strong>aequitatis</strong></span> <span class='ocrx_word' id='word_1_440' title='bbox 1771 4412 1904 4469; x_wconf 91' lang='lat' dir='ltr'><strong>ordo</strong></span> <span class='ocrx_word' id='word_1_441' title='bbox 1956 4410 2213 4476; x_wconf 88' lang='lat' dir='ltr'><strong>suaserit,</strong></span> 
     </span>
    </p>
   </div>
   <div class='ocr_carea' id='block_1_61' title="bbox 620 4506 2215 4593">
    <p class='ocr_par' dir='ltr' id='par_1_61' title="bbox 620 4506 2215 4593">
     <span class='ocr_line' id='line_1_62' title="bbox 620 4506 2215 4593; baseline -0.01 -16"><span class='ocrx_word' id='word_1_442' title='bbox 620 4519 785 4593; x_wconf 76' lang='lat'><strong>677</strong></span> <span class='ocrx_word' id='word_1_443' title='bbox 841 4516 1027 4573; x_wconf 84' lang='lat' dir='ltr'><strong>valeat</strong></span> <span class='ocrx_word' id='word_1_444' title='bbox 1071 4513 1308 4571; x_wconf 73' lang='lat' dir='ltr'><strong>dil‘ﬂniri.</strong></span> <span class='ocrx_word' id='word_1_445' title='bbox 1362 4514 1470 4578; x_wconf 88' lang='lat' dir='ltr'><strong>Et,</strong></span> <span class='ocrx_word' id='word_1_446' title='bbox 1522 4512 1596 4568; x_wconf 89' lang='lat' dir='ltr'><strong>Ut</strong></span> <span class='ocrx_word' id='word_1_447' title='bbox 1636 4526 1787 4566; x_wconf 90' lang='lat' dir='ltr'><strong>mora</strong></span> <span class='ocrx_word' id='word_1_448' title='bbox 1837 4518 2090 4566; x_wconf 86' lang='lat' dir='ltr'><strong>cessante</strong></span> <span class='ocrx_word' id='word_1_449' title='bbox 2143 4506 2215 4561; x_wconf 89' lang='lat' dir='ltr'><strong>ad</strong></span> 
     </span>
    </p>
   </div>
   <div class='ocr_carea' id='block_1_62' title="bbox 625 4597 2212 4674">
    <p class='ocr_par' dir='ltr' id='par_1_62' title="bbox 625 4597 2212 4674">
     <span class='ocr_line' id='line_1_63' title="bbox 625 4597 2212 4674; baseline -0.009 -10"><span class='ocrx_word' id='word_1_450' title='bbox 625 4609 919 4664; x_wconf 89' lang='lat' dir='ltr'><strong>electorum</strong></span> <span class='ocrx_word' id='word_1_451' title='bbox 962 4604 1221 4662; x_wconf 88' lang='lat' dir='ltr'><strong>accedere</strong></span> <span class='ocrx_word' id='word_1_452' title='bbox 1253 4603 1485 4674; x_wconf 86' lang='lat' dir='ltr'><strong>quisque</strong></span> <span class='ocrx_word' id='word_1_453' title='bbox 1525 4600 1881 4671; x_wconf 85' lang='lat' dir='ltr'><strong>compellatur</strong></span> <span class='ocrx_word' id='word_1_454' title='bbox 1906 4597 2168 4667; x_wconf 89' lang='lat' dir='ltr'><strong>judicium</strong></span> <span class='ocrx_word' id='word_1_455' title='bbox 2198 4615 2212 4650; x_wconf 91' lang='lat'><strong>:</strong></span> 
     </span>
    </p>
   </div>
   <div class='ocr_carea' id='block_1_63' title="bbox 624 4689 2217 4769">
    <p class='ocr_par' dir='ltr' id='par_1_63' title="bbox 624 4689 2217 4769">
     <span class='ocr_line' id='line_1_64' title="bbox 624 4689 2217 4769; baseline -0.007 -13"><span class='ocrx_word' id='word_1_456' title='bbox 624 4709 701 4766; x_wconf 90' lang='lat' dir='ltr'><strong>et,</strong></span> <span class='ocrx_word' id='word_1_457' title='bbox 727 4698 998 4769; x_wconf 86' lang='lat' dir='ltr'><strong>Quidquid</strong></span> <span class='ocrx_word' id='word_1_458' title='bbox 1019 4698 1248 4753; x_wconf 87' lang='lat' dir='ltr'><strong>veritate</strong></span> <span class='ocrx_word' id='word_1_459' title='bbox 1275 4696 1493 4766; x_wconf 85' lang='lat' dir='ltr'><strong>cOgnita</strong></span> <span class='ocrx_word' id='word_1_460' title='bbox 1525 4692 1892 4749; x_wconf 87' lang='lat' dir='ltr'><strong>sacrosanctis</strong></span> <span class='ocrx_word' id='word_1_461' title='bbox 1912 4689 2217 4761; x_wconf 79' lang='lat' dir='ltr'><strong>Evangeliis</strong></span> 
     </span>
    </p>
   </div>
   <div class='ocr_carea' id='block_1_64' title="bbox 624 4772 2217 4858">
    <p class='ocr_par' dir='ltr' id='par_1_64' title="bbox 624 4772 2217 4858">
     <span class='ocr_line' id='line_1_65' title="bbox 624 4772 2217 4858; baseline -0.009 -8"><span class='ocrx_word' id='word_1_462' title='bbox 624 4795 791 4851; x_wconf 90' lang='lat' dir='ltr'><strong>fuerit</strong></span> <span class='ocrx_word' id='word_1_463' title='bbox 821 4800 1084 4849; x_wconf 89' lang='lat' dir='ltr'><strong>statutum</strong></span> <span class='ocrx_word' id='word_1_464' title='bbox 1104 4832 1119 4858; x_wconf 90' lang='lat'><strong>,</strong></span> <span class='ocrx_word' id='word_1_465' title='bbox 1158 4791 1232 4845; x_wconf 87' lang='lat' dir='ltr'><strong>ita</strong></span> <span class='ocrx_word' id='word_1_466' title='bbox 1262 4790 1329 4844; x_wconf 84' lang='lat' dir='ltr'><strong>ad</strong></span> <span class='ocrx_word' id='word_1_467' title='bbox 1359 4786 1613 4844; x_wconf 79' lang='lat' dir='ltr'><strong>effectum</strong></span> <span class='ocrx_word' id='word_1_468' title='bbox 1641 4772 2009 4841; x_wconf 75' lang='lat' dir='ltr'><strong>exsecutionis</strong></span> <span class='ocrx_word' id='word_1_469' title='bbox 2041 4781 2217 4837; x_wconf 90' lang='lat' dir='ltr'><strong>omni-</strong></span> 
     </span>
    </p>
   </div>
   <div class='ocr_carea' id='block_1_65' title="bbox 625 4872 2217 4955">
    <p class='ocr_par' dir='ltr' id='par_1_65' title="bbox 625 4872 2217 4955">
     <span class='ocr_line' id='line_1_66' title="bbox 625 4872 2217 4955; baseline -0.01 -13"><span class='ocrx_word' id='word_1_470' title='bbox 625 4885 802 4942; x_wconf 90' lang='lat' dir='ltr'><strong>modis</strong></span> <span class='ocrx_word' id='word_1_471' title='bbox 841 4884 1215 4955; x_wconf 89' lang='lat' dir='ltr'><strong>perducatur:</strong></span> <span class='ocrx_word' id='word_1_472' title='bbox 1247 4891 1336 4947; x_wconf 90' lang='lat' dir='ltr'><strong>et,</strong></span> <span class='ocrx_word' id='word_1_473' title='bbox 1381 4878 1655 4947; x_wconf 82' lang='lat' dir='ltr'><strong>Quidquid</strong></span> <span class='ocrx_word' id='word_1_474' title='bbox 1706 4875 1967 4931; x_wconf 83' lang='lat' dir='ltr'><strong>suadente</strong></span> <span class='ocrx_word' id='word_1_475' title='bbox 2007 4872 2217 4942; x_wconf 87' lang='lat' dir='ltr'><strong>justitia</strong></span> 
     </span>
    </p>
   </div>
   <div class='ocr_carea' id='block_1_66' title="bbox 625 4965 2216 5047">
    <p class='ocr_par' dir='ltr' id='par_1_66' title="bbox 625 4965 2216 5047">
     <span class='ocr_line' id='line_1_67' title="bbox 625 4965 2216 5047; baseline -0.009 -12"><span class='ocrx_word' id='word_1_476' title='bbox 625 4980 804 5037; x_wconf 90' lang='lat' dir='ltr'><strong>visum</strong></span> <span class='ocrx_word' id='word_1_477' title='bbox 831 4977 1029 5044; x_wconf 85' lang='lat' dir='ltr'><strong>fuerit,</strong></span> <span class='ocrx_word' id='word_1_478' title='bbox 1077 4975 1281 5047; x_wconf 90' lang='lat' dir='ltr'><strong>scripto</strong></span> <span class='ocrx_word' id='word_1_479' title='bbox 1330 4974 1691 5031; x_wconf 90' lang='lat' dir='ltr'><strong>decernatur:</strong></span> <span class='ocrx_word' id='word_1_480' title='bbox 1731 4980 1817 5036; x_wconf 90' lang='lat' dir='ltr'><strong>et,</strong></span> <span class='ocrx_word' id='word_1_481' title='bbox 1854 4967 1925 5024; x_wconf 92' lang='lat' dir='ltr'><strong>Ut</strong></span> <span class='ocrx_word' id='word_1_482' title='bbox 1972 4968 2025 5021; x_wconf 91' lang='lat' dir='ltr'><strong>in</strong></span> <span class='ocrx_word' id='word_1_483' title='bbox 2068 4965 2216 5021; x_wconf 92' lang='lat' dir='ltr'><strong>nullo</strong></span> 
     </span>
    </p>
   </div>
   <div class='ocr_carea' id='block_1_67' title="bbox 628 5060 2213 5144">
    <p class='ocr_par' dir='ltr' id='par_1_67' title="bbox 628 5060 2213 5144">
     <span class='ocr_line' id='line_1_68' title="bbox 628 5060 2213 5144; baseline -0.009 -14"><span class='ocrx_word' id='word_1_484' title='bbox 628 5082 818 5131; x_wconf 90' lang='lat' dir='ltr'><strong>contra</strong></span> <span class='ocrx_word' id='word_1_485' title='bbox 840 5073 986 5144; x_wconf 85' lang='lat' dir='ltr'><strong>leges</strong></span> <span class='ocrx_word' id='word_1_486' title='bbox 1011 5080 1106 5126; x_wconf 88' lang='lat' dir='ltr'><strong>aut</strong></span> <span class='ocrx_word' id='word_1_487' title='bbox 1130 5070 1398 5125; x_wconf 86' lang='lat' dir='ltr'><strong>rationem</strong></span> <span class='ocrx_word' id='word_1_488' title='bbox 1425 5067 1550 5137; x_wconf 89' lang='lat' dir='ltr'><strong>quis</strong></span> <span class='ocrx_word' id='word_1_489' title='bbox 1576 5064 1814 5136; x_wconf 89' lang='lat' dir='ltr'><strong>patiatur</strong></span> <span class='ocrx_word' id='word_1_490' title='bbox 1843 5062 2022 5132; x_wconf 88' lang='lat' dir='ltr'><strong>aliquo</strong></span> <span class='ocrx_word' id='word_1_491' title='bbox 2051 5060 2213 5116; x_wconf 87' lang='lat' dir='ltr'><strong>modo</strong></span> 
     </span>
    </p>
   </div>
   <div class='ocr_carea' id='block_1_68' title="bbox 627 5150 2235 5240">
    <p class='ocr_par' dir='ltr' id='par_1_68' title="bbox 627 5150 2235 5240">
     <span class='ocr_line' id='line_1_69' title="bbox 627 5150 2235 5240; baseline -0.011 -17"><span class='ocrx_word' id='word_1_492' title='bbox 627 5166 961 5240; x_wconf 73' lang='lat' dir='ltr'><strong>praegravari</strong></span> <span class='ocrx_word' id='word_1_493' title='bbox 984 5205 998 5230; x_wconf 89' lang='lat'><strong>,</strong></span> <span class='ocrx_word' id='word_1_494' title='bbox 1027 5163 1121 5223; x_wconf 90' lang='lat' dir='ltr'><strong>sed</strong></span> <span class='ocrx_word' id='word_1_495' title='bbox 1151 5170 1213 5217; x_wconf 92' lang='lat' dir='ltr'><strong>ut</strong></span> <span class='ocrx_word' id='word_1_496' title='bbox 1235 5160 1504 5233; x_wconf 87' lang='lat' dir='ltr'><strong>justitiam</strong></span> <span class='ocrx_word' id='word_1_497' title='bbox 1530 5159 1611 5225; x_wconf 91' lang='lat' dir='ltr'><strong>ei,</strong></span> <span class='ocrx_word' id='word_1_498' title='bbox 1645 5157 1787 5213; x_wconf 89' lang='lat' dir='ltr'><strong>sicut</strong></span> <span class='ocrx_word' id='word_1_499' title='bbox 1821 5150 2235 5212; x_wconf 67' lang='lat' dir='ltr'><strong>Christianitati</strong></span> 
     </span>
    </p>
   </div>
   <div class='ocr_carea' id='block_1_69' title="bbox 630 5248 2220 5323">
    <p class='ocr_par' dir='ltr' id='par_1_69' title="bbox 630 5248 2220 5323">
     <span class='ocr_line' id='line_1_70' title="bbox 630 5248 2220 5323; baseline -0.011 -8"><span class='ocrx_word' id='word_1_500' title='bbox 630 5259 884 5315; x_wconf 87' lang='lat' dir='ltr'><strong>convenit</strong></span> <span class='ocrx_word' id='word_1_501' title='bbox 908 5297 924 5323; x_wconf 93' lang='lat'><strong>,</strong></span> <span class='ocrx_word' id='word_1_502' title='bbox 965 5256 1022 5311; x_wconf 93' lang='lat' dir='ltr'><strong>in</strong></span> <span class='ocrx_word' id='word_1_503' title='bbox 1073 5254 1329 5311; x_wconf 85' lang='lat' dir='ltr'><strong>omnibus</strong></span> <span class='ocrx_word' id='word_1_504' title='bbox 1373 5253 1568 5308; x_wconf 87' lang='lat' dir='ltr'><strong>debeat</strong></span> <span class='ocrx_word' id='word_1_505' title='bbox 1607 5248 1898 5313; x_wconf 89' lang='lat' dir='ltr'><strong>custodire,</strong></span> <span class='ocrx_word' id='word_1_506' title='bbox 1948 5253 2220 5316; x_wconf 83' lang='lat' dir='ltr'><strong>quatenus</strong></span> 
     </span>
    </p>
   </div>
   <div class='ocr_carea' id='block_1_70' title="bbox 630 5336 2227 5426">
    <p class='ocr_par' dir='ltr' id='par_1_70' title="bbox 630 5336 2227 5426">
     <span class='ocr_line' id='line_1_71' title="bbox 630 5336 2227 5426; baseline -0.011 -17"><span class='ocrx_word' id='word_1_507' title='bbox 630 5354 765 5426; x_wconf 86' lang='lat' dir='ltr'><strong>ipse,</strong></span> <span class='ocrx_word' id='word_1_508' title='bbox 791 5351 884 5423; x_wconf 91' lang='lat' dir='ltr'><strong>qui</strong></span> <span class='ocrx_word' id='word_1_509' title='bbox 909 5351 975 5406; x_wconf 90' lang='lat' dir='ltr'><strong>ad</strong></span> <span class='ocrx_word' id='word_1_510' title='bbox 1003 5350 1261 5420; x_wconf 86' lang='lat' dir='ltr'><strong>pietatem</strong></span> <span class='ocrx_word' id='word_1_511' title='bbox 1298 5345 1729 5403; x_wconf 88' lang='lat' dir='ltr'><strong>ecclesiasticam</strong></span> <span class='ocrx_word' id='word_1_512' title='bbox 1765 5340 2043 5412; x_wconf 77' lang='lat' dir='ltr'><strong>confugit,</strong></span> <span class='ocrx_word' id='word_1_513' title='bbox 2079 5336 2227 5409; x_wconf 91' lang='lat' dir='ltr'><strong>quod</strong></span> 
     </span>
    </p>
   </div>
   <div class='ocr_carea' id='block_1_71' title="bbox 633 5433 2228 5514">
    <p class='ocr_par' dir='ltr' id='par_1_71' title="bbox 633 5433 2228 5514">
     <span class='ocr_line' id='line_1_72' title="bbox 633 5433 2228 5514; baseline -0.013 -11"><span class='ocrx_word' id='word_1_514' title='bbox 633 5446 685 5504; x_wconf 93' lang='lat' dir='ltr'><strong>ei</strong></span> <span class='ocrx_word' id='word_1_515' title='bbox 709 5447 778 5502; x_wconf 88' lang='lat' dir='ltr'><strong>ab</strong></span> <span class='ocrx_word' id='word_1_516' title='bbox 803 5445 995 5501; x_wconf 84' lang='lat' dir='ltr'><strong>eadem</strong></span> <span class='ocrx_word' id='word_1_517' title='bbox 1020 5443 1225 5514; x_wconf 87' lang='lat' dir='ltr'><strong>pietate</strong></span> <span class='ocrx_word' id='word_1_518' title='bbox 1246 5439 1577 5513; x_wconf 88' lang='lat' dir='ltr'><strong>promissum</strong></span> <span class='ocrx_word' id='word_1_519' title='bbox 1606 5444 1711 5503; x_wconf 90' lang='lat' dir='ltr'><strong>est,</strong></span> <span class='ocrx_word' id='word_1_520' title='bbox 1745 5450 1855 5491; x_wconf 93' lang='lat' dir='ltr'><strong>non</strong></span> <span class='ocrx_word' id='word_1_521' title='bbox 1881 5433 2077 5489; x_wconf 88' lang='lat' dir='ltr'><strong>debeat</strong></span> <span class='ocrx_word' id='word_1_522' title='bbox 2103 5445 2228 5487; x_wconf 89' lang='lat' dir='ltr'><strong>con-</strong></span> 
     </span>
    </p>
   </div>
   <div class='ocr_carea' id='block_1_72' title="bbox 638 5514 2228 5608">
    <p class='ocr_par' dir='ltr' id='par_1_72' title="bbox 638 5514 2228 5608">
     <span class='ocr_line' id='line_1_73' title="bbox 638 5514 2228 5608; baseline -0.012 -13"><span class='ocrx_word' id='word_1_523' title='bbox 638 5547 722 5595; x_wconf 88' lang='lat' dir='ltr'><strong>tra</strong></span> <span class='ocrx_word' id='word_1_524' title='bbox 757 5535 1030 5608; x_wconf 82' lang='lat' dir='ltr'><strong>:equitatis</strong></span> <span class='ocrx_word' id='word_1_525' title='bbox 1069 5535 1316 5591; x_wconf 91' lang='lat' dir='ltr'><strong>ordinem</strong></span> <span class='ocrx_word' id='word_1_526' title='bbox 1363 5529 1732 5603; x_wconf 74' lang='lat' dir='ltr'><strong>praegravari:</strong></span> <span class='ocrx_word' id='word_1_527' title='bbox 1768 5538 1824 5583; x_wconf 89' lang='lat' dir='ltr'><strong>et</strong></span> <span class='ocrx_word' id='word_1_528' title='bbox 1852 5514 2070 5588; x_wconf 87' lang='lat' dir='ltr'><strong>iterum,</strong></span> <span class='ocrx_word' id='word_1_529' title='bbox 2098 5521 2228 5579; x_wconf 89' lang='lat' dir='ltr'><strong>Ubi-</strong></span> 
     </span>
    </p>
   </div>
   <div class='ocr_carea' id='block_1_73' title="bbox 636 5616 2224 5701">
    <p class='ocr_par' dir='ltr' id='par_1_73' title="bbox 636 5616 2224 5701">
     <span class='ocr_line' id='line_1_74' title="bbox 636 5616 2224 5701; baseline -0.009 -14"><span class='ocrx_word' id='word_1_530' title='bbox 636 5643 850 5701; x_wconf 87' lang='lat' dir='ltr'><strong>cunque</strong></span> <span class='ocrx_word' id='word_1_531' title='bbox 875 5626 1210 5699; x_wconf 86' lang='lat' dir='ltr'><strong>confugienti</strong></span> <span class='ocrx_word' id='word_1_532' title='bbox 1239 5639 1461 5682; x_wconf 88' lang='lat' dir='ltr'><strong>necesse</strong></span> <span class='ocrx_word' id='word_1_533' title='bbox 1491 5623 1690 5689; x_wconf 88' lang='lat' dir='ltr'><strong>fuerit,</strong></span> <span class='ocrx_word' id='word_1_534' title='bbox 1720 5621 1870 5677; x_wconf 87' lang='lat' dir='ltr'><strong>salva</strong></span> <span class='ocrx_word' id='word_1_535' title='bbox 1914 5619 1966 5674; x_wconf 91' lang='lat' dir='ltr'><strong>ei</strong></span> <span class='ocrx_word' id='word_1_536' title='bbox 2010 5616 2224 5673; x_wconf 89' lang='lat' dir='ltr'><strong>ratione</strong></span> 
     </span>
    </p>
   </div>
   <div class='ocr_carea' id='block_1_74' title="bbox 637 5714 2226 5782">
    <p class='ocr_par' dir='ltr' id='par_1_74' title="bbox 637 5714 2226 5782">
     <span class='ocr_line' id='line_1_75' title="bbox 637 5714 2226 5782; baseline -0.009 -5"><span class='ocrx_word' id='word_1_537' title='bbox 637 5727 1117 5777; x_wconf 90' lang='lat' dir='ltr'><strong>concurratur:et</strong></span> <span class='ocrx_word' id='word_1_538' title='bbox 1158 5717 1321 5782; x_wconf 87' lang='lat' dir='ltr'><strong>item,</strong></span> <span class='ocrx_word' id='word_1_539' title='bbox 1371 5715 1590 5772; x_wconf 90' lang='lat' dir='ltr'><strong>Solatiis</strong></span> <span class='ocrx_word' id='word_1_540' title='bbox 1619 5714 1849 5778; x_wconf 88' lang='lat' dir='ltr'><strong>vestris,</strong></span> <span class='ocrx_word' id='word_1_541' title='bbox 1901 5723 2226 5781; x_wconf 89' lang='lat' dir='ltr'><strong>quocunque</strong></span> 
     </span>
    </p>
   </div>
   <div class='ocr_carea' id='block_1_75' title="bbox 636 5804 2225 5881">
    <p class='ocr_par' dir='ltr' id='par_1_75' title="bbox 636 5804 2225 5881">
     <span class='ocr_line' id='line_1_76' title="bbox 636 5804 2225 5881; baseline -0.004 -15"><span class='ocrx_word' id='word_1_542' title='bbox 636 5827 767 5868; x_wconf 88' lang='lat' dir='ltr'><strong>usus</strong></span> <span class='ocrx_word' id='word_1_543' title='bbox 801 5812 1067 5881; x_wconf 73' lang='lat' dir='ltr'><strong>exegerit,</strong></span> <span class='ocrx_word' id='word_1_544' title='bbox 1090 5810 1387 5866; x_wconf 87' lang='lat' dir='ltr'><strong>comitante</strong></span> <span class='ocrx_word' id='word_1_545' title='bbox 1416 5810 1626 5878; x_wconf 89' lang='lat' dir='ltr'><strong>justitia</strong></span> <span class='ocrx_word' id='word_1_546' title='bbox 1662 5807 1918 5877; x_wconf 87' lang='lat' dir='ltr'><strong>potiatur.</strong></span> <span class='ocrx_word' id='word_1_547' title='bbox 1951 5826 1969 5857; x_wconf 76' lang='grc' dir='ltr'><strong>ι</strong></span> <span class='ocrx_word' id='word_1_548' title='bbox 2001 5805 2070 5859; x_wconf 84' lang='grc' dir='ltr'>Ει</span> <span class='ocrx_word' id='word_1_549' title='bbox 2094 5804 2225 5859; x_wconf 88' lang='lat' dir='ltr'><strong>item</strong></span> 
     </span>
    </p>
   </div>
   <div class='ocr_carea' id='block_1_76' title="bbox 639 5898 2223 5974">
    <p class='ocr_par' dir='ltr' id='par_1_76' title="bbox 639 5898 2223 5974">
     <span class='ocr_line' id='line_1_77' title="bbox 639 5898 2223 5974; baseline -0.005 -14"><span class='ocrx_word' id='word_1_550' title='bbox 639 5905 707 5960; x_wconf 87' lang='lat' dir='ltr'><strong>ad</strong></span> <span class='ocrx_word' id='word_1_551' title='bbox 738 5903 1027 5973; x_wconf 80' lang='lat' dir='ltr'><strong>Fantinum</strong></span> <span class='ocrx_word' id='word_1_552' title='bbox 1064 5902 1405 5958; x_wconf 90' lang='lat' dir='ltr'><strong>defensorem</strong></span> <span class='ocrx_word' id='word_1_553' title='bbox 1434 5900 1549 5974; x_wconf 89' lang='lat' dir='ltr'><strong>(lib.</strong></span> <span class='ocrx_word' id='word_1_554' title='bbox 1588 5916 1670 5965; x_wconf 78' lang='lat' dir='ltr'><strong>vr,</strong></span> <span class='ocrx_word' id='word_1_555' title='bbox 1701 5900 1811 5953; x_wconf 78' lang='lat' dir='ltr'><strong>ind.</strong></span> <span class='ocrx_word' id='word_1_556' title='bbox 1837 5898 1889 5964; x_wconf 72' lang='lat'><strong>2,</strong></span> <span class='ocrx_word' id='word_1_557' title='bbox 1915 5900 2065 5963; x_wconf 82' lang='lat' dir='ltr'><strong>epist.</strong></span> <span class='ocrx_word' id='word_1_558' title='bbox 2087 5898 2179 5967; x_wconf 80' lang='lat'><strong>8&#39;5)</strong></span> <span class='ocrx_word' id='word_1_559' title='bbox 2210 5914 2223 5952; x_wconf 93' lang='lat'><strong>:</strong></span> 
     </span>
    </p>
   </div>
   <div class='ocr_carea' id='block_1_77' title="bbox 2242 4648 2295 4707">
    <p class='ocr_par' dir='ltr' id='par_1_77' title="bbox 2242 4648 2295 4707">
     <span class='ocr_line' id='line_1_78' title="bbox 2242 4648 2295 4707; baseline 0 0"><span class='ocrx_word' id='word_1_560' title='bbox 2242 4648 2295 4707; x_wconf 91' lang='lat' dir='ltr'>D</span> 
     </span>
    </p>
   </div>
   <div class='ocr_carea' id='block_1_78' title="bbox 2290 2010 3860 2089">
    <p class='ocr_par' dir='ltr' id='par_1_78' title="bbox 2290 2010 3860 2089">
     <span class='ocr_line' id='line_1_79' title="bbox 2290 2010 3860 2089; baseline -0.011 -6"><span class='ocrx_word' id='word_1_561' title='bbox 2290 2027 2359 2083; x_wconf 90' lang='lat' dir='ltr'><strong>do</strong></span> <span class='ocrx_word' id='word_1_562' title='bbox 2385 2024 2643 2089; x_wconf 87' lang='lat' dir='ltr'><strong>suaserit,</strong></span> <span class='ocrx_word' id='word_1_563' title='bbox 2683 2021 2914 2077; x_wconf 85' lang='lat' dir='ltr'><strong>diffinire</strong></span> <span class='ocrx_word' id='word_1_564' title='bbox 2946 2018 3218 2082; x_wconf 86' lang='lat' dir='ltr'><strong>convenit,</strong></span> <span class='ocrx_word' id='word_1_565' title='bbox 3266 2024 3433 2086; x_wconf 90' lang='lat' dir='ltr'><strong>atque</strong></span> <span class='ocrx_word' id='word_1_566' title='bbox 3488 2010 3769 2068; x_wconf 82' lang='lat' dir='ltr'><strong>dillinitam</strong></span> <span class='ocrx_word' id='word_1_567' title='bbox 3794 2010 3860 2067; x_wconf 88' lang='lat' dir='ltr'><strong>ef-</strong></span> 
     </span>
    </p>
   </div>
   <div class='ocr_carea' id='block_1_79' title="bbox 2292 2103 3861 2183">
    <p class='ocr_par' dir='ltr' id='par_1_79' title="bbox 2292 2103 3861 2183">
     <span class='ocr_line' id='line_1_80' title="bbox 2292 2103 3861 2183; baseline -0.008 -12"><span class='ocrx_word' id='word_1_568' title='bbox 2292 2116 2457 2173; x_wconf 89' lang='lat' dir='ltr'><strong>fectui</strong></span> <span class='ocrx_word' id='word_1_569' title='bbox 2505 2115 2837 2183; x_wconf 88' lang='lat' dir='ltr'><strong>mancipare.</strong></span> <span class='ocrx_word' id='word_1_570' title='bbox 2880 2130 2898 2163; x_wconf 77' lang='grc'><strong>»</strong></span> <span class='ocrx_word' id='word_1_571' title='bbox 2948 2111 3015 2164; x_wconf 84' lang='lat' dir='ltr'><strong>Et</strong></span> <span class='ocrx_word' id='word_1_572' title='bbox 3068 2110 3135 2163; x_wconf 87' lang='lat' dir='ltr'><strong>ad</strong></span> <span class='ocrx_word' id='word_1_573' title='bbox 3189 2108 3495 2163; x_wconf 83' lang='lat' dir='ltr'><strong>Romanum</strong></span> <span class='ocrx_word' id='word_1_574' title='bbox 3546 2103 3861 2159; x_wconf 84' lang='lat' dir='ltr'><strong>defensorem</strong></span> 
     </span>
    </p>
   </div>
   <div class='ocr_carea' id='block_1_80' title="bbox 2294 2195 3865 2283">
    <p class='ocr_par' dir='ltr' id='par_1_80' title="bbox 2294 2195 3865 2283">
     <span class='ocr_line' id='line_1_81' title="bbox 2294 2195 3865 2283; baseline -0.01 -17"><span class='ocrx_word' id='word_1_575' title='bbox 2294 2211 2409 2283; x_wconf 85' lang='lat' dir='ltr'><strong>(lib.</strong></span> <span class='ocrx_word' id='word_1_576' title='bbox 2454 2226 2555 2274; x_wconf 86' lang='lat' dir='ltr'><strong>vn,</strong></span> <span class='ocrx_word' id='word_1_577' title='bbox 2599 2208 2709 2263; x_wconf 85' lang='lat' dir='ltr'><strong>ind.</strong></span> <span class='ocrx_word' id='word_1_578' title='bbox 2757 2206 2812 2271; x_wconf 74' lang='lat'><strong>2,</strong></span> <span class='ocrx_word' id='word_1_579' title='bbox 2854 2206 3003 2275; x_wconf 80' lang='lat' dir='ltr'><strong>epist.</strong></span> <span class='ocrx_word' id='word_1_580' title='bbox 3035 2203 3175 2274; x_wconf 66' lang='lat'><strong>24):</strong></span> <span class='ocrx_word' id='word_1_581' title='bbox 3218 2220 3236 2253; x_wconf 75' lang='grc' dir='ltr'>ι</span> <span class='ocrx_word' id='word_1_582' title='bbox 3276 2197 3591 2255; x_wconf 86' lang='lat' dir='ltr'><strong>Patrocinia</strong></span> <span class='ocrx_word' id='word_1_583' title='bbox 3639 2195 3865 2252; x_wconf 79' lang='lat' dir='ltr'><strong>ecclesia—</strong></span> 
     </span>
    </p>
   </div>
   <div class='ocr_carea' id='block_1_81' title="bbox 2295 2288 3867 2367">
    <p class='ocr_par' dir='ltr' id='par_1_81' title="bbox 2295 2288 3867 2367">
     <span class='ocr_line' id='line_1_82' title="bbox 2295 2288 3867 2367; baseline -0.011 -7"><span class='ocrx_word' id='word_1_584' title='bbox 2295 2305 2453 2367; x_wconf 88' lang='lat' dir='ltr'><strong>stica,</strong></span> <span class='ocrx_word' id='word_1_585' title='bbox 2495 2303 2611 2357; x_wconf 89' lang='lat' dir='ltr'><strong>sive</strong></span> <span class='ocrx_word' id='word_1_586' title='bbox 2643 2314 2762 2355; x_wconf 89' lang='lat' dir='ltr'><strong>mea</strong></span> <span class='ocrx_word' id='word_1_587' title='bbox 2796 2296 3107 2367; x_wconf 89' lang='lat' dir='ltr'><strong>suscipiatis</strong></span> <span class='ocrx_word' id='word_1_588' title='bbox 3143 2294 3369 2365; x_wconf 85' lang='lat' dir='ltr'><strong>scripta,</strong></span> <span class='ocrx_word' id='word_1_589' title='bbox 3419 2293 3537 2348; x_wconf 88' lang='lat' dir='ltr'><strong>sive</strong></span> <span class='ocrx_word' id='word_1_590' title='bbox 3582 2291 3746 2346; x_wconf 88' lang='lat' dir='ltr'><strong>etiam</strong></span> <span class='ocrx_word' id='word_1_591' title='bbox 3783 2288 3867 2344; x_wconf 84' lang='lat' dir='ltr'><strong>mi-</strong></span> 
     </span>
    </p>
   </div>
   <div class='ocr_carea' id='block_1_82' title="bbox 2296 2383 3871 2456">
    <p class='ocr_par' dir='ltr' id='par_1_82' title="bbox 2296 2383 3871 2456">
     <span class='ocr_line' id='line_1_83' title="bbox 2296 2383 3871 2456; baseline -0.011 -3"><span class='ocrx_word' id='word_1_592' title='bbox 2296 2399 2442 2453; x_wconf 90' lang='lat' dir='ltr'><strong>nime</strong></span> <span class='ocrx_word' id='word_1_593' title='bbox 2469 2394 2677 2450; x_wconf 90' lang='lat' dir='ltr'><strong>fuerint</strong></span> <span class='ocrx_word' id='word_1_594' title='bbox 2700 2393 2929 2456; x_wconf 91' lang='lat' dir='ltr'><strong>directa,</strong></span> <span class='ocrx_word' id='word_1_595' title='bbox 2955 2390 3055 2446; x_wconf 88' lang='lat' dir='ltr'><strong>sub</strong></span> <span class='ocrx_word' id='word_1_596' title='bbox 3080 2397 3229 2442; x_wconf 87' lang='lat' dir='ltr'><strong>tanto</strong></span> <span class='ocrx_word' id='word_1_597' title='bbox 3251 2385 3629 2442; x_wconf 89' lang='lat' dir='ltr'><strong>moderamine</strong></span> <span class='ocrx_word' id='word_1_598' title='bbox 3655 2383 3871 2439; x_wconf 80' lang='lat' dir='ltr'><strong>debeatis</strong></span> 
     </span>
    </p>
   </div>
   <div class='ocr_carea' id='block_1_83' title="bbox 2298 2473 3872 2559">
    <p class='ocr_par' dir='ltr' id='par_1_83' title="bbox 2298 2473 3872 2559">
     <span class='ocr_line' id='line_1_84' title="bbox 2298 2473 3872 2559; baseline -0.009 -16"><span class='ocrx_word' id='word_1_599' title='bbox 2298 2488 2636 2559; x_wconf 86' lang='lat' dir='ltr'><strong>impendere,</strong></span> <span class='ocrx_word' id='word_1_600' title='bbox 2662 2492 2930 2553; x_wconf 90' lang='lat' dir='ltr'><strong>quatenus</strong></span> <span class='ocrx_word' id='word_1_601' title='bbox 2959 2482 3013 2537; x_wconf 89' lang='lat' dir='ltr'><strong>hi</strong></span> <span class='ocrx_word' id='word_1_602' title='bbox 3042 2481 3135 2549; x_wconf 92' lang='lat' dir='ltr'><strong>qui</strong></span> <span class='ocrx_word' id='word_1_603' title='bbox 3179 2478 3340 2534; x_wconf 91' lang='lat' dir='ltr'><strong>furtis</strong></span> <span class='ocrx_word' id='word_1_604' title='bbox 3366 2476 3603 2547; x_wconf 88' lang='lat' dir='ltr'><strong>publicis</strong></span> <span class='ocrx_word' id='word_1_605' title='bbox 3635 2473 3872 2545; x_wconf 80' lang='lat' dir='ltr'><strong>implicati</strong></span> 
     </span>
    </p>
   </div>
   <div class='ocr_carea' id='block_1_84' title="bbox 2301 2562 3873 2641">
    <p class='ocr_par' dir='ltr' id='par_1_84' title="bbox 2301 2562 3873 2641">
     <span class='ocr_line' id='line_1_85' title="bbox 2301 2562 3873 2641; baseline -0.012 -7"><span class='ocrx_word' id='word_1_606' title='bbox 2301 2586 2451 2641; x_wconf 91' lang='lat' dir='ltr'><strong>sunt,</strong></span> <span class='ocrx_word' id='word_1_607' title='bbox 2479 2592 2509 2631; x_wconf 89' lang='lat' dir='ltr'><strong>a</strong></span> <span class='ocrx_word' id='word_1_608' title='bbox 2542 2575 2698 2631; x_wconf 91' lang='lat' dir='ltr'><strong>nobis</strong></span> <span class='ocrx_word' id='word_1_609' title='bbox 2732 2588 2842 2629; x_wconf 91' lang='lat' dir='ltr'><strong>non</strong></span> <span class='ocrx_word' id='word_1_610' title='bbox 2870 2571 3157 2626; x_wconf 90' lang='lat' dir='ltr'><strong>vidcantur</strong></span> <span class='ocrx_word' id='word_1_611' title='bbox 3184 2566 3386 2637; x_wconf 90' lang='lat' dir='ltr'><strong>injuste</strong></span> <span class='ocrx_word' id='word_1_612' title='bbox 3410 2564 3653 2628; x_wconf 86' lang='lat' dir='ltr'><strong>defendi,</strong></span> <span class='ocrx_word' id='word_1_613' title='bbox 3681 2578 3745 2617; x_wconf 87' lang='lat' dir='ltr'><strong>ne</strong></span> <span class='ocrx_word' id='word_1_614' title='bbox 3774 2562 3873 2632; x_wconf 86' lang='lat' dir='ltr'><strong>opi-</strong></span> 
     </span>
    </p>
   </div>
   <div class='ocr_carea' id='block_1_85' title="bbox 2298 2655 3875 2734">
    <p class='ocr_par' dir='ltr' id='par_1_85' title="bbox 2298 2655 3875 2734">
     <span class='ocr_line' id='line_1_86' title="bbox 2298 2655 3875 2734; baseline -0.009 -9"><span class='ocrx_word' id='word_1_615' title='bbox 2298 2670 2517 2725; x_wconf 79' lang='lat' dir='ltr'><strong>nionem</strong></span> <span class='ocrx_word' id='word_1_616' title='bbox 2569 2666 2710 2721; x_wconf 90' lang='lat' dir='ltr'><strong>male</strong></span> <span class='ocrx_word' id='word_1_617' title='bbox 2762 2663 3033 2734; x_wconf 84' lang='lat' dir='ltr'><strong>agentium</strong></span> <span class='ocrx_word' id='word_1_618' title='bbox 3070 2678 3135 2715; x_wconf 83' lang='lat' dir='ltr'><strong>ex</strong></span> <span class='ocrx_word' id='word_1_619' title='bbox 3186 2659 3500 2715; x_wconf 74' lang='lat' dir='ltr'><strong>indiscreta:</strong></span> <span class='ocrx_word' id='word_1_620' title='bbox 3565 2655 3875 2711; x_wconf 79' lang='lat' dir='ltr'><strong>defensionis</strong></span> 
     </span>
    </p>
   </div>
   <div class='ocr_carea' id='block_1_86' title="bbox 2300 2751 3875 2819">
    <p class='ocr_par' dir='ltr' id='par_1_86' title="bbox 2300 2751 3875 2819">
     <span class='ocr_line' id='line_1_87' title="bbox 2300 2751 3875 2819; baseline -0.01 -1"><span class='ocrx_word' id='word_1_621' title='bbox 2300 2779 2435 2818; x_wconf 83' lang='lat' dir='ltr'><strong>ausu</strong></span> <span class='ocrx_word' id='word_1_622' title='bbox 2460 2761 2515 2815; x_wconf 90' lang='lat' dir='ltr'><strong>iu</strong></span> <span class='ocrx_word' id='word_1_623' title='bbox 2542 2776 2644 2816; x_wconf 91' lang='lat' dir='ltr'><strong>nos</strong></span> <span class='ocrx_word' id='word_1_624' title='bbox 2680 2759 2792 2813; x_wconf 93' lang='lat' dir='ltr'><strong>ullo</strong></span> <span class='ocrx_word' id='word_1_625' title='bbox 2832 2756 2995 2812; x_wconf 90' lang='lat' dir='ltr'><strong>modo</strong></span> <span class='ocrx_word' id='word_1_626' title='bbox 3027 2753 3463 2809; x_wconf 85' lang='lat' dir='ltr'><strong>transferamus:</strong></span> <span class='ocrx_word' id='word_1_627' title='bbox 3497 2751 3592 2807; x_wconf 87' lang='lat' dir='ltr'><strong>sed</strong></span> <span class='ocrx_word' id='word_1_628' title='bbox 3634 2758 3875 2819; x_wconf 80' lang='lat' dir='ltr'><strong>quantum</strong></span> 
     </span>
    </p>
   </div>
   <div class='ocr_carea' id='block_1_87' title="bbox 2302 2841 3879 2912">
    <p class='ocr_par' dir='ltr' id='par_1_87' title="bbox 2302 2841 3879 2912">
     <span class='ocr_line' id='line_1_88' title="bbox 2302 2841 3879 2912; baseline -0.01 -1"><span class='ocrx_word' id='word_1_629' title='bbox 2302 2856 2459 2911; x_wconf 88' lang='lat' dir='ltr'><strong>decet</strong></span> <span class='ocrx_word' id='word_1_630' title='bbox 2489 2852 2788 2908; x_wconf 85' lang='lat' dir='ltr'><strong>Eeclesiam</strong></span> <span class='ocrx_word' id='word_1_631' title='bbox 2815 2847 3180 2912; x_wconf 89' lang='lat' dir='ltr'><strong>admonendo,</strong></span> <span class='ocrx_word' id='word_1_632' title='bbox 3208 2855 3265 2902; x_wconf 90' lang='lat' dir='ltr'><strong>et</strong></span> <span class='ocrx_word' id='word_1_633' title='bbox 3290 2845 3515 2901; x_wconf 89' lang='lat' dir='ltr'><strong>verbum</strong></span> <span class='ocrx_word' id='word_1_634' title='bbox 3548 2841 3879 2898; x_wconf 84' lang='lat' dir='ltr'><strong>intercessio-</strong></span> 
     </span>
    </p>
   </div>
   <div class='ocr_carea' id='block_1_88' title="bbox 2304 2932 3879 3013">
    <p class='ocr_par' dir='ltr' id='par_1_88' title="bbox 2304 2932 3879 3013">
     <span class='ocr_line' id='line_1_89' title="bbox 2304 2932 3879 3013; baseline -0.01 -11"><span class='ocrx_word' id='word_1_635' title='bbox 2304 2948 2389 3002; x_wconf 91' lang='lat' dir='ltr'><strong>nis</strong></span> <span class='ocrx_word' id='word_1_636' title='bbox 2427 2944 2757 3010; x_wconf 83' lang='lat' dir='ltr'><strong>adltibendo,</strong></span> <span class='ocrx_word' id='word_1_637' title='bbox 2801 2942 3001 3013; x_wconf 90' lang='lat' dir='ltr'><strong>quibus</strong></span> <span class='ocrx_word' id='word_1_638' title='bbox 3043 2939 3236 2995; x_wconf 86' lang='lat' dir='ltr'><strong>valetis</strong></span> <span class='ocrx_word' id='word_1_639' title='bbox 3266 2936 3593 3001; x_wconf 87' lang='lat' dir='ltr'><strong>succurrite,</strong></span> <span class='ocrx_word' id='word_1_640' title='bbox 3620 2944 3682 2990; x_wconf 89' lang='lat' dir='ltr'><strong>ut</strong></span> <span class='ocrx_word' id='word_1_641' title='bbox 3709 2944 3763 2989; x_wconf 90' lang='lat' dir='ltr'><strong>et</strong></span> <span class='ocrx_word' id='word_1_642' title='bbox 3788 2932 3879 2988; x_wconf 82' lang='lat' dir='ltr'><strong>illis</strong></span> 
     </span>
    </p>
   </div>
   <div class='ocr_carea' id='block_1_89' title="bbox 2303 3028 3881 3111">
    <p class='ocr_par' dir='ltr' id='par_1_89' title="bbox 2303 3028 3881 3111">
     <span class='ocr_line' id='line_1_90' title="bbox 2303 3028 3881 3111; baseline -0.009 -14"><span class='ocrx_word' id='word_1_643' title='bbox 2303 3056 2462 3111; x_wconf 77' lang='lat' dir='ltr'><strong>opem</strong></span> <span class='ocrx_word' id='word_1_644' title='bbox 2503 3038 2713 3102; x_wconf 85' lang='lat' dir='ltr'><strong>feratis,</strong></span> <span class='ocrx_word' id='word_1_645' title='bbox 2764 3044 2821 3092; x_wconf 86' lang='lat' dir='ltr'><strong>et</strong></span> <span class='ocrx_word' id='word_1_646' title='bbox 2876 3034 3187 3106; x_wconf 89' lang='lat' dir='ltr'><strong>opinionem</strong></span> <span class='ocrx_word' id='word_1_647' title='bbox 3239 3038 3443 3089; x_wconf 75' lang='lat' dir='ltr'><strong>sancta:</strong></span> <span class='ocrx_word' id='word_1_648' title='bbox 3489 3028 3748 3085; x_wconf 59' lang='lat' dir='ltr'><strong>Ecclesia</strong></span> <span class='ocrx_word' id='word_1_649' title='bbox 3785 3042 3881 3083; x_wconf 72' lang='lat' dir='ltr'><strong>non</strong></span> 
     </span>
    </p>
   </div>
   <div class='ocr_carea' id='block_1_90' title="bbox 2307 3130 2685 3201">
    <p class='ocr_par' dir='ltr' id='par_1_90' title="bbox 2307 3130 2685 3201">
     <span class='ocr_line' id='line_1_91' title="bbox 2307 3130 2685 3201; baseline -0.011 -15"><span class='ocrx_word' id='word_1_650' title='bbox 2307 3130 2628 3201; x_wconf 91' lang='lat' dir='ltr'><strong>inquinetis.</strong></span> <span class='ocrx_word' id='word_1_651' title='bbox 2663 3148 2685 3181; x_wconf 74' lang='grc' dir='ltr'><strong><em>ι</em></strong></span> 
     </span>
    </p>
   </div>
   <div class='ocr_carea' id='block_1_91' title="bbox 2382 3211 3887 3292">
    <p class='ocr_par' dir='ltr' id='par_1_91' title="bbox 2382 3211 3887 3292">
     <span class='ocr_line' id='line_1_92' title="bbox 2382 3211 3887 3292; baseline -0.009 -12"><span class='ocrx_word' id='word_1_652' title='bbox 2382 3224 2489 3280; x_wconf 87' lang='lat' dir='ltr'><strong>Sed</strong></span> <span class='ocrx_word' id='word_1_653' title='bbox 2515 3231 2572 3279; x_wconf 91' lang='lat' dir='ltr'><strong>et</strong></span> <span class='ocrx_word' id='word_1_654' title='bbox 2613 3222 2679 3277; x_wconf 91' lang='lat' dir='ltr'><strong>de</strong></span> <span class='ocrx_word' id='word_1_655' title='bbox 2709 3222 2794 3277; x_wconf 91' lang='lat' dir='ltr'><strong>his</strong></span> <span class='ocrx_word' id='word_1_656' title='bbox 2821 3221 2911 3292; x_wconf 93' lang='lat' dir='ltr'><strong>qui</strong></span> <span class='ocrx_word' id='word_1_657' title='bbox 2957 3219 3026 3275; x_wconf 91' lang='lat' dir='ltr'><strong>ad</strong></span> <span class='ocrx_word' id='word_1_658' title='bbox 3056 3226 3210 3289; x_wconf 90' lang='lat' dir='ltr'><strong>septa</strong></span> <span class='ocrx_word' id='word_1_659' title='bbox 3236 3213 3501 3280; x_wconf 67' lang='lat' dir='ltr'><strong>ecclesiae,</strong></span> <span class='ocrx_word' id='word_1_660' title='bbox 3519 3222 3589 3280; x_wconf 78' lang='lat' dir='ltr'><strong>et</strong></span> <span class='ocrx_word' id='word_1_661' title='bbox 3637 3213 3799 3268; x_wconf 79' lang='lat' dir='ltr'><strong>etiam</strong></span> <span class='ocrx_word' id='word_1_662' title='bbox 3826 3211 3887 3267; x_wconf 83' lang='lat' dir='ltr'><strong>ad</strong></span> 
     </span>
    </p>
   </div>
   <div class='ocr_carea' id='block_1_92' title="bbox 2308 3304 3889 3389">
    <p class='ocr_par' dir='ltr' id='par_1_92' title="bbox 2308 3304 3889 3389">
     <span class='ocr_line' id='line_1_93' title="bbox 2308 3304 3889 3389; baseline -0.008 -16"><span class='ocrx_word' id='word_1_663' title='bbox 2308 3318 2424 3389; x_wconf 90' lang='lat' dir='ltr'><strong>ipsa</strong></span> <span class='ocrx_word' id='word_1_664' title='bbox 2455 3316 2700 3373; x_wconf 88' lang='lat' dir='ltr'><strong>sacraria</strong></span> <span class='ocrx_word' id='word_1_665' title='bbox 2745 3312 3094 3386; x_wconf 88' lang='lat' dir='ltr'><strong>confugerint</strong></span> <span class='ocrx_word' id='word_1_666' title='bbox 3139 3307 3457 3375; x_wconf 86' lang='lat' dir='ltr'><strong>sanctuarii,</strong></span> <span class='ocrx_word' id='word_1_667' title='bbox 3484 3305 3553 3361; x_wconf 89' lang='lat' dir='ltr'><strong>ad</strong></span> <span class='ocrx_word' id='word_1_668' title='bbox 3581 3304 3889 3361; x_wconf 67' lang='lat' dir='ltr'><strong>Ianuarium</strong></span> 
     </span>
    </p>
   </div>
   <div class='ocr_carea' id='block_1_93' title="bbox 2307 3398 3886 3482">
    <p class='ocr_par' dir='ltr' id='par_1_93' title="bbox 2307 3398 3886 3482">
     <span class='ocr_line' id='line_1_94' title="bbox 2307 3398 3886 3482; baseline -0.01 -16"><span class='ocrx_word' id='word_1_669' title='bbox 2307 3411 2623 3482; x_wconf 89' lang='lat' dir='ltr'><strong>episcopum</strong></span> <span class='ocrx_word' id='word_1_670' title='bbox 2676 3406 3001 3463; x_wconf 71' lang='lat' dir='ltr'><strong>Caralitana:</strong></span> <span class='ocrx_word' id='word_1_671' title='bbox 3057 3402 3297 3460; x_wconf 84' lang='lat' dir='ltr'><strong>civitatis</strong></span> <span class='ocrx_word' id='word_1_672' title='bbox 3361 3398 3556 3456; x_wconf 87' lang='lat' dir='ltr'><strong>scribit</strong></span> <span class='ocrx_word' id='word_1_673' title='bbox 3605 3398 3722 3470; x_wconf 85' lang='lat' dir='ltr'><strong>(lib.</strong></span> <span class='ocrx_word' id='word_1_674' title='bbox 3776 3414 3886 3463; x_wconf 83' lang='lat' dir='ltr'><strong>vni,</strong></span> 
     </span>
    </p>
   </div>
   <div class='ocr_carea' id='block_1_94' title="bbox 2307 3494 3892 3577">
    <p class='ocr_par' dir='ltr' id='par_1_94' title="bbox 2307 3494 3892 3577">
     <span class='ocr_line' id='line_1_95' title="bbox 2307 3494 3892 3577; baseline -0.009 -17"><span class='ocrx_word' id='word_1_675' title='bbox 2307 3506 2457 3577; x_wconf 79' lang='lat' dir='ltr'><strong>epist.</strong></span> <span class='ocrx_word' id='word_1_676' title='bbox 2486 3503 2578 3574; x_wconf 77' lang='lat'><strong>58)</strong></span> <span class='ocrx_word' id='word_1_677' title='bbox 2614 3520 2630 3556; x_wconf 90' lang='lat'><strong>:</strong></span> <span class='ocrx_word' id='word_1_678' title='bbox 2672 3519 2691 3553; x_wconf 72' lang='grc' dir='ltr'>ι</span> <span class='ocrx_word' id='word_1_679' title='bbox 2725 3500 2787 3556; x_wconf 89' lang='lat' dir='ltr'><strong>Si</strong></span> <span class='ocrx_word' id='word_1_680' title='bbox 2813 3499 2958 3570; x_wconf 90' lang='lat' dir='ltr'><strong>quis,</strong></span> <span class='ocrx_word' id='word_1_681' title='bbox 3000 3497 3270 3568; x_wconf 89' lang='lat' dir='ltr'><strong>inquiens,</strong></span> <span class='ocrx_word' id='word_1_682' title='bbox 3316 3495 3382 3551; x_wconf 87' lang='lat' dir='ltr'><strong>de</strong></span> <span class='ocrx_word' id='word_1_683' title='bbox 3408 3494 3609 3565; x_wconf 90' lang='lat' dir='ltr'><strong>quibus</strong></span> <span class='ocrx_word' id='word_1_684' title='bbox 3638 3499 3726 3548; x_wconf 87' lang='lat' dir='ltr'><strong>est</strong></span> <span class='ocrx_word' id='word_1_685' title='bbox 3761 3506 3892 3563; x_wconf 48' lang='lat' dir='ltr'><strong>qua»</strong></span> 
     </span>
    </p>
   </div>
   <div class='ocr_carea' id='block_1_95' title="bbox 2309 3587 3891 3663">
    <p class='ocr_par' dir='ltr' id='par_1_95' title="bbox 2309 3587 3891 3663">
     <span class='ocr_line' id='line_1_96' title="bbox 2309 3587 3891 3663; baseline -0.009 -7"><span class='ocrx_word' id='word_1_686' title='bbox 2309 3601 2447 3663; x_wconf 91' lang='lat' dir='ltr'><strong>stio,</strong></span> <span class='ocrx_word' id='word_1_687' title='bbox 2495 3599 2549 3652; x_wconf 92' lang='lat' dir='ltr'><strong>in</strong></span> <span class='ocrx_word' id='word_1_688' title='bbox 2601 3595 2888 3651; x_wconf 86' lang='lat' dir='ltr'><strong>ecclesiam</strong></span> <span class='ocrx_word' id='word_1_689' title='bbox 2939 3592 3173 3648; x_wconf 84' lang='lat' dir='ltr'><strong>fortasse</strong></span> <span class='ocrx_word' id='word_1_690' title='bbox 3217 3587 3553 3660; x_wconf 85' lang='lat' dir='ltr'><strong>refugerint,</strong></span> <span class='ocrx_word' id='word_1_691' title='bbox 3616 3587 3695 3642; x_wconf 81' lang='lat' dir='ltr'><strong>ita</strong></span> <span class='ocrx_word' id='word_1_692' title='bbox 3744 3587 3891 3642; x_wconf 69' lang='lat' dir='ltr'><strong>ddici</strong></span> 
     </span>
    </p>
   </div>
   <div class='ocr_carea' id='block_1_96' title="bbox 2310 3678 3893 3759">
    <p class='ocr_par' dir='ltr' id='par_1_96' title="bbox 2310 3678 3893 3759">
     <span class='ocr_line' id='line_1_97' title="bbox 2310 3678 3893 3759; baseline -0.009 -13"><span class='ocrx_word' id='word_1_693' title='bbox 2310 3707 2472 3747; x_wconf 88' lang='lat' dir='ltr'><strong>causa</strong></span> <span class='ocrx_word' id='word_1_694' title='bbox 2503 3687 2735 3759; x_wconf 83' lang='lat' dir='ltr'><strong>disponi,</strong></span> <span class='ocrx_word' id='word_1_695' title='bbox 2769 3695 2831 3741; x_wconf 91' lang='lat' dir='ltr'><strong>ut</strong></span> <span class='ocrx_word' id='word_1_696' title='bbox 2858 3700 2961 3741; x_wconf 91' lang='lat' dir='ltr'><strong>nec</strong></span> <span class='ocrx_word' id='word_1_697' title='bbox 2989 3686 3092 3756; x_wconf 91' lang='lat' dir='ltr'><strong>ipsi</strong></span> <span class='ocrx_word' id='word_1_698' title='bbox 3118 3682 3438 3739; x_wconf 88' lang='lat' dir='ltr'><strong>violentiam</strong></span> <span class='ocrx_word' id='word_1_699' title='bbox 3472 3678 3780 3749; x_wconf 82' lang='lat' dir='ltr'><strong>patiantur,</strong></span> <span class='ocrx_word' id='word_1_700' title='bbox 3806 3691 3893 3733; x_wconf 84' lang='lat' dir='ltr'><strong>nec</strong></span> 
     </span>
    </p>
   </div>
   <div class='ocr_carea' id='block_1_97' title="bbox 2311 3768 3895 3850">
    <p class='ocr_par' dir='ltr' id='par_1_97' title="bbox 2311 3768 3895 3850">
     <span class='ocr_line' id='line_1_98' title="bbox 2311 3768 3895 3850; baseline -0.008 -15"><span class='ocrx_word' id='word_1_701' title='bbox 2311 3782 2366 3836; x_wconf 85' lang='lat' dir='ltr'><strong>hi</strong></span> <span class='ocrx_word' id='word_1_702' title='bbox 2413 3780 2505 3850; x_wconf 90' lang='lat' dir='ltr'><strong>qui</strong></span> <span class='ocrx_word' id='word_1_703' title='bbox 2555 3779 2812 3833; x_wconf 85' lang='lat' dir='ltr'><strong>dicuntur</strong></span> <span class='ocrx_word' id='word_1_704' title='bbox 2852 3773 3099 3847; x_wconf 84' lang='lat' dir='ltr'><strong>oppressi</strong></span> <span class='ocrx_word' id='word_1_705' title='bbox 3143 3774 3342 3829; x_wconf 86' lang='lat' dir='ltr'><strong>damna</strong></span> <span class='ocrx_word' id='word_1_706' title='bbox 3374 3770 3702 3827; x_wconf 77' lang='lat' dir='ltr'><strong>sustineant.</strong></span> <span class='ocrx_word' id='word_1_707' title='bbox 3754 3768 3895 3825; x_wconf 70' lang='lat' dir='ltr'><strong>Cum</strong></span> 
     </span>
    </p>
   </div>
   <div class='ocr_carea' id='block_1_98' title="bbox 2312 3861 3893 3943">
    <p class='ocr_par' dir='ltr' id='par_1_98' title="bbox 2312 3861 3893 3943">
     <span class='ocr_line' id='line_1_99' title="bbox 2312 3861 3893 3943; baseline -0.009 -15"><span class='ocrx_word' id='word_1_708' title='bbox 2312 3887 2444 3943; x_wconf 85' lang='lat' dir='ltr'><strong>ergo</strong></span> <span class='ocrx_word' id='word_1_709' title='bbox 2473 3881 2667 3925; x_wconf 74' lang='lat' dir='ltr'><strong>vestra:</strong></span> <span class='ocrx_word' id='word_1_710' title='bbox 2698 3869 2791 3933; x_wconf 90' lang='lat' dir='ltr'><strong>sit,</strong></span> <span class='ocrx_word' id='word_1_711' title='bbox 2824 3877 2883 3922; x_wconf 89' lang='lat' dir='ltr'><strong>ut</strong></span> <span class='ocrx_word' id='word_1_712' title='bbox 2908 3867 2990 3923; x_wconf 86' lang='lat' dir='ltr'><strong>eis</strong></span> <span class='ocrx_word' id='word_1_713' title='bbox 3014 3872 3438 3928; x_wconf 88' lang='lat' dir='ltr'><strong>sacramentum,</strong></span> <span class='ocrx_word' id='word_1_714' title='bbox 3465 3862 3537 3919; x_wconf 87' lang='lat' dir='ltr'><strong>ab</strong></span> <span class='ocrx_word' id='word_1_715' title='bbox 3562 3861 3655 3916; x_wconf 84' lang='lat' dir='ltr'><strong>bis</strong></span> <span class='ocrx_word' id='word_1_716' title='bbox 3676 3874 3893 3930; x_wconf 75' lang='lat' dir='ltr'><strong>quorum</strong></span> 
     </span>
    </p>
   </div>
   <div class='ocr_carea' id='block_1_99' title="bbox 2316 3951 3897 4028">
    <p class='ocr_par' dir='ltr' id='par_1_99' title="bbox 2316 3951 3897 4028">
     <span class='ocr_line' id='line_1_100' title="bbox 2316 3951 3897 4028; baseline -0.01 -9"><span class='ocrx_word' id='word_1_717' title='bbox 2316 3966 2560 4027; x_wconf 87' lang='lat' dir='ltr'><strong>interest,</strong></span> <span class='ocrx_word' id='word_1_718' title='bbox 2589 3963 2658 4016; x_wconf 87' lang='lat' dir='ltr'><strong>de</strong></span> <span class='ocrx_word' id='word_1_719' title='bbox 2693 3959 2959 4017; x_wconf 89' lang='lat' dir='ltr'><strong>servanda</strong></span> <span class='ocrx_word' id='word_1_720' title='bbox 2986 3957 3107 4028; x_wconf 82' lang='lat' dir='ltr'><strong>lege</strong></span> <span class='ocrx_word' id='word_1_721' title='bbox 3132 3967 3191 4012; x_wconf 90' lang='lat' dir='ltr'><strong>et</strong></span> <span class='ocrx_word' id='word_1_722' title='bbox 3216 3954 3430 4025; x_wconf 81' lang='lat' dir='ltr'><strong>iustitia</strong></span> <span class='ocrx_word' id='word_1_723' title='bbox 3450 3951 3827 4025; x_wconf 85' lang='lat' dir='ltr'><strong>promittatur,</strong></span> <span class='ocrx_word' id='word_1_724' title='bbox 3851 3958 3897 4003; x_wconf 83' lang='lat' dir='ltr'><strong>et</strong></span> 
     </span>
    </p>
   </div>
   <div class='ocr_carea' id='block_1_100' title="bbox 2313 4050 3898 4130">
    <p class='ocr_par' dir='ltr' id='par_1_100' title="bbox 2313 4050 3898 4130">
     <span class='ocr_line' id='line_1_101' title="bbox 2313 4050 3898 4130; baseline -0.01 -17"><span class='ocrx_word' id='word_1_725' title='bbox 2313 4074 2412 4130; x_wconf 89' lang='lat' dir='ltr'><strong>per</strong></span> <span class='ocrx_word' id='word_1_726' title='bbox 2454 4059 2638 4112; x_wconf 87' lang='lat' dir='ltr'><strong>omnia</strong></span> <span class='ocrx_word' id='word_1_727' title='bbox 2667 4059 3123 4111; x_wconf 80' lang='lat' dir='ltr'><strong>commoueantur</strong></span> <span class='ocrx_word' id='word_1_728' title='bbox 3148 4050 3324 4115; x_wconf 80' lang='lat' dir='ltr'><strong>exire,</strong></span> <span class='ocrx_word' id='word_1_729' title='bbox 3355 4056 3519 4117; x_wconf 85' lang='lat' dir='ltr'><strong>atque</strong></span> <span class='ocrx_word' id='word_1_730' title='bbox 3548 4060 3785 4102; x_wconf 86' lang='lat' dir='ltr'><strong>suorum</strong></span> <span class='ocrx_word' id='word_1_731' title='bbox 3824 4056 3898 4098; x_wconf 84' lang='lat' dir='ltr'><strong>ac-</strong></span> 
     </span>
    </p>
   </div>
   <div class='ocr_carea' id='block_1_101' title="bbox 2319 4138 3898 4211">
    <p class='ocr_par' dir='ltr' id='par_1_101' title="bbox 2319 4138 3898 4211">
     <span class='ocr_line' id='line_1_102' title="bbox 2319 4138 3898 4211; baseline -0.01 -5"><span class='ocrx_word' id='word_1_732' title='bbox 2319 4161 2471 4207; x_wconf 91' lang='lat' dir='ltr'><strong>tuum</strong></span> <span class='ocrx_word' id='word_1_733' title='bbox 2499 4149 2727 4205; x_wconf 90' lang='lat' dir='ltr'><strong>reddere</strong></span> <span class='ocrx_word' id='word_1_734' title='bbox 2751 4146 3039 4202; x_wconf 87' lang='lat' dir='ltr'><strong>rationem.</strong></span> <span class='ocrx_word' id='word_1_735' title='bbox 3079 4163 3098 4197; x_wconf 71' lang='grc'><strong>»</strong></span> <span class='ocrx_word' id='word_1_736' title='bbox 3130 4144 3200 4199; x_wconf 86' lang='lat' dir='ltr'><strong>Et</strong></span> <span class='ocrx_word' id='word_1_737' title='bbox 3230 4143 3281 4197; x_wconf 94' lang='lat' dir='ltr'><strong>in</strong></span> <span class='ocrx_word' id='word_1_738' title='bbox 3324 4141 3464 4197; x_wconf 88' lang='lat' dir='ltr'><strong>libro</strong></span> <span class='ocrx_word' id='word_1_739' title='bbox 3490 4138 3673 4211; x_wconf 89' lang='lat' dir='ltr'><strong>primo</strong></span> <span class='ocrx_word' id='word_1_740' title='bbox 3702 4138 3898 4209; x_wconf 84' lang='lat' dir='ltr'><strong>capitu-</strong></span> 
     </span>
    </p>
   </div>
   <div class='ocr_carea' id='block_1_102' title="bbox 2320 4224 3897 4304">
    <p class='ocr_par' dir='ltr' id='par_1_102' title="bbox 2320 4224 3897 4304">
     <span class='ocr_line' id='line_1_103' title="bbox 2320 4224 3897 4304; baseline -0.011 -7"><span class='ocrx_word' id='word_1_741' title='bbox 2320 4244 2495 4299; x_wconf 92' lang='lat' dir='ltr'><strong>lorum</strong></span> <span class='ocrx_word' id='word_1_742' title='bbox 2519 4241 2705 4296; x_wconf 90' lang='lat' dir='ltr'><strong>domni</strong></span> <span class='ocrx_word' id='word_1_743' title='bbox 2749 4237 2929 4295; x_wconf 85' lang='lat' dir='ltr'><strong>Caroli</strong></span> <span class='ocrx_word' id='word_1_744' title='bbox 2955 4244 3011 4292; x_wconf 88' lang='lat' dir='ltr'><strong>et</strong></span> <span class='ocrx_word' id='word_1_745' title='bbox 3047 4233 3305 4291; x_wconf 90' lang='lat' dir='ltr'><strong>Ludovici</strong></span> <span class='ocrx_word' id='word_1_746' title='bbox 3334 4232 3716 4304; x_wconf 78' lang='lat' dir='ltr'><strong>Augustorum</strong></span> <span class='ocrx_word' id='word_1_747' title='bbox 3752 4247 3769 4284; x_wconf 93' lang='lat'><strong>:</strong></span> <span class='ocrx_word' id='word_1_748' title='bbox 3803 4246 3822 4281; x_wconf 72' lang='grc' dir='ltr'>ί</span> <span class='ocrx_word' id='word_1_749' title='bbox 3849 4224 3897 4281; x_wconf 86' lang='lat' dir='ltr'><strong>Si</strong></span> 
     </span>
    </p>
   </div>
   <div class='ocr_carea' id='block_1_103' title="bbox 2323 4318 3901 4407">
    <p class='ocr_par' dir='ltr' id='par_1_103' title="bbox 2323 4318 3901 4407">
     <span class='ocr_line' id='line_1_104' title="bbox 2323 4318 3901 4407; baseline -0.013 -15"><span class='ocrx_word' id='word_1_750' title='bbox 2323 4337 2446 4407; x_wconf 91' lang='lat' dir='ltr'><strong>quis</strong></span> <span class='ocrx_word' id='word_1_751' title='bbox 2470 4335 2537 4390; x_wconf 88' lang='lat' dir='ltr'><strong>ad</strong></span> <span class='ocrx_word' id='word_1_752' title='bbox 2580 4332 2868 4390; x_wconf 89' lang='lat' dir='ltr'><strong>ecclesiam</strong></span> <span class='ocrx_word' id='word_1_753' title='bbox 2897 4328 3210 4400; x_wconf 88' lang='lat' dir='ltr'><strong>confugium</strong></span> <span class='ocrx_word' id='word_1_754' title='bbox 3237 4323 3452 4389; x_wconf 86' lang='lat' dir='ltr'><strong>fecerit,</strong></span> <span class='ocrx_word' id='word_1_755' title='bbox 3482 4324 3539 4377; x_wconf 87' lang='lat' dir='ltr'><strong>in</strong></span> <span class='ocrx_word' id='word_1_756' title='bbox 3565 4321 3716 4376; x_wconf 80' lang='lat' dir='ltr'><strong>atrio</strong></span> <span class='ocrx_word' id='word_1_757' title='bbox 3752 4318 3901 4392; x_wconf 76' lang='lat' dir='ltr'><strong>ipsius</strong></span> 
     </span>
    </p>
   </div>
   <div class='ocr_carea' id='block_1_104' title="bbox 2319 4415 3899 4498">
    <p class='ocr_par' dir='ltr' id='par_1_104' title="bbox 2319 4415 3899 4498">
     <span class='ocr_line' id='line_1_105' title="bbox 2319 4415 3899 4498; baseline -0.011 -14"><span class='ocrx_word' id='word_1_758' title='bbox 2319 4428 2563 4484; x_wconf 65' lang='lat' dir='ltr'><strong>ecclesiae</strong></span> <span class='ocrx_word' id='word_1_759' title='bbox 2595 4440 2780 4498; x_wconf 89' lang='lat' dir='ltr'><strong>pacem</strong></span> <span class='ocrx_word' id='word_1_760' title='bbox 2813 4424 3034 4489; x_wconf 88' lang='lat' dir='ltr'><strong>habeat,</strong></span> <span class='ocrx_word' id='word_1_761' title='bbox 3061 4436 3165 4477; x_wconf 91' lang='lat' dir='ltr'><strong>nec</strong></span> <span class='ocrx_word' id='word_1_762' title='bbox 3186 4420 3256 4475; x_wconf 90' lang='lat' dir='ltr'><strong>sit</strong></span> <span class='ocrx_word' id='word_1_763' title='bbox 3286 4419 3341 4474; x_wconf 89' lang='lat' dir='ltr'><strong>ei</strong></span> <span class='ocrx_word' id='word_1_764' title='bbox 3376 4426 3602 4472; x_wconf 82' lang='lat' dir='ltr'><strong>necesse</strong></span> <span class='ocrx_word' id='word_1_765' title='bbox 3624 4415 3899 4472; x_wconf 72' lang='lat' dir='ltr'><strong>ecclesiam</strong></span> 
     </span>
    </p>
   </div>
   <div class='ocr_carea' id='block_1_105' title="bbox 2320 4509 3902 4593">
    <p class='ocr_par' dir='ltr' id='par_1_105' title="bbox 2320 4509 3902 4593">
     <span class='ocr_line' id='line_1_106' title="bbox 2320 4509 3902 4593; baseline -0.01 -16"><span class='ocrx_word' id='word_1_766' title='bbox 2320 4522 2550 4593; x_wconf 80' lang='lat' dir='ltr'><strong>ingredi,</strong></span> <span class='ocrx_word' id='word_1_767' title='bbox 2577 4527 2632 4575; x_wconf 92' lang='lat' dir='ltr'><strong>et</strong></span> <span class='ocrx_word' id='word_1_768' title='bbox 2659 4517 2838 4573; x_wconf 88' lang='lat' dir='ltr'><strong>nullus</strong></span> <span class='ocrx_word' id='word_1_769' title='bbox 2857 4531 2981 4573; x_wconf 85' lang='lat' dir='ltr'><strong>eum</strong></span> <span class='ocrx_word' id='word_1_770' title='bbox 3008 4514 3136 4570; x_wconf 90' lang='lat' dir='ltr'><strong>inde</strong></span> <span class='ocrx_word' id='word_1_771' title='bbox 3164 4528 3260 4584; x_wconf 89' lang='lat' dir='ltr'><strong>per</strong></span> <span class='ocrx_word' id='word_1_772' title='bbox 3282 4514 3393 4567; x_wconf 89' lang='lat' dir='ltr'><strong>vim</strong></span> <span class='ocrx_word' id='word_1_773' title='bbox 3424 4509 3762 4566; x_wconf 80' lang='lat' dir='ltr'><strong>abstrahere</strong></span> <span class='ocrx_word' id='word_1_774' title='bbox 3793 4519 3902 4579; x_wconf 72' lang='lat' dir='ltr'><strong>pre-</strong></span> 
     </span>
    </p>
   </div>
   <div class='ocr_carea' id='block_1_106' title="bbox 2321 4601 3899 4677">
    <p class='ocr_par' dir='ltr' id='par_1_106' title="bbox 2321 4601 3899 4677">
     <span class='ocr_line' id='line_1_107' title="bbox 2321 4601 3899 4677; baseline -0.008 -9"><span class='ocrx_word' id='word_1_775' title='bbox 2321 4621 2520 4677; x_wconf 87' lang='lat' dir='ltr'><strong>sumat,</strong></span> <span class='ocrx_word' id='word_1_776' title='bbox 2555 4610 2651 4667; x_wconf 87' lang='lat' dir='ltr'><strong>sed</strong></span> <span class='ocrx_word' id='word_1_777' title='bbox 2678 4608 2839 4665; x_wconf 86' lang='lat' dir='ltr'><strong>liceat</strong></span> <span class='ocrx_word' id='word_1_778' title='bbox 2858 4609 2911 4664; x_wconf 90' lang='lat' dir='ltr'><strong>ei</strong></span> <span class='ocrx_word' id='word_1_779' title='bbox 2939 4606 3187 4664; x_wconf 81' lang='lat' dir='ltr'><strong>confiteri</strong></span> <span class='ocrx_word' id='word_1_780' title='bbox 3219 4603 3365 4676; x_wconf 88' lang='lat' dir='ltr'><strong>quod</strong></span> <span class='ocrx_word' id='word_1_781' title='bbox 3398 4603 3545 4666; x_wconf 87' lang='lat' dir='ltr'><strong>fecit,</strong></span> <span class='ocrx_word' id='word_1_782' title='bbox 3578 4609 3640 4656; x_wconf 83' lang='lat' dir='ltr'><strong>et</strong></span> <span class='ocrx_word' id='word_1_783' title='bbox 3660 4601 3797 4657; x_wconf 83' lang='lat' dir='ltr'><strong>inde</strong></span> <span class='ocrx_word' id='word_1_784' title='bbox 3821 4610 3899 4671; x_wconf 78' lang='lat' dir='ltr'><strong>per</strong></span> 
     </span>
    </p>
   </div>
   <div class='ocr_carea' id='block_1_107' title="bbox 2319 4693 3929 4776">
    <p class='ocr_par' dir='ltr' id='par_1_107' title="bbox 2319 4693 3929 4776">
     <span class='ocr_line' id='line_1_108' title="bbox 2319 4693 3929 4776; baseline -0.007 -18"><span class='ocrx_word' id='word_1_785' title='bbox 2319 4703 2489 4776; x_wconf 72' lang='lat'><strong>678</strong></span> <span class='ocrx_word' id='word_1_786' title='bbox 2527 4716 2720 4756; x_wconf 91' lang='lat' dir='ltr'><strong>manus</strong></span> <span class='ocrx_word' id='word_1_787' title='bbox 2757 4702 3026 4757; x_wconf 88' lang='lat' dir='ltr'><strong>bonorum</strong></span> <span class='ocrx_word' id='word_1_788' title='bbox 3072 4697 3356 4754; x_wconf 89' lang='lat' dir='ltr'><strong>hominum</strong></span> <span class='ocrx_word' id='word_1_789' title='bbox 3400 4696 3469 4751; x_wconf 88' lang='lat' dir='ltr'><strong>ad</strong></span> <span class='ocrx_word' id='word_1_790' title='bbox 3514 4693 3929 4770; x_wconf 70' lang='lat' dir='ltr'><strong>discussioneII_</strong></span> 
     </span>
    </p>
   </div>
   <div class='ocr_carea' id='block_1_108' title="bbox 2324 4778 3898 4866">
    <p class='ocr_par' dir='ltr' id='par_1_108' title="bbox 2324 4778 3898 4866">
     <span class='ocr_line' id='line_1_109' title="bbox 2324 4778 3898 4866; baseline -0.009 -15"><span class='ocrx_word' id='word_1_791' title='bbox 2324 4797 2378 4851; x_wconf 90' lang='lat' dir='ltr'><strong>in</strong></span> <span class='ocrx_word' id='word_1_792' title='bbox 2409 4795 2625 4866; x_wconf 89' lang='lat' dir='ltr'><strong>publico</strong></span> <span class='ocrx_word' id='word_1_793' title='bbox 2655 4795 3007 4864; x_wconf 89' lang='lat' dir='ltr'><strong>producatur.</strong></span> <span class='ocrx_word' id='word_1_794' title='bbox 3039 4812 3059 4846; x_wconf 73' lang='grc' dir='ltr'>ι</span> <span class='ocrx_word' id='word_1_795' title='bbox 3087 4792 3156 4848; x_wconf 82' lang='lat' dir='ltr'><strong>Et</strong></span> <span class='ocrx_word' id='word_1_796' title='bbox 3183 4792 3239 4847; x_wconf 91' lang='lat' dir='ltr'><strong>in</strong></span> <span class='ocrx_word' id='word_1_797' title='bbox 3271 4789 3505 4847; x_wconf 86' lang='lat' dir='ltr'><strong>concilio</strong></span> <span class='ocrx_word' id='word_1_798' title='bbox 3528 4778 3898 4845; x_wconf 81' lang='lat' dir='ltr'><strong>Aurelianeusi</strong></span> 
     </span>
    </p>
   </div>
   <div class='ocr_carea' id='block_1_109' title="bbox 2324 4871 3899 4959">
    <p class='ocr_par' dir='ltr' id='par_1_109' title="bbox 2324 4871 3899 4959">
     <span class='ocr_line' id='line_1_110' title="bbox 2324 4871 3899 4959; baseline -0.009 -15"><span class='ocrx_word' id='word_1_799' title='bbox 2324 4889 2503 4959; x_wconf 88' lang='lat' dir='ltr'><strong>capite</strong></span> <span class='ocrx_word' id='word_1_800' title='bbox 2527 4887 2725 4958; x_wconf 88' lang='lat' dir='ltr'><strong>primo,</strong></span> <span class='ocrx_word' id='word_1_801' title='bbox 2754 4886 2823 4943; x_wconf 91' lang='lat' dir='ltr'><strong>de</strong></span> <span class='ocrx_word' id='word_1_802' title='bbox 2848 4885 3160 4953; x_wconf 89' lang='lat' dir='ltr'><strong>homicidis,</strong></span> <span class='ocrx_word' id='word_1_803' title='bbox 3191 4884 3453 4941; x_wconf 88' lang='lat' dir='ltr'><strong>adulteris</strong></span> <span class='ocrx_word' id='word_1_804' title='bbox 3475 4925 3491 4950; x_wconf 93' lang='lat'><strong>,</strong></span> <span class='ocrx_word' id='word_1_805' title='bbox 3514 4890 3571 4938; x_wconf 89' lang='lat' dir='ltr'><strong>et</strong></span> <span class='ocrx_word' id='word_1_806' title='bbox 3605 4881 3837 4939; x_wconf 79' lang='lat' dir='ltr'><strong>furibus,</strong></span> <span class='ocrx_word' id='word_1_807' title='bbox 3861 4871 3899 4930; x_wconf 87' lang='lat' dir='ltr'><strong>si</strong></span> 
     </span>
    </p>
   </div>
   <div class='ocr_carea' id='block_1_110' title="bbox 2322 4969 3898 5051">
    <p class='ocr_par' dir='ltr' id='par_1_110' title="bbox 2322 4969 3898 5051">
     <span class='ocr_line' id='line_1_111' title="bbox 2322 4969 3898 5051; baseline -0.007 -16"><span class='ocrx_word' id='word_1_808' title='bbox 2322 4981 2389 5035; x_wconf 89' lang='lat' dir='ltr'><strong>ad</strong></span> <span class='ocrx_word' id='word_1_809' title='bbox 2409 4978 2693 5035; x_wconf 85' lang='lat' dir='ltr'><strong>ecclesiam</strong></span> <span class='ocrx_word' id='word_1_810' title='bbox 2722 4977 3083 5051; x_wconf 86' lang='lat' dir='ltr'><strong>confugerint,</strong></span> <span class='ocrx_word' id='word_1_811' title='bbox 3104 4977 3366 5049; x_wconf 91' lang='lat' dir='ltr'><strong>scriptum</strong></span> <span class='ocrx_word' id='word_1_812' title='bbox 3394 4983 3503 5041; x_wconf 88' lang='lat' dir='ltr'><strong>est,</strong></span> <span class='ocrx_word' id='word_1_813' title='bbox 3530 4984 3598 5034; x_wconf 85' lang='lat' dir='ltr'><strong>.ut</strong></span> <span class='ocrx_word' id='word_1_814' title='bbox 3633 4993 3656 5027; x_wconf 74' lang='grc' dir='ltr'>ι</span> <span class='ocrx_word' id='word_1_815' title='bbox 3692 4977 3830 5032; x_wconf 89' lang='lat' dir='ltr'><strong>sicut</strong></span> <span class='ocrx_word' id='word_1_816' title='bbox 3855 4969 3898 5024; x_wconf 86' lang='lat' dir='ltr'><strong>iu</strong></span> 
     </span>
    </p>
   </div>
   <div class='ocr_carea' id='block_1_111' title="bbox 2324 5063 3901 5139">
    <p class='ocr_par' dir='ltr' id='par_1_111' title="bbox 2324 5063 3901 5139">
     <span class='ocr_line' id='line_1_112' title="bbox 2324 5063 3901 5139; baseline -0.005 -13"><span class='ocrx_word' id='word_1_817' title='bbox 2324 5072 2379 5127; x_wconf 91' lang='lat' dir='ltr'><strong>in</strong></span> <span class='ocrx_word' id='word_1_818' title='bbox 2401 5070 2788 5133; x_wconf 85' lang='lat' dir='ltr'><strong>ecclesiasticis</strong></span> <span class='ocrx_word' id='word_1_819' title='bbox 2813 5070 3137 5137; x_wconf 88' lang='lat' dir='ltr'><strong>canonibus,</strong></span> <span class='ocrx_word' id='word_1_820' title='bbox 3161 5077 3218 5126; x_wconf 89' lang='lat' dir='ltr'><strong>et</strong></span> <span class='ocrx_word' id='word_1_821' title='bbox 3240 5068 3499 5125; x_wconf 71' lang='lat' dir='ltr'><strong>Romana:</strong></span> <span class='ocrx_word' id='word_1_822' title='bbox 3518 5066 3661 5139; x_wconf 86' lang='lat' dir='ltr'><strong>legis</strong></span> <span class='ocrx_word' id='word_1_823' title='bbox 3687 5063 3901 5125; x_wconf 77' lang='lat' dir='ltr'><strong>decretis</strong></span> 
     </span>
    </p>
   </div>
   <div class='ocr_carea' id='block_1_112' title="bbox 2326 5149 3898 5230">
    <p class='ocr_par' dir='ltr' id='par_1_112' title="bbox 2326 5149 3898 5230">
     <span class='ocr_line' id='line_1_113' title="bbox 2326 5149 3898 5230; baseline -0.003 -13"><span class='ocrx_word' id='word_1_824' title='bbox 2326 5161 2678 5217; x_wconf 89' lang='lat' dir='ltr'><strong>constitutum</strong></span> <span class='ocrx_word' id='word_1_825' title='bbox 2698 5168 2804 5227; x_wconf 89' lang='lat' dir='ltr'><strong>est,</strong></span> <span class='ocrx_word' id='word_1_826' title='bbox 2831 5161 2901 5217; x_wconf 89' lang='lat' dir='ltr'><strong>ab</strong></span> <span class='ocrx_word' id='word_1_827' title='bbox 2917 5160 3164 5217; x_wconf 70' lang='lat' dir='ltr'><strong>ecclesiae</strong></span> <span class='ocrx_word' id='word_1_828' title='bbox 3182 5158 3361 5227; x_wconf 80' lang='lat' dir='ltr'><strong>atriis,</strong></span> <span class='ocrx_word' id='word_1_829' title='bbox 3381 5158 3468 5214; x_wconf 90' lang='lat' dir='ltr'><strong>vel</strong></span> <span class='ocrx_word' id='word_1_830' title='bbox 3491 5158 3659 5215; x_wconf 92' lang='lat' dir='ltr'><strong>domo</strong></span> <span class='ocrx_word' id='word_1_831' title='bbox 3681 5149 3898 5230; x_wconf 73' lang='lat' dir='ltr'><strong>episcopi</strong></span> 
     </span>
    </p>
   </div>
   <div class='ocr_carea' id='block_1_113' title="bbox 2327 5246 3895 5321">
    <p class='ocr_par' dir='ltr' id='par_1_113' title="bbox 2327 5246 3895 5321">
     <span class='ocr_line' id='line_1_114' title="bbox 2327 5246 3895 5321; baseline -0.004 -10"><span class='ocrx_word' id='word_1_832' title='bbox 2327 5270 2423 5311; x_wconf 86' lang='lat' dir='ltr'><strong>eos</strong></span> <span class='ocrx_word' id='word_1_833' title='bbox 2465 5269 2570 5310; x_wconf 90' lang='lat' dir='ltr'><strong>non</strong></span> <span class='ocrx_word' id='word_1_834' title='bbox 2602 5254 2765 5310; x_wconf 88' lang='lat' dir='ltr'><strong>liceat</strong></span> <span class='ocrx_word' id='word_1_835' title='bbox 2794 5254 3072 5321; x_wconf 88' lang='lat' dir='ltr'><strong>abstrahi,</strong></span> <span class='ocrx_word' id='word_1_836' title='bbox 3120 5254 3216 5311; x_wconf 89' lang='lat' dir='ltr'><strong>sed</strong></span> <span class='ocrx_word' id='word_1_837' title='bbox 3262 5253 3405 5309; x_wconf 87' lang='lat' dir='ltr'><strong>datis</strong></span> <span class='ocrx_word' id='word_1_838' title='bbox 3438 5252 3807 5309; x_wconf 83' lang='lat' dir='ltr'><strong>sacramentis</strong></span> <span class='ocrx_word' id='word_1_839' title='bbox 3839 5246 3895 5300; x_wconf 86' lang='lat' dir='ltr'><strong>de</strong></span> 
     </span>
    </p>
   </div>
   <div class='ocr_carea' id='block_1_114' title="bbox 2332 5344 3899 5416">
    <p class='ocr_par' dir='ltr' id='par_1_114' title="bbox 2332 5344 3899 5416">
     <span class='ocr_line' id='line_1_115' title="bbox 2332 5344 3899 5416; baseline -0.001 -16"><span class='ocrx_word' id='word_1_840' title='bbox 2332 5354 2525 5406; x_wconf 86' lang='lat' dir='ltr'><strong>morte.</strong></span> <span class='ocrx_word' id='word_1_841' title='bbox 2554 5361 2618 5401; x_wconf 89' lang='lat' dir='ltr'><strong>ac</strong></span> <span class='ocrx_word' id='word_1_842' title='bbox 2643 5344 2955 5411; x_wconf 84' lang='lat' dir='ltr'><strong>debilitate,</strong></span> <span class='ocrx_word' id='word_1_843' title='bbox 2985 5360 3049 5402; x_wconf 90' lang='lat' dir='ltr'><strong>ac</strong></span> <span class='ocrx_word' id='word_1_844' title='bbox 3074 5344 3221 5401; x_wconf 91' lang='lat' dir='ltr'><strong>omni</strong></span> <span class='ocrx_word' id='word_1_845' title='bbox 3252 5356 3540 5415; x_wconf 78' lang='lat' dir='ltr'><strong>poenarum</strong></span> <span class='ocrx_word' id='word_1_846' title='bbox 3580 5358 3813 5416; x_wconf 84' lang='lat' dir='ltr'><strong>genere,</strong></span> <span class='ocrx_word' id='word_1_847' title='bbox 3843 5348 3899 5389; x_wconf 75' lang='lat' dir='ltr'><strong>ne</strong></span> 
     </span>
    </p>
   </div>
   <div class='ocr_carea' id='block_1_115' title="bbox 2332 5434 3893 5508">
    <p class='ocr_par' dir='ltr' id='par_1_115' title="bbox 2332 5434 3893 5508">
     <span class='ocr_line' id='line_1_116' title="bbox 2332 5434 3893 5508; baseline -0.002 -18"><span class='ocrx_word' id='word_1_848' title='bbox 2332 5438 2645 5493; x_wconf 88' lang='lat' dir='ltr'><strong>violentiam</strong></span> <span class='ocrx_word' id='word_1_849' title='bbox 2697 5445 2825 5493; x_wconf 88' lang='lat' dir='ltr'><strong>ante</strong></span> <span class='ocrx_word' id='word_1_850' title='bbox 2868 5436 3097 5508; x_wconf 87' lang='lat' dir='ltr'><strong>legalem</strong></span> <span class='ocrx_word' id='word_1_851' title='bbox 3139 5434 3568 5492; x_wconf 83' lang='lat' dir='ltr'><strong>satisfactionem</strong></span> <span class='ocrx_word' id='word_1_852' title='bbox 3620 5435 3893 5505; x_wconf 70' lang='lat' dir='ltr'><strong>patiantur.</strong></span> 
     </span>
    </p>
   </div>
   <div class='ocr_carea' id='block_1_116' title="bbox 2332 5520 3893 5592">
    <p class='ocr_par' dir='ltr' id='par_1_116' title="bbox 2332 5520 3893 5592">
     <span class='ocr_line' id='line_1_117' title="bbox 2332 5520 3893 5592; baseline -0.006 -10"><span class='ocrx_word' id='word_1_853' title='bbox 2332 5529 2400 5584; x_wconf 90' lang='lat' dir='ltr'><strong>ab</strong></span> <span class='ocrx_word' id='word_1_854' title='bbox 2423 5526 2654 5583; x_wconf 90' lang='lat' dir='ltr'><strong>ecclesia</strong></span> <span class='ocrx_word' id='word_1_855' title='bbox 2678 5536 2897 5592; x_wconf 78' lang='lat' dir='ltr'><strong>exeant,</strong></span> <span class='ocrx_word' id='word_1_856' title='bbox 2928 5528 3003 5581; x_wconf 89' lang='lat' dir='ltr'><strong>ita</strong></span> <span class='ocrx_word' id='word_1_857' title='bbox 3035 5535 3096 5581; x_wconf 93' lang='lat' dir='ltr'><strong>ut</strong></span> <span class='ocrx_word' id='word_1_858' title='bbox 3125 5526 3176 5581; x_wconf 94' lang='lat' dir='ltr'><strong>ei</strong></span> <span class='ocrx_word' id='word_1_859' title='bbox 3202 5526 3291 5582; x_wconf 90' lang='lat' dir='ltr'><strong>cui</strong></span> <span class='ocrx_word' id='word_1_860' title='bbox 3314 5539 3441 5581; x_wconf 89' lang='lat' dir='ltr'><strong>reus</strong></span> <span class='ocrx_word' id='word_1_861' title='bbox 3463 5524 3633 5581; x_wconf 86' lang='lat' dir='ltr'><strong>fuerit</strong></span> <span class='ocrx_word' id='word_1_862' title='bbox 3662 5520 3893 5581; x_wconf 81' lang='lat' dir='ltr'><strong>crimino-</strong></span> 
     </span>
    </p>
   </div>
   <div class='ocr_carea' id='block_1_117' title="bbox 2332 5606 3891 5678">
    <p class='ocr_par' dir='ltr' id='par_1_117' title="bbox 2332 5606 3891 5678">
     <span class='ocr_line' id='line_1_118' title="bbox 2332 5606 3891 5678; baseline -0.005 -3"><span class='ocrx_word' id='word_1_863' title='bbox 2332 5634 2427 5676; x_wconf 91' lang='lat' dir='ltr'><strong>sus</strong></span> <span class='ocrx_word' id='word_1_864' title='bbox 2463 5620 2533 5674; x_wconf 89' lang='lat' dir='ltr'><strong>de</strong></span> <span class='ocrx_word' id='word_1_865' title='bbox 2566 5619 2945 5676; x_wconf 86' lang='lat' dir='ltr'><strong>satisfactione</strong></span> <span class='ocrx_word' id='word_1_866' title='bbox 2976 5619 3285 5674; x_wconf 90' lang='lat' dir='ltr'><strong>conveniat.</strong></span> <span class='ocrx_word' id='word_1_867' title='bbox 3326 5637 3346 5671; x_wconf 69' lang='grc' dir='ltr'><strong>ι</strong></span> <span class='ocrx_word' id='word_1_868' title='bbox 3380 5617 3447 5672; x_wconf 85' lang='lat' dir='ltr'><strong>Et</strong></span> <span class='ocrx_word' id='word_1_869' title='bbox 3473 5617 3530 5672; x_wconf 92' lang='lat' dir='ltr'><strong>in</strong></span> <span class='ocrx_word' id='word_1_870' title='bbox 3561 5616 3725 5673; x_wconf 89' lang='lat' dir='ltr'><strong>tertio</strong></span> <span class='ocrx_word' id='word_1_871' title='bbox 3760 5606 3891 5678; x_wconf 84' lang='lat' dir='ltr'><strong>capi-</strong></span> 
     </span>
    </p>
   </div>
   <div class='ocr_carea' id='block_1_118' title="bbox 2336 5688 3992 5785">
    <p class='ocr_par' dir='ltr' id='par_1_118' title="bbox 2336 5688 3992 5785">
     <span class='ocr_line' id='line_1_119' title="bbox 2336 5688 3992 5785; baseline -0.011 -18"><span class='ocrx_word' id='word_1_872' title='bbox 2336 5713 2448 5769; x_wconf 89' lang='lat' dir='ltr'><strong>tulo</strong></span> <span class='ocrx_word' id='word_1_873' title='bbox 2473 5712 2617 5783; x_wconf 80' lang='lat' dir='ltr'><strong>(can.</strong></span> <span class='ocrx_word' id='word_1_874' title='bbox 2647 5712 2702 5785; x_wconf 82' lang='lat'><strong>5)</strong></span> <span class='ocrx_word' id='word_1_875' title='bbox 2735 5730 2748 5767; x_wconf 93' lang='lat'><strong>:</strong></span> <span class='ocrx_word' id='word_1_876' title='bbox 2786 5731 2806 5764; x_wconf 71' lang='grc' dir='ltr'><strong><em>ι</em></strong></span> <span class='ocrx_word' id='word_1_877' title='bbox 2842 5710 2899 5767; x_wconf 92' lang='lat' dir='ltr'><strong>Si</strong></span> <span class='ocrx_word' id='word_1_878' title='bbox 2931 5712 3254 5783; x_wconf 89' lang='lat' dir='ltr'><strong>cujusquam</strong></span> <span class='ocrx_word' id='word_1_879' title='bbox 3295 5723 3489 5766; x_wconf 87' lang='lat' dir='ltr'><strong>servus</strong></span> <span class='ocrx_word' id='word_1_880' title='bbox 3517 5708 3588 5764; x_wconf 90' lang='lat' dir='ltr'><strong>ad</strong></span> <span class='ocrx_word' id='word_1_881' title='bbox 3627 5702 3890 5763; x_wconf 85' lang='lat' dir='ltr'><strong>ecclesiam</strong></span> <span class='ocrx_word' id='word_1_882' title='bbox 3978 5688 3992 5715; x_wconf 77' lang='lat'><strong><em>‘</em></strong></span> 
     </span>
    </p>
   </div>
   <div class='ocr_carea' id='block_1_119' title="bbox 2337 5792 3888 5874">
    <p class='ocr_par' dir='ltr' id='par_1_119' title="bbox 2337 5792 3888 5874">
     <span class='ocr_line' id='line_1_120' title="bbox 2337 5792 3888 5874; baseline -0.008 -15"><span class='ocrx_word' id='word_1_883' title='bbox 2337 5801 2642 5874; x_wconf 84' lang='lat' dir='ltr'><strong>confugerit</strong></span> <span class='ocrx_word' id='word_1_884' title='bbox 2666 5818 2765 5874; x_wconf 89' lang='lat' dir='ltr'><strong>pro</strong></span> <span class='ocrx_word' id='word_1_885' title='bbox 2789 5801 3034 5873; x_wconf 86' lang='lat' dir='ltr'><strong>qualibet</strong></span> <span class='ocrx_word' id='word_1_886' title='bbox 3078 5801 3268 5873; x_wconf 89' lang='lat' dir='ltr'><strong>culpa,</strong></span> <span class='ocrx_word' id='word_1_887' title='bbox 3306 5808 3531 5870; x_wconf 88' lang='lat' dir='ltr'><strong>accepto</strong></span> <span class='ocrx_word' id='word_1_888' title='bbox 3568 5792 3888 5854; x_wconf 72' lang='lat' dir='ltr'><strong>sacramento</strong></span> 
     </span>
    </p>
   </div>
   <div class='ocr_carea' id='block_1_120' title="bbox 2339 5890 3888 5966">
    <p class='ocr_par' dir='ltr' id='par_1_120' title="bbox 2339 5890 3888 5966">
     <span class='ocr_line' id='line_1_121' title="bbox 2339 5890 3888 5966; baseline -0.003 -14"><span class='ocrx_word' id='word_1_889' title='bbox 2339 5898 2404 5952; x_wconf 90' lang='lat' dir='ltr'><strong>de</strong></span> <span class='ocrx_word' id='word_1_890' title='bbox 2433 5895 2756 5966; x_wconf 90' lang='lat' dir='ltr'><strong>impunitate</strong></span> <span class='ocrx_word' id='word_1_891' title='bbox 2783 5895 2852 5951; x_wconf 89' lang='lat' dir='ltr'><strong>ad</strong></span> <span class='ocrx_word' id='word_1_892' title='bbox 2882 5895 3166 5951; x_wconf 86' lang='lat' dir='ltr'><strong>servitium</strong></span> <span class='ocrx_word' id='word_1_893' title='bbox 3194 5891 3399 5950; x_wconf 89' lang='lat' dir='ltr'><strong>domini</strong></span> <span class='ocrx_word' id='word_1_894' title='bbox 3424 5890 3509 5947; x_wconf 87' lang='lat' dir='ltr'><strong>sui</strong></span> <span class='ocrx_word' id='word_1_895' title='bbox 3539 5890 3711 5945; x_wconf 86' lang='lat' dir='ltr'><strong>redire</strong></span> <span class='ocrx_word' id='word_1_896' title='bbox 3739 5890 3888 5948; x_wconf 71' lang='grc' dir='ltr'><strong>ςοεει·</strong></span> 
     </span>
    </p>
   </div>
  </div>
