4026 6340
185 436 293 489 7H

1132 437 1220 492 DE
1261 438 1585 495 DlVORTlO
1624 436 1944 493 LOTIIARII
1988 436 2071 492 El"
2113 410 2525 494 remaneas.

3349 438 3456 492 ἨΞ

180 558 282 603 ωι-
305 563 321 602 :
348 547 441 619 qui
462 549 508 605 si
534 557 657 619 post
674 549 860 606 datum
888 561 1289 607 sacramentum
1314 553 1491 607 redire
1514 553 1768 617 noluerit,
1800 558 1844 614 Α
1877 551 2145 606 nolentem
2177 551 2439 605 Venantio
2485 550 2720 605 Lunensi
2752 551 3005 622 episcopo
3051 550 3241 607 scribit
3272 551 3455 608 dicens

179 639 343 694 exire
372 640 647 695 nolentem
679 656 709 695 a
740 642 958 697 domino
1002 641 1166 696 liceat
1206 644 1460 713 occupari
1487 661 1499 697 :
1530 659 1635 698 non
1678 644 1774 697 ob-

180 741 477 787 servantes
501 744 683 788 autem
712 747 775 788 ea
804 749 925 804 qua:
949 735 1313 804 promiserint,
1341 751 1370 790 a
1393 736 1775 790 communione

178 825 561 881 ecclesiastica
585 825 849 895 jubentur
881 826 1105 881 abscidi.
1141 846 1161 878 ι
1192 825 1298 881 Sed
1341 835 1398 882 et
1438 826 1491 880 in
1537 827 1774 882 secundo

180 917 430 987 capitulo
453 915 695 984 ejusdem
722 917 937 973 concilii
964 919 1224 987 scriptum
1251 927 1334 973 est
1363 921 1505 989 (can.
1528 918 1608 990 4),
1643 936 1661 970 ι
1701 917 1776 974 Ut

180 1007 234 1061 si
275 1008 345 1061 ad
381 1007 669 1062 ecclesiam
722 1017 909 1076 raptor
963 1022 1087 1063 cum
1142 1017 1298 1078 rapta
1345 1007 1677 1079 confugerit,
1718 1015 1776 1063 et

181 1094 452 1152 feminam
501 1098 674 1167 ipsam
725 1099 1037 1155 violentiam
1090 1099 1381 1169 pertulisse
1430 1098 1775 1165 constiterit,

178 1190 377 1244 statim
428 1188 689 1245 liberetur
736 1190 803 1246 de
846 1198 1116 1261 potestate
1148 1192 1417 1262 raptoris,
1470 1200 1526 1247 et
1566 1199 1772 1261 raptor,

180 1284 385 1339 mortis
410 1283 497 1337 vel
525 1298 806 1353 pinnarum
836 1285 1156 1355 impunitate
1186 1302 1468 1352 concessa,
1511 1296 1609 1341 aut
1655 1301 1773 1341 ser-

178 1379 371 1433 viendi
422 1363 717 1435 conditioni
765 1380 1039 1451 subjectus
1076 1382 1181 1447 sit,
1224 1391 1318 1436 aut
1364 1381 1664 1437 redimendi
1712 1393 1772 1435 se

177 1470 417 1525 liberam
464 1472 663 1525 habeat
714 1470 1047 1527 facultatem.
1101 1472 1158 1527 Si
1210 1488 1338 1528 vero
1386 1488 1508 1543 quae
1560 1471 1772 1542 rapitur

174 1574 398 1635 patrem
426 1568 626 1622 habere
651 1568 980 1631 constiterit,
1012 1574 1068 1621 et
1094 1566 1270 1636 puella
1308 1567 1512 1638 raptori
1534 1579 1770 1621 consen-

176 1658 353 1723 serit,
404 1658 655 1729 potestati
704 1658 879 1729 patris
924 1667 1184 1713 excusata
1226 1658 1501 1713 reddatur.
1552 1675 1570 1708 ι
1608 1656 1673 1710 Ει
1714 1654 1770 1710 in

175 1749 422 1805 concilio
445 1750 700 1806 Africano
724 1751 985 1819 scriptum
1009 1758 1091 1807 est
1113 1749 1252 1818 (can.
1278 1748 1370 1818 29)
1400 1766 1413 1801 :
1442 1767 1461 1799 ‹
1486 1746 1557 1803 Ut
1580 1748 1624 1803 si
1646 1744 1772 1815 quis

177 1843 478 1913 cujuslibet
499 1844 723 1899 honoris
743 1834 976 1900 clericus
995 1843 1202 1913 judicio
1229 1843 1607 1912 episcoporum
1636 1855 1773 1911 quo-

174 1950 402 2006 cunque
416 1935 644 1990 crimine
663 1934 827 1990 fuerit
851 1936 1161 1999 damnatus,
1185 1948 1290 1988 non
1309 1934 1462 1988 liceat
1487 1947 1630 1997 eum,
1656 1932 1773 1988 sive
1799 1911 1847 1970 Β

172 2026 250 2080 ab
280 2024 535 2080 ecclesiis
561 2026 758 2096 quibus
779 2024 994 2096 praefuit
1015 2066 1030 2090 ,
1059 2025 1173 2080 sive
1214 2039 1245 2078 a
1284 2022 1524 2094 quolibet
1550 2022 1771 2078 homine

171 2114 482 2182 defensari,
515 2114 831 2186 interposita
864 2130 1021 2185 poena
1069 2114 1274 2178 damni,
1317 2113 1579 2183 pecuniae,
1606 2122 1772 2182 atque

171 2208 428 2273 honoris,
463 2224 571 2279 quo
611 2225 709 2264 nec
746 2217 981 2276 aetatem,
1032 2224 1130 2264 nec
1181 2222 1370 2262 sexum
1399 2206 1769 2263 excusandum

166 2316 301 2357 esse
362 2300 539 2372 legum
598 2301 1030 2372 promulgatores
1093 2299 1427 2370 praecipiant.
1484 2320 1502 2352 ι
1556 2299 1770 2367 Quanto

166 2395 365 2451 minus
415 2395 688 2466 episcopi,
739 2394 1012 2465 aequitatis
1066 2393 1316 2450 videlicet
1361 2392 1767 2465 praedicatores,

164 2500 509 2557 quemquam
543 2487 642 2543 sub
692 2486 873 2558 specie
916 2485 1134 2555 pietatis
1177 2483 1371 2555 injuste
1410 2484 1639 2539 debeant
1681 2483 1771 2561 de-

164 2575 435 2631 fensare?
476 2578 774 2647 praesertim
830 2592 953 2631 cum
1002 2575 1244 2645 relegant
1294 2575 1558 2647 scriptum
1601 2589 1766 2640 esse,

169 2663 238 2722 Si
270 2674 420 2721 recte
448 2664 663 2729 offeras,
696 2674 842 2721 recte
876 2654 1053 2719 autem
1086 2680 1192 2719 non
1234 2663 1462 2730 dividas,
1494 2663 1764 2733 peccasti;

167 2766 230 2813 et
256 2776 269 2811 :
296 2757 451 2812 Juste
471 2758 611 2829 quod
636 2758 843 2829 justum
866 2767 939 2811 est
972 2757 1266 2828 exsequeris
1296 2755 1475 2827 (Deut.
1514 2771 1629 2819 xvr,
1650 2754 1765 2827 20).

170 2849 382 2905 Verum
422 2851 468 2905 si
494 2851 581 2904 cui
620 2849 873 2919 quiddam
924 2862 1121 2905 sonare
1170 2848 1383 2903 videtur
1428 2847 1767 2903 contrarium

166 2939 588 2995 Aurelianensis
644 2940 881 3012 synodus
941 2940 1175 2995 decretis
1235 2938 1543 3009 apostolica:
1599 2938 1765 3006 sedis,

166 3031 436 3099 quoniam
467 3031 581 3087 haec
623 3032 689 3086 de
718 3032 1060 3102 impunitate,
1101 3030 1188 3085 illa
1236 3031 1303 3085 de
1347 3031 1602 3102 aequitate
1651 3044 1767 3087 ser-

168 3122 349 3175 Vanda
403 3122 642 3203 postulat
706 3131 1079 3188 sacramenta,
1139 3123 1420 3178 sciendum
1472 3130 1581 3187 est,
1634 3124 1765 3196 quia

1882 642 1990 713 (lib.
2024 658 2127 706 v11,
2160 642 2341 695 indict.
2376 642 2461 706 ll,
2485 643 2634 710 epist.
2675 642 2764 712 28)
2794 660 2807 697 :
2837 660 2855 693 i
2895 641 3156 710 Quoniam
3188 643 3457 712 aequitatis

1878 748 2102 787 censura
2128 732 2406 796 admouet,
2435 741 2492 786 ut
2522 732 2815 787 maximum
2856 733 3158 800 conversis,
3189 733 3333 789 salva
3363 749 3455 789 ra-

1880 826 2056 890 tione,
2088 824 2392 894 episcopale
2422 824 2613 879 debeat
2635 824 2821 879 adesse
2849 825 3121 889 solatium,
3146 826 3347 883 idcirco
3371 828 3457 884 his

1877 915 2272 971 fraternitatem
2299 925 2535 969 vestram
2562 916 2801 984 epistolis
2830 917 3207 984 adhortamur,
3234 926 3289 972 ut
3320 934 3457 989 pra:-

1878 1010 2073 1063 dictam
2096 1016 2321 1061 matrem
2338 1006 2504 1077 ipsius
2519 1006 2809 1061 Adeodatm
2833 1007 2897 1060 ad
2924 1023 2981 1061 se
3029 1006 3194 1061 faciat
3218 1009 3451 1074 evocari,

1877 1107 1930 1153 et
1946 1097 2229 1167 tranquilla
2252 1097 2300 1151 ei
2328 1097 2700 1151 adhortatione
2724 1096 2963 1162 suadeat,
2986 1105 3045 1151 ut
3065 1088 3243 1153 facere
3267 1108 3459 1169 sponte

1877 1206 1982 1245 non
2012 1191 2223 1245 desinat
2251 1189 2317 1243 ad
2345 1188 2486 1258 quod
2527 1188 2681 1256 legali
2714 1195 2891 1258 potest
2933 1187 3144 1244 ratione
3186 1189 3455 1260 compelli,

1877 1290 2143 1354 quatenus
2192 1295 2291 1334 nec
2332 1279 2421 1333 illa
2464 1277 2658 1350 allligi,
2686 1293 2785 1334 nec
2823 1279 2939 1333 haec
2976 1279 3222 1333 videatur
3263 1280 3459 1351 przejuo

1878 1373 2076 1429 (llClUlll
2094 1373 2391 1427 sustinere.
2422 1370 2552 1438 Qua:
2576 1370 2643 1437 si,
2674 1382 2730 1425 ut
2757 1384 2862 1424 non
2887 1369 3178 1437 credimus,
3211 1370 3456 1426 admoui-

1878 1466 2074 1520 tiouem
2100 1472 2337 1517 vestram
2359 1459 2574 1517 differre
2596 1460 2847 1526 voluerit,
2875 1462 3146 1531 prtedictm
3168 1461 3460 1517 Adeodatzn

1876 1554 2144 1626 religiosa:
2190 1561 2379 1607 contra
2425 1568 2544 1607 eam
2596 1553 2876 1609 tuitionem
2930 1552 3246 1623 impendite,
3296 1565 3459 1624 atque

1874 1646 2071 1702 vestris
2111 1660 2231 1701 eam
2282 1644 2488 1700 solatiis
2527 1644 2666 1712 apud
2690 1644 2961 1715 judicent,
3004 1644 3086 1699 vel
3122 1660 3460 1715 .quocunque

1874 1755 2003 1797 usus
2035 1738 2306 1808 exegerit,
2356 1735 2646 1790 instantius
2693 1736 2973 1806 adjuvate,
3002 1743 3056 1792 et
3084 1736 3156 1790 ita
3202 1734 3258 1789 in
3301 1750 3460 1791 exse-

1875 1831 2087 1903 quenda
2132 1831 2235 1884 hac
2265 1844 2360 1883 vos
2386 1843 2547 1883 causa
2586 1826 2900 1897 impendite,
2940 1835 2998 1881 ut
3044 1826 3199 1898 legali
3246 1825 3459 1881 ratione

1876 1924 2190 1985 constricta,
2222 1923 2388 1978 invita
2434 1930 2688 1993 urgeatur
2714 1919 2893 1976 facere
2919 1920 3061 1991 quod
3090 1928 3281 1991 sponte
3312 1925 3459 1990 post-

1874 2016 2047 2088 ponit.
2081 2015 2430 2071 blemoratain
2472 2028 2602 2069 vero
2648 2012 2895 2068 latricem
2934 2010 3248 2067 fraternitas
3278 2021 3460 2067 vestra

1874 2110 1949 2165 ita
1977 2117 2191 2165 servata
2214 2107 2468 2179 aequitate
2493 2105 2722 2170 habeat,
2750 2104 2802 2159 in
2827 2104 3078 2159 omnibus
3112 2100 3462 2159 commenda-

1874 2211 2001 2266 tam,
2054 2210 2114 2256 ut
2162 2201 2315 2255 vobis
2356 2200 2404 2254 ei
2452 2199 2734 2254 tuitionem
2778 2194 3251 2266 impendentibus,
3294 2194 3346 2248 in
3393 2207 3459 2249 eo

1873 2307 2035 2362 quem
2057 2292 2351 2362 assumpsit
2379 2290 2568 2346 habitu
2598 2289 2715 2344 sine
2745 2287 2949 2358 aliqua,
2979 2287 3090 2341 Deo
3115 2294 3457 2357 protegente,

1873 2385 2228 2440 concussione
2273 2391 2607 2454 permaneat.
2643 2400 2664 2434 ι
2692 2380 2767 2435 Et'
2802 2378 2871 2434 ad
2899 2377 3216 2434 Januariuin
3247 2377 3459 2447 episco-

1872 2493 1999 2547 pqu
2045 2476 2312 2533 Sardinia:
2346 2494 2358 2529 :
2396 2494 2415 2527 ι
2465 2474 2548 2528 Ad
2587 2474 2691 2528 hoc
2719 2471 3077 2541 Redemptum
3120 2468 3459 2526 defensorem

1872 2577 2119 2624 nostrum
2149 2565 2492 2637 praesentium
2519 2564 2840 2635 portitorem
2883 2562 3011 2617 illuc
3040 2561 3370 2625 direximus,
3400 2569 3460 2617 ut

1872 2670 1925 2714 et
1954 2667 2137 2729 partes
2160 2659 2212 2713 in
2238 2658 2445 2729 judicio
2475 2658 2767 2712 observare
2792 2655 3111 2726 compellat,
3141 2663 3197 2708 et
3226 2669 3457 2709 exsecu-

1873 2748 2036 2805 tionis
2063 2764 2176 2804 suae
2200 2748 2456 2803 instantia
2481 2749 2546 2802 ad
2576 2746 2823 2802 effectum
2849 2762 2968 2818 quae
2994 2744 3197 2801 fuerint
3215 2743 3460 2813 judicata

1869 2839 2150 2911 perducat.
2193 2860 2212 2893 ι
2240 2839 2307 2895 Ει
2331 2838 2481 2909 plura
2515 2854 2634 2910 quae
2670 2838 3015 2909 reperiuntur
3046 2837 3373 2908 hujusmodi,
3404 2848 3461 2894 et

1869 2933 2090 3004 longum
2128 2938 2214 2988 est
2252 2946 2283 2985 a
2321 2931 2475 2986 nobis
2517 2929 2847 2985 enumerari.
2894 2928 3095 2984 Contra
3145 2929 3260 2984 hazc
3311 2929 3459 2985 enim

1868 3032 2073 3096 petere,
2115 3038 2222 3078 non
2267 3021 2541 3087 Ecclesiae,
2592 3034 2765 3090 neque
2808 3017 3165 3074 ecclesiastici
3201 3018 3303 3073 viri
3334 3032 3459 3075 esse

1864 3116 2004 3188 juris
2028 3116 2394 3189 cognoscitur,
2426 3130 2495 3170 ne
2543 3114 2682 3172 forte
2730 3112 2967 3169 indebita
3002 3112 3178 3184 pietas
3206 3112 3458 3183 impietas

169 3214 369 3267 beatus
397 3200 692 3285 Gregorius
718 3216 783 3269 de
828 3214 913 3270 his
947 3214 1193 3285 personis
1236 3214 1384 3277 dicit,
1415 3229 1536 3284 quae
1573 3229 1631 3270 se
1670 3216 1762 3287 ju-
1803 3283 1834 3287 Δ
1863 3206 2153 3278 judicelur,
2210 3206 2351 3262 sicut
2395 3214 2617 3259 sanctus
2658 3201 2982 3259 Ctelestinus
3029 3202 3096 3258 ad
3147 3200 3457 3287 Nestorium

170 3305 401 3360 stificari
429 3306 481 3360 in
504 3283 710 3377 judicio
751 3283 996 3370 credunt,
1042 3307 1136 3362 sed
1166 3283 1476 3362 violentiam
1504 3314 1629 3362 ante
1669 3283 1765 3376 ju-
1791 3283 1836 3347 C
1868 3300 2098 3358 scribit:
2130 3319 2147 3351 ι
2186 3298 2282 3354 Est
2314 3299 2479 3362 enim,
2526 3296 2809 3368 inquiens,
2842 3296 2966 3351 talis
3009 3286 3330 3367 frequenter
3345 3295 3457 3366 pie-

171 3396 375 3452 dicium
428 3399 621 3452 timent
659 3411 676 3451 :
726 3398 974 3470 Synodus
1010 3408 1192 3454 autem
1242 3398 1652 3455 Aurelianensis
1695 3401 1762 3459 de

168 3487 281 3543 illis
327 3489 478 3555 dicit,
526 3490 617 3560 qui
666 3505 817 3545 suam
871 3490 1190 3561 injustitiam
1240 3506 1347 3546 non
1393 3490 1759 3558 abscondunt,

171 3579 400 3651 insuper
420 3588 476 3636 et
501 3580 811 3637 violentiam
842 3597 966 3638 cum
994 3583 1249 3652 :equitate
1287 3581 1477 3651 judicii
1505 3584 1761 3653 pertime-

170 3682 330 3729 scunt
357 3690 373 3728 :
409 3689 514 3730 non
546 3684 726 3729 autem
753 3674 819 3729 de
845 3674 961 3746 lege
989 3674 1266 3738 connubii,
1302 3689 1464 3744 quam
1509 3673 1761 3744 speciali-

172 3774 278 3833 ter,
302 3767 389 3823 vel
412 3776 470 3822 ut
491 3768 736 3822 dicamus
758 3767 1102 3838 singulariter
1134 3768 1390 3821 Dominus
1419 3767 1474 3821 in
1507 3767 1759 3837 paradiso

170 3859 365 3927 primis
412 3859 727 3928 parentibus
780 3858 928 3913 dedit
982 3876 995 3913 :
1047 3867 1101 3913 et
1151 3859 1203 3912 in
1258 3856 1549 3925 Evangelio
1595 3857 1758 3913 etiam

171 3949 435 4018 apostolis
466 3947 936 4020 conquirentibus,
974 3950 1117 4019 quod
1147 3950 1192 4004 si
1234 3949 1306 4003 ita
1337 3949 1422 4003 lex
1466 3957 1612 4005 esset
1657 3949 1759 4004 viri

171 4056 295 4095 eum
326 4055 515 4101 uxore.
560 4057 669 4097 non
717 4042 996 4112 expediret
1045 4042 1268 4107 nubere,
1330 4056 1439 4096 non
1493 4041 1755 4107 mutavit;

172 4146 272 4186 nec
295 4131 498 4187 Paulus
522 4133 589 4187 ad
617 4134 836 4188 tertium
858 4133 1056 4189 caelum
1087 4141 1140 4187 et
1162 4134 1215 4187 in
1236 4133 1549 4204 paradisum
1573 4141 1758 4202 raptus

170 4223 414 4278 scribere
440 4224 698 4294 quiddam
729 4223 849 4279 novi
887 4224 1263 4295 praesumpsit,
1310 4232 1403 4278 aut
1448 4222 1661 4292 aliquid
1692 4223 1759 4278 de

172 4314 479 4385 hujusmodi
501 4315 812 4371 defensione
835 4315 1017 4371 dicere
1035 4316 1342 4371 attentavit.
1369 4314 1474 4371 Sed
1496 4324 1553 4371 et
1572 4314 1776 4371 obser-.

170 4405 408 4459 randum
439 4415 656 4461 constat
686 4405 1010 4477 legentibus,
1037 4415 1096 4461 ut
1124 4407 1552 4477 quotiescunque
1573 4404 1758 4461 conci-

169 4494 299 4549 lium
326 4493 571 4565 aliquod,
594 4510 691 4566 pro
717 4496 973 4565 temporis
1004 4496 1281 4566 qualitate,
1306 4496 1389 4551 vel
1415 4496 1638 4565 periculi
1664 4511 1757 4551 ne-

164 4587 449 4651 cessitate,
482 4586 735 4657 quiddam
773 4588 1124 4653 consulendo,
1155 4587 1463 4657 apostolica:
1499 4589 1649 4667 sedi,
1670 4588 1753 4643 vel

162 4681 336 4754 679
369 4680 640 4736 veteribus
672 4680 873 4752 regulis
917 4681 1221 4747 diversum,
1251 4683 1344 4736 sed
1381 4696 1486 4736 non
1516 4681 1641 4737 fidei
1672 4681 1756 4737 vel

168 4774 419 4845 religioni
468 4774 753 4829 adversum
807 4773 1112 4835 decrevisse
1166 4771 1403 4844 legitur,
1457 4774 1754 4829 secundum

163 4869 310 4939 quod
342 4868 395 4921 in
442 4866 656 4922 Nicaeno
698 4865 929 4923 concilio
978 4866 1216 4937 capitulo
1245 4877 1401 4923 sexto
1438 4867 1653 4939 legitur,
1680 4869 1755 4925 De

163 4972 232 5011 eo
261 4956 407 5026 quod
433 4956 706 5012 communi
739 4964 1059 5012 cunctorum
1087 4957 1308 5012 decreto
1342 4957 1671 5023 rationabili,
1702 4965 1758 5013 et

160 5050 464 5108 secundum
499 5050 736 5121 regulam
782 5050 1205 5106 ecclesiasticam
1245 5050 1617 5120 comprobato,
1649 5050 1756 5105 duo

162 5153 260 5198 aut
304 5152 422 5199 tres
451 5144 860 5209 contradicunt,
892 5152 1161 5214 quatenus
1206 5142 1448 5199 obtineat
1488 5143 1754 5197 sententia

162 5233 547 5303 plurimorum.
577 5235 676 5299 ita,
720 5234 861 5290 sicut
889 5234 1079 5289 scribit
1108 5232 1355 5290 Gelasius
1387 5234 1568 5304 (epist.
1596 5232 1661 5298 6,
1700 5232 1756 5302 6,

162 5325 254 5396 2),
310 5325 505 5393 priscis
556 5340 654 5396 pro
712 5340 810 5380 sua
870 5325 1173 5381 reverentia
1228 5325 1567 5381 manentibus
1623 5340 1753 5381 con-

160 5416 410 5481 stitutis,
461 5433 580 5487 qua:
624 5417 716 5473 ubi
771 5416 912 5472 nulla
955 5416 1039 5472 vel
1091 5433 1272 5472 rerum
1325 5416 1409 5472 vel
1454 5423 1752 5487 temporum

163 5518 426 5579 perurget
470 5509 718 5580 angustia
751 5509 1071 5581 regulariter
1098 5509 1351 5565 convenit
1374 5509 1662 5575 custodiri,
1701 5508 1752 5564 id

161 5603 349 5672 potius
379 5594 712 5672 sequendum
747 5618 870 5659 esse
906 5601 1244 5674 dignoscitur
1270 5601 1412 5672 quod
1456 5600 1749 5671 apostolica

162 5693 327 5749 sedes
355 5693 801 5765 irrefragabiliter
830 5694 1002 5749 teneri
1052 5693 1323 5759 decrevit,
1357 5692 1441 5747 vel
1476 5692 1628 5762 plura
1658 5707 1752 5748 seu

162 5783 392 5852 majoris
417 5785 754 5841 auctoritatis
777 5781 1005 5840 concilia
1037 5792 1362 5838 statuerunt.

215 5875 365 5931 Idem
380 5892 595 5949 quoque
605 5878 791 5935 beatus
802 5877 1092 5949 Gregorius
1105 5879 1399 5949 urgendum
1418 5877 1482 5932 ad
1493 5877 1758 5948 justitiam

1869 3404 1983 3462 tas,
2017 3410 2083 3451 ex
2112 3408 2220 3466 qua
2262 3399 2520 3447 nascatur
2572 3390 2840 3461 impietas.
2873 3407 2891 3441 ι
2925 3389 2992 3444 Ει
3035 3388 3093 3444 S.
3123 3388 3457 3461 Augustinus

1868 3488 1919 3542 in
1964 3486 2102 3543 libro
2147 3493 2341 3556 quarto
2384 3490 2573 3540 contra
2619 3479 2892 3538 Juliauum
2931 3478 3072 3550 (can.
3103 3480 3204 3553 3):
3242 3499 3260 3532 ι
3293 3479 3457 3536 Forte

1865 3578 2107 3634 dicturus
2149 3592 2227 3643 es,
2279 3576 2472 3647 inquit,
2518 3573 2831 3630 misericors
2876 3574 3125 3630 voluntas
3164 3574 3302 3629 bona
3346 3580 3451 3628 est.

1866 3670 2187 3726 Recteistud
2208 3670 2500 3733 diceretur,
2526 3667 2571 3723 si
2592 3666 3047 3738 quemadmodum
3069 3665 3203 3722 ﬁdes
3225 3663 3453 3733 Christi,

1864 3763 1918 3818 id
1944 3770 2028 3817 est
2080 3763 2212 3817 ﬁdes
2247 3776 2367 3831 quae
2408 3775 2505 3830 per
2547 3758 2890 3814 dilectionem
2930 3767 3208 3833 operatur,
3238 3772 3455 3829 semper

1864 3863 1947 3910 est
1988 3854 2150 3919 bona,
2196 3855 2271 3909 ita
2320 3851 2694 3908 misericordia
2739 3866 2955 3922 semper
3000 3859 3145 3906 esset
3187 3851 3350 3906 bona.
3395 3850 3454 3906 Si

1862 3957 2044 4001 autem
2075 3945 2345 4016 reperitur
2371 3954 2425 4000 et
2454 3941 2826 3999 misericordia
2876 3940 3018 3997 mala
3038 3982 3053 4007 ,
3082 3958 3189 4010 qua
3215 3957 3450 4013 persona

1862 4038 2113 4108 pauperis
2133 4036 2396 4105 accipitur
2421 4035 2475 4089 in
2491 4033 2719 4103 judicio,
2741 4044 2965 4107 propter
2986 4048 3149 4103 quam
3176 4042 3453 4103 postremo

1862 4146 1959 4185 rex
1986 4128 2118 4185 Saul
2148 4128 2349 4183 meruit
2381 4142 2410 4182 a
2440 4127 2672 4183 Domino
2697 4125 2884 4197 utique
2920 4125 3275 4181 misericorde
3298 4123 3452 4179 dam-

1862 4224 2003 4288 nari,
2046 4222 2171 4292 quia
2219 4230 2405 4276 contra
2455 4220 2571 4290 ejus
2599 4227 2928 4292 prmeeptum
2969 4218 3186 4288 captivo
3214 4217 3324 4288 regi
3355 4232 3452 4286 per

1862 4315 2157 4371 humanum
2205 4314 2449 4385 pepercit
2494 4312 2745 4369 alfectum
2787 4311 2839 4384 (Ι
2866 4310 2993 4384 Reg.
3028 4310 3156 4386 xv),
3189 4310 3452 4367 attentius

1859 4407 2061 4477 cogita,
2094 4420 2161 4461 ne
2186 4404 2325 4461 forte
2360 4404 2735 4460 misericordia
2765 4404 2907 4460 bona
2936 4419 3045 4460 non
3077 4404 3168 4471 sit,
3197 4403 3301 4459 nisi
3329 4419 3450 4474 quae

1863 4498 2022 4567 hujus
2047 4498 2201 4555 bonae
2228 4498 2354 4553 fidei
2397 4496 2581 4553 fuerit.
2612 4496 2726 4552 lino
2768 4498 3068 4569 responde,
3101 4507 3162 4553 ut
3191 4498 3294 4554 hoc
3331 4498 3450 4554 sine

1863 4590 2197 4646 dubitatione
2224 4588 2542 4660 perspicias,
2571 4596 2752 4644 utrum
2793 4588 2991 4645 bonam
3020 4590 3449 4646 misericordiam

1860 4683 2139 4740 existimes
2171 4681 2339 4754 680
2369 4681 2660 4738 infidelem.
2690 4681 2859 4739 Porro
2888 4683 2935 4739 si
2963 4683 3155 4738 vitium
3200 4694 3284 4738 est
3312 4682 3449 4740 male

1860 4778 2142 4843 misereri,
2194 4776 2381 4847 procul
2424 4777 2588 4833 dubio
2630 4778 2821 4834 vitium
2862 4786 2947 4834 est
2974 4776 3265 4833 infideliter
3292 4778 3450 4833 mise-

1858 4869 1986 4925 reri.
2020 4888 2038 4921 ι
2072 4868 2243 4924 Nemo
2272 4868 2469 4938 quippe
2509 4870 2588 4923 sic
2630 4870 2975 4936 misericors,
3016 4878 3231 4949 quanto
3278 4870 3448 4939 magis

1858 4962 1968 5017 Deo
1997 4961 2397 5017 misericordior
2433 4961 2632 5032 poterit
2672 4962 2934 5027 inveniri,
2962 4977 3122 5033 quem
3162 4961 3446 5017 Psalmista

1863 5053 2292 5109 misericordiam
2341 5052 2513 5108 voluit
2556 5053 2828 5124 appellare
2868 5053 3054 5110 dicens
3084 5071 3098 5108 :
3128 5053 3267 5107 Deus
3304 5070 3447 5109 meus

1862 5142 2224 5199 misericordia
2270 5159 2388 5197 mea
2419 5142 2593 5215 (Psal.
2625 5160 2780 5211 Lvtu,
2808 5144 2919 5215 l8),
2964 5146 3056 5215 qui
3100 5144 3265 5215 justis
3300 5146 3447 5215 judi-

1864 5233 2018 5290 cibus
2065 5234 2131 5290 de
2170 5234 2398 5289 muliere
2445 5234 2499 5289 in
2549 5235 2813 5292 adulterio
2853 5236 3191 5308 deprehensa
3237 5237 3446 5307 sibique

1862 5324 2076 5390 oblata,
2105 5325 2310 5394 justum
2347 5324 2609 5394 judicium
2642 5326 2815 5381 noluit
2860 5327 3049 5384 tollere
3080 5329 3261 5401 (Joan.
3302 5332 3441 5400 viii).

1861 5415 2019 5473 Unde
2051 5427 2269 5474 sanctus
2300 5418 2658 5490 Hieronymus
2684 5434 2898 5475 versum
2930 5420 3123 5497 psalmi
3167 5414 3445 5492 exponens

1861 5509 1992 5565 dicit
2020 5528 2032 5565 :
2061 5509 2286 5583 Propter
2306 5511 2593 5576 veritatem,
2628 5520 2675 5564 et
2704 5512 3178 5578 mansuetudinem,
3210 5522 3257 5568 et
3276 5512 3441 5586 justi-

1859 5600 1987 5655 tiam
2018 5598 2189 5673 (Psal.
2217 5617 2364 5665 xuv,
2392 5598 2467 5667 5).
2497 5601 2710 5655 Veritas
2736 5602 2849 5672 ipse
2875 5612 2959 5657 est
3000 5603 3268 5672 Christus,
3300 5605 3443 5659 unde

1857 5692 1925 5749 de
1971 5692 2057 5747 illa
2090 5693 2314 5747 muliere
2360 5693 2494 5746 dixit
2542 5693 2608 5746 ad
2652 5692 2865 5749 Judaaos
2894 5713 2908 5750 :
2941 5693 3044 5762 Qui
3087 5696 3199 5749 sine
3224 5704 3438 5764 peccato

1858 5793 1933 5840 est
1982 5794 2244 5848 vestrum,
2288 5783 2433 5852 prior
2474 5784 2529 5836 in
2580 5799 2694 5837 eam
2746 5783 2970 5853 lapidem
3022 5785 3194 5839 mittat
3244 5784 3437 5860 (Joan.

1863 5891 1981 5942 viii,
2016 5874 2090 5945 7).
2119 5874 2487 5941 Mansuetudo,
2518 5874 2733 5944 quando
2764 5875 2898 5930 dixit
2925 5894 2936 5929 :
2973 5875 3083 5929 Nec
3112 5893 3204 5947 ego
3231 5885 3279 5931 te
3306 5892 3435 5930 con-
