4026 6340
662 298 770 364 713

1629 299 1962 382 IIINCMARI
1995 295 2393 357 RHEMENSIS
2424 295 2944 357 ARCHIEPISCOPI
3726 310 3799 372 ω

658 425 913 481 demnabo
937 424 1380 499 (Joan.vm,ll).
1405 425 1638 489 Justitia,
1664 424 1881 493 quando
1904 419 2245 514 dixit:Vade,
2278 421 2329 480 Α
2359 421 2630 492 episcopi,
2698 434 2752 478 et
2780 429 2900 479 non
2959 422 3410 494 deprchendemur
3449 430 3800 500 reprehendendi,

657 516 864 583 mulier,
895 525 943 570 et
969 515 1193 584 amplius
1225 515 1332 569 noli
1359 532 1573 584 peccare
1605 514 1803 586 (ibid.).

726 606 859 660 Nam
895 606 1035 675 quod
1074 605 1126 658 in
1156 615 1299 660 tomo
1327 620 1486 674 supra
1515 614 1812 659 memorato
1840 604 2131 674 relegimus
2165 601 2234 656 de

659 696 886 768 praefata
934 695 1159 749 muliere
1202 696 1430 750 Bosonis
1474 696 1577 749 hoc
1617 697 1776 750 modo
1820 695 2187 764 conscriptum
2221 711 2233 746 :

664 806 683 839 ς
716 786 969 842 Maritum
1013 801 1146 842 vero
1185 786 1327 841 illius
1366 801 1488 841 cum
1529 797 1690 855 pacto
1735 786 2078 849 securitatis,
2111 785 2237 838 dum

659 878 907 942 advenit,
959 876 1046 932 vel
1093 878 1415 932 immoratur
1458 877 1773 942 nobiscum,
1824 876 1937 930 sive
1986 875 2238 939 recedit,

672 969 1016 1025 evocavimus
1040 1008 1055 1036 ,
1091 977 1154 1023 ut
1185 970 1304 1036 ejus
1337 965 1615 1038 conjugem
1655 968 1709 1022 in
1747 967 1916 1036 ipsius
1952 966 2240 1036 praesentia

660 1060 1069 1125 examinemus,
1099 1059 1521 1113 inexaminatam
1553 1072 1682 1112 vero
1711 1059 1872 1113 morti
1911 1059 2126 1112 tradere
2172 1055 2242 1110 ad

666 1168 766 1209 nos
814 1151 1241 1222 confugientem,
1297 1161 1358 1206 ut
1408 1150 1650 1219 iniquum
1707 1156 1763 1205 et
1815 1148 2033 1204 crudele
2093 1147 2242 1203 devi-

666 1254 882 1300 tamus:
914 1243 1040 1314 quia
1071 1257 1193 1299 cum
1221 1242 1398 1298 nullus
1423 1241 1672 1311 specialis
1697 1248 1980 1296 accusator
1996 1240 2238 1306 accedat,

667 1335 782 1408 ipsa
827 1344 1009 1391 tamen
1058 1334 1333 1390 admonita
1379 1334 1585 1404 pariter
1627 1341 1683 1388 et
1728 1333 2060 1402 interrogata
2107 1330 2243 1386 nihil

668 1429 813 1482 aliud
839 1427 1144 1493 conﬁtetur,
1175 1440 1336 1497 quam
1369 1425 1511 1481 ouod
1538 1425 1706 1480 solius
1751 1424 2013 1480 Hucberti
2054 1436 2240 1493 perse-

663 1521 934 1576 cutionem
976 1519 1112 1574 mori
1136 1518 1334 1573 timens
1363 1517 1628 1582 declinet,
1659 1535 1678 1570 ›
1708 1516 2000 1586 prudenter
2033 1514 2244 1569 debent

659 1612 903 1680 legentes
953 1611 1269 1674 advertere,
1304 1617 1485 1664 utrum
1521 1608 1868 1674 auctoritati,
1905 1607 1989 1661 vel
2041 1605 2242 1660 rationi

653 1702 833 1758 valeat
886 1701 1196 1757 convenire.
1248 1700 1562 1756 Auctoritas
1613 1701 1815 1770 quippe
1865 1697 1933 1753 de
1987 1697 2244 1768 aequitate

2347 512 2499 580 Quod
2546 515 2778 585 denique
2829 517 3025 572 ibidem
3077 519 3342 586 scribitur,
3387 523 3501 590 quia
3539 538 3640 578 cum
3679 528 3804 584 nullus

2343 604 2592 673 specialis
2634 615 2917 662 accusator
2960 609 3208 670 accedat,
3251 609 3361 679 ipsa
3406 621 3566 668 tamen
3601 615 3804 673 admonita

2343 692 2548 761 pariter
2585 700 2639 747 et
2678 694 3037 764 interrogata,
3083 695 3216 749 nihil
3255 696 3390 750 aliud
3429 699 3672 754 conﬁtetur
3691 718 3806 770 quam

2342 784 2488 853 quod
2517 783 2682 839 solius
2707 785 2962 841 Hocberti
2985 788 3408 855 persecutionem
3431 791 3553 844 mori
3573 793 3727 848 timens
3743 797 3807 850 de-

2343 873 2510 928 clinet
2537 892 2548 927 :
2583 875 2711 943 quid
2741 875 2886 930 aliud
2913 884 3114 942 restat,
3151 879 3400 947 quoniam
3433 895 3462 933 a
3499 881 3679 936 nemine
3699 898 3809 938 aecu-

2344 973 2514 1033 satur,
2559 967 2605 1021 si
2647 967 2886 1038 episcopi
2917 969 3210 1026 secundum
3241 969 3373 1027 tales
3395 986 3630 1038 canones,
3655 973 3692 1028 si
3714 974 3811 1032 forte

2345 1056 2614 1113 habentur
2647 1073 2785 1128 quos
2818 1047 3057 1116 nondum
3101 1061 3358 1134 legimus,
3405 1072 3456 1118 et
3498 1064 3736 1121 Christiani
3767 1085 3810 1125 ac

2344 1148 2552 1204 nobiles
2599 1149 2722 1204 laici
2761 1150 2916 1221 juxta
2956 1152 3133 1223 leges,
3177 1169 3309 1224 quas
3347 1169 3648 1226 nequaquam
3680 1158 3810 1214 didici-

2343 1253 2465 1294 mus
2484 1280 2499 1303 ,
2529 1237 2690 1295 aliter
2718 1256 2828 1296 non
2857 1241 3196 1310 invenerint,
3227 1244 3330 1299 nisi
3371 1254 3425 1298 ut
3460 1245 3630 1300 marito
3660 1261 3755 1308 suo,
3776 1258 3813 1302 et

2343 1329 2390 1383 si
2421 1327 2559 1384 forte
2586 1332 2884 1386 necessitas
2909 1340 2965 1386 et
2995 1333 3136 1389 ratio
3163 1348 3264 1404 pro
3289 1334 3461 1404 aliquo
3483 1336 3529 1389 ei
3553 1335 3724 1406 objecta
3744 1338 3812 1390 cri-

2342 1420 2490 1476 mine
2515 1421 2794 1490 postulat,
2827 1437 2954 1478 cum
2981 1422 3239 1479 ﬁrmitate
3267 1424 3330 1479 de
3357 1425 3588 1496 aequitate
3611 1426 3811 1491 reddatur,

2343 1520 2399 1566 et
2422 1527 2452 1566 a
2481 1513 2676 1568 marito
2700 1528 2798 1570 suo
2817 1554 2832 1580 ,
2864 1529 2934 1569 ne
2959 1515 3027 1569 ab
3055 1515 3329 1570 Hucberto
3353 1516 3626 1581 occidatur,
3647 1516 3812 1570 maritali

2345 1603 2655 1660 defensione
2676 1645 2691 1672 ,
2720 1613 2781 1660 ut
2800 1604 3007 1673 justum
3045 1615 3130 1661 est
3152 1645 3167 1671 ,
3211 1614 3440 1672 tueatur,
3477 1616 3528 1661 et
3563 1607 3631 1663 sic
3662 1607 3812 1662 demum

2345 1695 2576 1751 maritus
2616 1696 2913 1752 secundum
2958 1695 3387 1752 Christianorum
3412 1705 3466 1753 et
3487 1696 3813 1752 ecclesiasticam

654 1803 816 1865 atque
836 1793 1045 1864 justitia
1076 1793 1452 1850 conservanda
1481 1792 1921 1864 confugientibus
1958 1792 2027 1846 ad
2065 1791 2241 1847 eccle-
2267 1771 2317 1832 Β
2343 1786 2550 1858 legem,
2579 1794 2640 1840 ut
2667 1787 2752 1841 vir
2776 1787 2843 1842 de
2870 1800 3041 1842 uxore
3067 1787 3262 1854 debet,
3295 1785 3522 1858 legitima
3547 1797 3681 1858 atque
3711 1786 3813 1858 legali

655 1885 790 1941 siam
831 1884 1070 1956 postulat
1097 1883 1411 1939 ﬁrmitatem
1431 1924 1446 1950 ,
1474 1892 1531 1939 et
1556 1899 1663 1940 non
1691 1886 1810 1939 viro
1837 1883 1901 1939 de
1939 1897 2111 1938 uxore
2140 1896 2238 1938 sua

654 1975 902 2046 legaliter
925 1975 1278 2046 desponsata,
1310 1974 1552 2047 legitime
1594 1975 1814 2042 dotata,
1861 1974 2092 2045 publicis
2137 1989 2239 2028 nu-

652 2069 782 2142 ptiis
829 2069 1146 2136 honestata,
1198 2069 1241 2123 si
1295 2069 1604 2139 suspicione
1655 2075 1845 2123 contra
1895 2080 2016 2122 eam
2058 2073 2238 2120 motus

653 2160 852 2226 fuerit,
896 2160 1192 2231 legitimam
1232 2159 1413 2215 aufert
1439 2160 1663 2230 penitus
1691 2167 2040 2228 potestatem.
2075 2156 2234 2224 Quod

652 2261 832 2308 autem
860 2251 916 2307 in
947 2250 1230 2322 Heptatico
1261 2251 1328 2305 de
1357 2250 1620 2321 zelotypia
1647 2250 1905 2306 scribitur
1930 2247 2122 2320 (Nam.
2151 2248 2232 2319 v),

651 2351 712 2398 ut
739 2343 825 2398 vir
855 2357 1080 2398 uxorem
1107 2357 1259 2398 suam
1291 2342 1488 2412 Spiritu
1514 2341 1798 2413 zelotypia:
1831 2341 2139 2397 concitatus
2166 2339 2236 2394 ad

654 2435 968 2490 sacerdotes
1014 2435 1176 2492 ducat
1223 2435 1643 2489 examinandam
1669 2475 1686 2501 ,
1735 2433 1861 2490 ideo
1905 2441 2235 2505 praeceptu-

650 2533 768 2591 est,
817 2525 945 2596 quia
989 2525 1290 2580 sacerdotis
1339 2523 1572 2580 ofﬁcium
1623 2533 1737 2592 est,
1793 2533 1854 2580 ut
1899 2525 2234 2581 exorcismos

650 2614 807 2684 aquis
836 2614 1096 2670 eluendos
1117 2655 1133 2680 ,
1160 2629 1296 2684 quas
1328 2614 1521 2668 mulier
1562 2615 1721 2670 debet
1757 2614 1977 2680 bibere,
2008 2630 2106 2686 pro
2135 2615 2236 2668 mi-

653 2705 878 2761 nisterio
898 2705 1002 2760 sibi
1030 2705 1282 2776 imposito
1308 2705 1511 2761 scribat
1539 2723 1551 2759 :
1582 2707 1725 2762 unde
1747 2715 1804 2761 et
1831 2706 1970 2762 sacri
1995 2720 2234 2762 canones

653 2797 1011 2852 decreverunt
1036 2795 1194 2866 (con.
1243 2797 1434 2867 Agath.
1457 2814 1503 2851 c.
1531 2797 1604 2852 25
1625 2798 1642 2858 )
1662 2838 1676 2863 ,
1706 2807 1765 2852 ut
1789 2797 2076 2854 saeculares
2109 2811 2236 2853 suas

653 2890 949 2959 conjuges,
1006 2898 1298 2959 antequam
1354 2891 1422 2945 ad
1476 2890 1792 2961 episcopum
1844 2890 2233 2961 provincialem

656 2979 870 3034 discidii
929 2993 1150 3035 causam
1206 2982 1484 3048 dixerint,
1541 2998 1648 3038 non
1705 2984 2004 3050 damnent,
2057 2997 2234 3053 neque

657 3068 935 3137 abjiciant.
985 3069 1253 3126 Caeterum
1285 3071 1456 3142 legale
1495 3072 1761 3143 judicium
1807 3073 2106 3129 auctoritas
2152 3072 2233 3128 di-

653 3163 780 3218 vina
807 3163 940 3220 viris
971 3163 1039 3219 de
1065 3165 1179 3219 suis
1203 3179 1311 3221 non
1341 3164 1480 3220 tollit
1506 3164 1786 3232 uxoribus,
1811 3165 1954 3222 sicut
1978 3181 2044 3221 ex
2069 3180 2232 3222 evan-

657 3253 829 3327 gelica
856 3254 1087 3311 veritate
1117 3270 1279 3326 supra
1308 3257 1667 3312 ostendimus.
1704 3255 1810 3313 Sed
1839 3267 1894 3313 et
1921 3258 2231 3330 diligentius

657 3348 1008 3403 advertamus
1039 3349 1184 3418 quod
1221 3349 1276 3403 in
1305 3364 1470 3418 supra
1510 3351 1714 3419 scripto
1757 3349 2030 3406 volumine
2060 3353 2232 3407 conti-

654 3445 838 3505 netur,
873 3457 890 3488 ι
925 3438 1352 3494 lnexaminatam
1390 3453 1521 3494 vero
1563 3440 1727 3494 morti
1773 3441 1988 3496 tradere
2024 3442 2092 3496 ad
2132 3457 2233 3498 nos

651 3531 1086 3602 confugientem,
1119 3539 1181 3587 ut
1207 3531 1486 3602 iniquum,
1519 3541 1575 3587 et
1604 3533 1842 3599 crudele,
1875 3534 2225 3602 devitamus,»

651 3624 744 3694 qui
775 3639 954 3693 neque
989 3624 1335 3681 examinatos
1364 3626 1580 3682 tradere
1609 3627 1772 3682 morti
1804 3627 2091 3694 debemus,
2126 3628 2231 3683 nisi

647 3722 708 3768 ut
733 3721 957 3784 peccato
998 3715 1202 3770 mortui
1245 3714 1357 3771 Deo
1383 3715 1589 3770 vivant.
1635 3715 2008 3773 Concedainus
2050 3726 2231 3772 tamen

647 3815 709 3861 ut
738 3807 977 3877 episcopi
1007 3807 1258 3862 eamdem
1300 3805 1555 3863 feminam
1590 3807 1645 3862 in
1678 3823 1777 3864 sua
1817 3817 2120 3878 potestate,
2164 3809 2230 3864 ad

655 3911 794 3967 quos
823 3897 1134 3970 confugisse
1167 3899 1390 3966 dicitur,
1433 3900 1766 3966 retinentes,
1811 3916 1993 3956 coram
2037 3902 2235 3958 marito

647 4003 778 4054 suo,
811 3990 859 4043 si
889 3989 1147 4058 quiddam
1176 3991 1384 4046 sinistri
1411 3992 1459 4047 ei
1488 4000 1731 4063 reputat,
1761 3995 2073 4048 examinare
2110 4010 2236 4064 pro-

643 4089 864 4147 curent,
889 4091 946 4135 et
981 4083 1115 4152 quid
1151 4082 1420 4154 agendum
1460 4083 1601 4150 erit,
1647 4084 1694 4139 si
1737 4084 1793 4139 in
1833 4085 2236 4140 examinatione

642 4171 936 4242 episcopali
957 4175 1177 4228 inventa
1198 4174 1484 4245 culpabilis
1505 4173 1710 4230 fuerit?
1729 4174 1787 4230 Si
1808 4175 1953 4230 enim
1969 4175 2234 4245 judicium

643 4261 813 4330 legale
839 4264 905 4318 de
934 4278 998 4318 ea
1027 4264 1282 4335 culpabili
1311 4265 1532 4320 inventa
1574 4267 1818 4336 episcopi
1861 4281 1958 4320 sua
2001 4267 2237 4321 auctori-

645 4358 756 4406 tate
786 4352 1058 4408 voluerint
1085 4354 1278 4412 tollere
1297 4396 1313 4422 ,
1347 4364 1538 4410 contra
1565 4371 1690 4412 eum
1719 4357 2049 4413 videbuntur
2074 4373 2236 4429 agere

2341 1892 2412 1933 ex
2439 1893 2503 1934 ea
2529 1887 2801 1949 potestate
2824 1881 3053 1935 utatur?

2686 1991 3296 2055 INTERROGATIO
3335 1992 3561 2054 XXIII.

2411 2113 2489 2170 De
2510 2127 2576 2170 eo
2616 2113 2761 2183 quod
2786 2113 3047 2184 scriptum
3068 2120 3152 2168 est
3196 2128 3226 2168 a
3273 2112 3574 2183 quibusdam
3593 2110 3677 2166 dici
3697 2151 3708 2175 ,
3729 2109 3814 2164 sise

2337 2218 2445 2261 non
2472 2219 2539 2261 ex
2567 2219 2831 2262 consensu
2855 2205 2940 2258 vir
2967 2211 3022 2260 et
3036 2202 3235 2258 mulier
3265 2212 3481 2274 propter
3503 2202 3812 2263 continentiam,

2337 2295 2432 2351 sed
2461 2303 2685 2366 propter
2726 2294 3014 2350 discidium
3054 2294 3276 2365 aliquod
3319 2308 3556 2365 separare
3597 2291 3810 2352 voluerint,

2338 2389 2420 2444 vel
2447 2404 2636 2444 eorum
2684 2386 2994 2460 fragilitati,
3026 2387 3071 2443 si
3104 2388 3344 2458 separati
3390 2401 3447 2444 se
3483 2385 3714 2442 continere
3749 2395 3811 2435 ne-

2337 2480 2654 2551 quiverint,
2677 2479 2762 2536 vel
2778 2479 3118 2536 reconciliari
3147 2479 3445 2545 noluerint,
3475 2477 3736 2533 auctoritate
3754 2487 3811 2527 sua

2336 2556 2807 2643 episcopos'posse
2832 2571 3141 2628 consulere.

2923 2681 3330 2741 RESPONSIO.

2407 2794 2598 2853 Sciant
2640 2795 2955 2866 quicunque
2992 2795 3110 2852 haec
3139 2796 3361 2861 dicunt,
3394 2791 3657 2851 secundum
3692 2802 3812 2860 quem-

2337 2887 2462 2944 dam
2493 2885 2710 2942 modum
2735 2927 2750 2954 ,
2785 2887 3098 2958 bujusmodi
3125 2885 3422 2957 capitulum
3442 2892 3660 2954 quartum
3681 2876 3812 2934 erroris

2337 2978 2504 3035 fuisse
2531 2978 2744 3034 illorum
2763 3019 2778 3045 ,
2809 2979 2902 3048 qui
2923 2988 3129 3034 sancta:
3150 2977 3362 3048 synodo
3377 2969 3742 3031 Cbalcedonensi
3758 2967 3812 3019 de-

2340 3085 2534 3142 rogare
2558 3080 2614 3126 et
2637 3069 2910 3126 contraire
2935 3074 3430 3140 praesumpserunt,
3456 3073 3508 3120 et
3528 3064 3588 3118 ab
3606 3055 3812 3131 apostolica

2337 3163 2496 3230 sede,
2543 3170 2704 3232 atque
2731 3161 3090 3215 unanimitate
3120 3160 3292 3216 totius
3324 3156 3506 3215 mundi
3541 3154 3813 3225 episcoporum

2333 3264 2460 3312 sunt
2486 3263 2546 3310 ut
2579 3255 2793 3310 erronei
2817 3253 3203 3317 condemnati,
3236 3252 3376 3307 sicut
3399 3257 3598 3306 sanctus
3621 3244 3706 3299 Leo
3724 3236 3814 3296 mul-

2337 3348 2517 3414 toties,
2541 3357 2598 3403 et
2615 3349 2807 3403 beatus
2821 3345 3116 3417 Gregorius
3135 3345 3302 3401 etiam
3319 3346 3373 3400 in
3387 3340 3594 3415 epistola
3605 3337 3661 3394 ad
3675 3333 3814 3392 Theoc-

2335 3443 2518 3498 tistam
2564 3441 2879 3512 patriciam,
2922 3438 3051 3494 hinc
3113 3438 3262 3495 inter
3296 3438 3398 3494 alia
3449 3431 3665 3504 scripsit,
3695 3425 3816 3481 dicem

2336 3534 2448 3606 (lib.
2482 3549 2566 3600 ix,
2599 3551 2678 3603 ep.
2729 3533 2819 3602 59)
2854 3550 2867 3585 :
2920 3550 2938 3584 ι
2974 3531 3078 3586 Per
3114 3547 3200 3596 se,
3253 3531 3459 3601 inquit,
3499 3524 3680 3582 Veritas
3705 3515 3812 3606 dicit.

2337 3604 2492 3691 Quod
2518 3623 2657 3678 Deus
2680 3623 2862 3694 junxit
2881 3663 2897 3687 ,
2935 3623 3089 3677 homo
3113 3640 3224 3677 non
3253 3630 3448 3691 separet
3475 3616 3750 3691 (ΜαιιΙωιι,
3765 3604 3812 3672 6)-

2335 3716 2465 3784 Qute
2489 3718 2652 3771 etiam
2691 3718 2796 3770 ait:
2830 3714 2955 3770 Non
2985 3715 3103 3770 licet
3141 3718 3406 3770 dimittere
3445 3707 3813 3772 moramora?“

2335 3825 2495 3863 causa
2527 3807 2889 3878 fornicationis
2914 3805 3131 3877 (Matth.
3156 3823 3214 3872 v,
3236 3807 3347 3876 52).
3374 3804 3498 3872 Quis
3517 3814 3626 3870 ergo
3643 3794 3733 3849 huic
3749 3800 3813 3841 οω-

2335 3901 2459 3958 lesti
2509 3900 2806 3972 legislatori
2835 3899 3220 3954 contradicat?
3263 3899 3471 3955 Scimus
3497 3893 3608 3966 quia
3633 3885 3811 3954 scriptum

2336 4001 2451 4058 est,
2482 3991 2658 4046 Erunt
2683 3991 2789 4045 duo
2821 3992 2877 4045 in
2913 4007 3070 4045 carne
3097 4007 3207 4046 una
3247 3987 3398 4062 (Gen.
3431 4005 3490 4050 tt,
3514 3984 3614 4053 24).
3644 3979 3687 4034 Si
3709 3973 3812 4071 igitur

2335 4084 2422 4140 vir
2457 4092 2513 4140 et
2544 4098 2683 4138 uxor
2709 4098 2816 4138 una
2857 4097 2986 4139 caro
3034 4091 3195 4149 sunt,
3232 4091 3288 4138 et
3339 4077 3596 4152 religionis
3615 4083 3736 4129 causa
3762 4073 3811 4115 tll‘

2337 4177 2563 4232 dimittit
2586 4192 2809 4234 uxorem
2832 4217 2847 4242 ,
2872 4176 2958 4230 vel
2984 4175 3181 4231 mulier
3211 4177 3385 4231 virum
3409 4175 3459 4230 in
3489 4174 3581 4227 hoc
3601 4163 3811 4223 mundo“?

2314 4277 2682 4335 manentem,
2724 4267 2810 4323 vel
2847 4268 3008 4324 etiam
3048 4267 3280 4324 fortasse
3307 4267 3374 4322 ad
3419 4263 3586 4321 illicita
3621 4264 3716 4313 vota
3750 4247 3811 4303 ωί·

2339 4371 2586 4434 grantem
2607 4402 2622 4428 ,
2653 4376 2774 4432 quae
2799 4368 2881 4415 est
2909 4361 3011 4415 ista
3035 4360 3320 4415 conversio
3336 4401 3350 4421 ,
3375 4358 3424 4412 in
3441 4371 3536 4426 qua
3565 4366 3651 4407 una
3673 4342 3812 4401 cadet“-

643 4443 799 4512 cujus
821 4444 970 4500 actio
992 4453 1157 4516 atque
1182 4462 1364 4503 sermo
1389 4449 1630 4519 perfecta
1662 4452 1957 4507 auctoritas
1986 4453 2232 4508 noscitur
2253 4492 2310 4555 Β
2340 4469 2446 4525 que
2470 4468 2630 4520 caro,
2679 4462 2735 4508 et
2760 4468 2827 4507 ex
2867 4459 3024 4522 parte
3065 4451 3262 4506 transit
3291 4450 3358 4505 ad
3401 4435 3811 4540 continentiampcl

644 4550 767 4590 esse
785 4575 800 4602 ,
830 4536 972 4592 sicut
997 4539 1260 4610 scriptum
1285 4551 1372 4597 est
1397 4559 1410 4596 :
1443 4541 1575 4608 Qua:
1599 4546 1750 4616 coepit
1771 4543 1929 4600 Iesus
1953 4545 2126 4615 facere
2174 4558 2222 4603 et

644 4630 1016 4702 docere(Act.
1041 4647 1092 4698 ι,
1123 4634 1234 4704 1),
1279 4636 1534 4705 quoniam
1577 4638 1749 4693 isdem
1790 4639 1858 4695 de
1897 4641 2124 4697 muliere
2168 4642 2220 4697 in

646 4725 914 4781 adulterio
939 4725 1276 4798 deprehensa
1300 4727 1562 4798 judicium
1593 4747 1699 4787 non
1723 4732 1976 4798 abstulit,
2007 4735 2097 4803 qui
2128 4751 2226 4806 per

643 4815 864 4889 Moysen
908 4819 1217 4888 hujusmodi
1259 4819 1487 4890 lapidari
1526 4823 1818 4892 praecepit,
1864 4825 2026 4896 681
2069 4829 2164 4883 sed
2192 4843 2224 4882 a

641 4908 801 4979 justis
842 4911 1118 4982 judicibus
1167 4911 1284 4969 ﬁeri
1328 4913 1592 4985 judicium
1633 4915 1804 4987 legale
1848 4921 2107 4990 praecepit
2140 4922 2222 4976 di-

641 5015 772 5057 cens
802 5018 816 5056 :
859 5000 1076 5059 Primus
1110 5005 1167 5059 in
1199 5003 1348 5058 illam
1379 5004 1607 5075 lapidem
1635 5008 1806 5062 mittat
1848 5008 2049 5079 (Joan.
2090 5026 2186 5065 vttt
2208 5051 2224 5078 ,

641 5095 672 5149 7
697 5093 740 5166 ).
775 5092 835 5149 Si
860 5109 992 5150 vero
1029 5109 1060 5148 a
1103 5110 1164 5151 se
1197 5097 1596 5162 examinatam,
1635 5108 1688 5152 et
1724 5109 1993 5168 repertam
2035 5101 2222 5170 culpa-

641 5190 808 5247 bilem
839 5191 1078 5262 episcopi
1119 5193 1444 5247 tradiderint
1485 5193 1812 5262 puniendam
1835 5236 1850 5259 ,
1881 5205 2067 5251 contra
2113 5197 2227 5266 pie-

643 5292 808 5340 tatem
837 5284 1282 5351 ecclesiasticam,
1310 5293 1366 5338 et
1393 5285 1568 5356 ipsum
1599 5286 1855 5342 Ecclesia:
1880 5288 2062 5358 caput,
2110 5289 2225 5344 four

644 5386 753 5433 tem
783 5377 1034 5434 videlicet
1058 5380 1298 5449 pietatis,
1325 5395 1486 5451 agere
1511 5381 1902 5451 probabuntur,
1929 5383 2020 5452 qui
2047 5383 2183 5438 dixit
2207 5401 2221 5439 :

647 5469 761 5524 Nec
792 5486 884 5539 ego
911 5479 960 5524 te
985 5471 1367 5536 condemnabo,
1399 5471 1528 5527 vade
1549 5481 1595 5526 et
1624 5472 1848 5542 amplius
1879 5471 1985 5527 noli
2011 5489 2225 5544 peccare

647 5557 850 5620 (Joan.
880 5576 1008 5626 vnt,
1036 5563 1097 5617 ll
1119 5563 1162 5634 ).
1193 5561 1290 5618 His
1322 5564 1396 5618 ita
1427 5565 1704 5620 evidenter
1731 5566 1995 5637 cognitis,
2039 5573 2094 5618 ct
2136 5566 2222 5620 di-

646 5651 1000 5720 ligentissime
1044 5655 1389 5724 ponderatis,
1439 5656 1504 5711 de
1552 5658 1618 5710 ad
1666 5657 1922 5711 Ecclesiae
1966 5656 2221 5727 pietatem

643 5740 1080 5810 confugientibus
1146 5746 1526 5802 auctoritatem
1591 5747 1858 5818 majorum
1926 5762 2222 5817 sequamur

2336 4569 2406 4608 ex
2431 4561 2586 4622 parte
2613 4561 2860 4608 remanet
2889 4553 2942 4607 in
2968 4552 3299 4624 pollutione?
3327 4551 3486 4624 682
3514 4546 3564 4602 Si
3590 4555 3693 4598 vero
3708 4531 3810 4628 ulti-fr

2332 4659 2438 4714 que
2480 4642 2768 4698 conveniat
2801 4643 3168 4698 continentem
3203 4643 3374 4697 vitam
3417 4643 3622 4699 ducere,
3644 4631 3809 4693 hocqu"

2334 4734 2530 4790 audeat
2557 4734 2852 4789 accusare?
2890 4735 3104 4804 quando
3127 4743 3337 4789 certum
3363 4740 3446 4787 est
3485 4725 3610 4799 quod
3640 4715 3808 4781 omnipo-

2335 4835 2455 4880 tens
2481 4825 2654 4892 Deus,
2685 4826 2779 4895 qui
2815 4827 3026 4881 minora
3059 4825 3365 4890 concessit,
3396 4821 3588 4891 majora
3623 4825 3706 4869 non
3726 4815 3808 4875 ναν

2335 4920 2529 4975 hibuit.
2553 4920 2621 4975 Et
2653 4921 2870 4990 quidem
2901 4919 3098 4976 multos
3122 4930 3432 4976 sanctorum
3467 4911 3681 5000 novimus
3697 4905 3809 5000 ..ευλω

2335 5013 2448 5067 suis
2478 5012 2797 5083 conjugibus
2819 5021 2875 5066 et
2901 5013 3051 5082 prius
3071 5011 3432 5066 continentem
3459 5005 3605 5058 vitam
3627 4997 3807 5050 durasse.

2332 5113 2387 5160 et
2404 5105 2743 5174 postmodum
2764 5105 2829 5159 ad
2856 5114 3056 5160 sanctae
3080 5103 3332 5158 Ecclesia:
3353 5096 3593 5170 regimina
3607 5088 3806 5175 migra“?

2333 5197 2552 5252 Duobus
2580 5198 2724 5252 enim
2747 5198 2922 5252 modis
2947 5197 3118 5252 sancti
3157 5195 3259 5249 viri
3298 5194 3458 5249 etiam
3482 5205 3511 5246 a
3544 5181 3678 5240 licitis

2332 5304 2465 5345 nere
2489 5288 2700 5345 solent:
2730 5288 3021 5359 aliquando
3051 5297 3111 5342 ut
3135 5286 3385 5342 meritum
3410 5282 3504 5340 sibi
3537 5273 3656 5347 apud
3690 5274 3808 5359 omit"

2334 5387 2612 5451 potentem
2662 5357 2839 5435 Deum
2870 5388 3135 5450 augeant,
3178 5376 3462 5448 aliquando
3503 5381 3616 5425 vero
3658 5369 3702 5414 ut
3723 5357 3807 5407 ante

2330 5483 2467 5528 actae
2493 5473 2616 5527 vitae
2645 5470 2833 5541 culpas
2863 5472 3159 5543 detergant.
3193 5468 3422 5525 Proinde
3447 5452 3682 5544 cumboni
3716 5455 3804 5544 coll:

2325 5565 2513 5636 iuges,
2571 5573 2665 5619 aut
2719 5539 2970 5619 meritum
3019 5539 3217 5634 augere
3266 5541 3587 5616 desiderant,
3633 5539 3805 5636 autem?

2328 5632 2462 5712 actae
2524 5657 2646 5710 vitae
2713 5657 2898 5727 culpas
2949 5632 3154 5721 delere,
3201 5663 3260 5709 ut
3302 5668 3358 5708 se
3410 5649 3473 5704 ad
3509 5632 3806 5727 continentiae

2327 5748 2660 5820 astringant,
2707 5757 2762 5804 et
2803 5709 3088 5804 rmeliorem
3119 5748 3279 5802 vitam
3318 5746 3587 5815 appetant,
3625 5729 3734 5782 licet.
3764 5709 3806 5764 5'
