3884 5438
86 495 173 550 745

998 495 1086 551 DE
1124 495 1450 553 DlVORTlO
1489 487 1816 553 LOTIIARII
1854 501 1941 556 ET
1983 499 2390 566 TETBERGE.

3189 516 3294 578 746

80 624 190 663 vero
213 606 588 662 continentiam
607 647 622 672 ,
652 621 812 677 quam
846 607 931 662 vir
962 591 1364 679 appetit,-uxor
1393 623 1500 663 non
1541 621 1624 661 se-
1650 611 1698 669 Α
1726 613 2056 680 praemissas,
2088 617 2314 674 evolutis
2360 633 2454 676 sex
2503 621 2719 679 circiter
2743 623 3039 693 mensibus,
3083 629 3151 685 ab
3191 631 3298 688 eis-

78 699 258 765 quilur,
288 704 379 750 aut
425 712 589 766 quam
618 713 756 751 uxor
785 698 1019 767 appetit,
1049 699 1136 753 vir
1164 707 1410 762 recusat,
1455 696 1621 753 dividi

79 791 355 860 eoujugium
387 805 493 844 non
525 789 690 857 licet,
712 791 838 860 quia
862 791 1122 862 scriptum
1150 800 1272 848 est:
1305 793 1506 848 Mulier
1537 792 1621 846 sui

78 881 281 948 corporis
313 889 620 949 potestatem
653 896 757 934 non
791 881 978 946 habet,
1003 884 1093 936 sed
1121 883 1201 937 vir
1234 896 1252 935 :
1283 881 1522 937 similiter
1545 883 1623 936 vir

81 987 164 1024 non
188 971 331 1024 habet
353 979 656 1040 potestatem
677 973 759 1024 sui
793 974 1044 1042 corporis,
1073 974 1162 1027 sed
1184 973 1374 1027 mulier
1418 972 1469 1043 (I
1493 972 1618 1028 Cor.

79 1058 236 1126 vini).
259 1057 322 1112 Et
341 1043 393 1113 in
417 1059 638 1128 epistola
660 1060 726 1114 ad
743 1059 1034 1116 Adrianum
1058 1061 1309 1117 Panormi
1325 1063 1617 1132 notarium,

79 1147 304 1205 Urbicum
345 1151 595 1206 abbatem
627 1153 840 1222 culpat,
881 1154 1007 1222 quia
1042 1155 1295 1210 maritum
1332 1156 1620 1226 Agathosa‘.

75 1251 235 1296 contra
268 1243 598 1300 voluntatem
630 1245 748 1314 ejus
773 1247 826 1299 in
857 1248 1188 1301 monasterio
1217 1247 1284 1301 ad
1310 1249 1621 1305 conversio-

76 1347 182 1386 nem
211 1337 537 1404 susceperit,
569 1346 622 1390 et
651 1335 908 1390 maritum
939 1337 1026 1403 ei,
1056 1337 1267 1394 etiamsi
1289 1338 1401 1407 jam
1433 1348 1619 1394 tonsu-

73 1424 390 1490 ratusluerit,
417 1425 564 1480 reddi
591 1427 846 1496 praecepit
866 1425 980 1496 (lib.
1009 1442 1088 1494 ix,
1109 1428 1258 1497 epist.
1303 1427 1426 1499 44):
1450 1427 1616 1495 «Nisi,

81 1511 336 1580 inquiens,
383 1515 656 1583 quoddam
702 1514 1075 1572 fornicationis
1119 1517 1360 1584 crimen,
1398 1528 1620 1590 propter

67 1599 194 1662 quod
219 1602 330 1656 viro
368 1618 594 1658 uxorem
623 1604 752 1659 licet
780 1604 1119 1676 relinquere,
1159 1608 1469 1676 praedictam
1499 1625 1617 1664 mu-

73 1691 234 1748 lierem
277 1697 615 1754 commisisse
669 1702 1013 1770 cognoveris,
1052 1718 1121 1758 ne
1150 1703 1293 1759 illius
1335 1706 1616 1762 conversio

68 1784 202 1837 uxori
231 1784 428 1842 relicta:
455 1787 512 1842 in
551 1790 750 1846 sreculo
777 1792 896 1846 ﬁeri
920 1794 1094 1864 possit
1119 1794 1437 1865 perditionis
1456 1811 1617 1853 occa-

68 1873 167 1938 sio,
201 1875 438 1932 volumus
463 1885 525 1933 ut
552 1879 808 1934 maritum
839 1896 996 1937 suum
1026 1883 1138 1949 illi,
1172 1885 1258 1939 vel
1286 1885 1332 1939 si
1356 1884 1466 1953 jam
1494 1894 1614 1941 ton-

1725 699 1846 754 dem
1871 718 1900 756 a
1926 706 2121 773 quibus
2147 717 2200 761 et
2224 710 2429 777 priores
2463 712 2743 770 solvendas
2769 718 3096 786 accepimus.
3145 721 3295 789 Quae

1726 803 1845 842 rum
1874 799 2076 848 textum
2109 796 2326 862 viritim,
2355 800 2495 854 sicut
2516 810 2572 856 et
2595 806 3034 873 przecedentium,
3065 809 3294 866 solutio-

1723 879 1881 934 nibus
1906 897 2299 954 praeponemus,
2335 888 2484 943 brevi
2524 902 2684 962 prout
2729 897 3024 964 poterimus
3073 915 3296 971 respon-

1725 969 1912 1026 dentes
1950 988 2220 1040 sermone,
2272 991 2334 1031 ac
2381 979 2427 1034 si
2469 979 2520 1034 in
2571 982 2742 1038 buxea
2787 969 3296 1062 designantesp—quze

1723 1056 1867 1125 hinc,
1901 1063 2041 1117 unde
2070 1079 2130 1118 ea
2161 1065 2370 1134 plenius
2395 1070 2616 1138 pingere
2639 1073 2846 1142 valeat,
2877 1056 3048 1136 solers
3068 1056 3296 1152 quisilue

1724 1150 2008 1223 intelligat,
2040 1167 2304 1225 quatenus
2331 1171 2386 1215 et
2422 1161 2649 1219 fratrum
2679 1167 3028 1235 petitionibus
3055 1150 3293 1233 Charita-

1722 1239 1793 1294 tis
1838 1242 2042 1298 viscera
2084 1262 2188 1300 non
2234 1248 2568 1317 claudamus,
2609 1261 2664 1308 et
2703 1258 2961 1326 sapienti,
3000 1259 3294 1324 secundum

1723 1328 2076 1401 Scripturam,
2117 1338 2478 1406 occasionem,
2521 1359 2642 1398 cum
2690 1346 2791 1401 ista
2821 1347 3030 1418 plenius
3074 1355 3297 1412 investi-

1720 1437 1853 1492 gans
1907 1425 2202 1498 intelligere
2253 1437 2667 1502 procuraverit;
2717 1441 3096 1510 sapientiorem
3158 1449 3299 1507 ellici

1719 1514 2075 1581 praebeamus,
2100 1527 2155 1572 et
2183 1521 2405 1587 horulis,
2436 1540 2573 1593 quas
2617 1545 2648 1581 a
2691 1530 3076 1602 multiplicibus
3114 1546 3171 1593 et
3214 1539 3298 1594 di-

1719 1605 2044 1662 versissimis
2062 1613 2501 1681 occupationibus
2529 1619 2730 1675 nostris
2776 1632 3158 1696 extorquemus
3199 1644 3297 1699 po-

1719 1691 1828 1748 tius
1853 1709 2014 1764 quam
2041 1707 2379 1765 mutuamus,
2421 1705 2513 1773 qui
2555 1691 3146 1779 cogitationum-ferias
3185 1691 3294 1774 non

1719 1784 2000 1853 habemus,
2032 1794 2406 1858 quoquomodo
2434 1797 2641 1865 possint
2670 1795 2930 1868 sullicere,
2976 1813 3034 1860 et
3071 1805 3294 1878 legenti-

1719 1875 1820 1931 bus
1847 1894 1950 1933 non
1988 1880 2306 1949 increscant,
2341 1887 2464 1954 quia
2491 1889 2557 1943 de
2585 1893 2974 1960 propositarum
2997 1875 3292 1970 ante'quaa-

68 1977 262 2022 suratus
299 1978 413 2035 est,
451 1971 680 2027 reddere
725 1974 946 2028 omnino
986 1974 1218 2043 debeas,
1267 1978 1609 2035 excusatione

1717 1971 1952 2024 stionum
1997 1975 2269 2044 responsis
2294 1947 2600 2048 compendii
2641 1947 2779 2052 pene
2821 1987 3038 2042 modum
3076 1947 3294 2050 excedit

63 2069 288 2115 cessante
313 2079 326 2114 :
351 2063 475 2130 quia
506 2072 788 2134 postquam
818 2080 917 2136 per
949 2067 1341 2138 copulationem
1359 2068 1614 2141 coniugii,

64 2147 150 2200 viri
179 2158 330 2219 atque
358 2151 603 2207 mulieris
633 2169 802 2208 unum
825 2143 1292 2224 corpus-efficitur,
1317 2173 1422 2213 non
1439 2169 1616 2228 potest

61 2253 118 2292 ex
141 2250 284 2309 parte
311 2243 586 2310 converti,
616 2253 669 2300 et
698 2259 762 2300 ex
803 2254 956 2316 parte
974 2247 1030 2302 in
1050 2247 1246 2303 saeculo
1274 2264 1608 2306 remanere.»

121 2327 184 2382 Et
203 2344 265 2384 ne
287 2331 440 2386 nobis
468 2332 752 2402 quisquam
785 2345 1132 2401 succenseat,
1161 2338 1283 2406 quia
1306 2337 1505 2408 judicia
1530 2355 1613 2396 ec-

54 2416 336 2474 clesiastica
364 2421 528 2474 etiam
569 2421 724 2478 laicis
768 2423 1032 2478 audienda
1062 2427 1442 2496 proponimus,
1469 2427 1613 2499 legat

57 2507 260 2566 Patrum
282 2510 601 2567 solutionem
626 2512 917 2582 proposita:
947 2515 1284 2584 quaestionis,
1305 2532 1404 2570 cur
1425 2517 1612 2572 Domi-

53 2617 183 2667 nus,
213 2603 299 2672 qui
336 2612 521 2659 saneta
557 2605 932 2669 mordacibus,
976 2615 1031 2660 et
1059 2608 1382 2679 margaritas
1412 2609 1611 2665 irreve-

56 2693 280 2747 rentibus
326 2707 633 2762 proponere
660 2694 872 2760 vetuit,
912 2695 1204 2764 requisitus
1258 2697 1324 2752 de
1366 2713 1611 2754 resurre-

54 2782 218 2835 ctione
246 2792 581 2838 mortuorum
607 2783 820 2855 (Matth.
845 2800 936 2839 ιιι
958 2795 1006 2840 et
1033 2786 1189 2856 xm),
1213 2801 1337 2842 cum
1363 2789 1608 2858 opposita

54 2873 181 2942 turpi
213 2872 390 2928 fabula
421 2874 486 2929 de
514 2873 739 2929 muliere
774 2876 1060 2944 septivira,
1105 2875 1438 2941 infidelibus,
1475 2877 1608 2932 invi-

53 2964 122 3016 dis
139 3006 152 3024 ,
179 2981 239 3020 ac
267 2966 620 3021 tentatoribus
639 2975 846 3022 secreta
875 2967 1008 3038 legis
1030 2969 1332 3038 aperuerit,
1360 2969 1608 3024 videlicet

51 3056 296 3122 quoniam
326 3073 432 3111 non
464 3057 574 3122 eis,
607 3057 699 3127 qui
733 3071 926 3127 capere
954 3074 1059 3112 non
1081 3066 1359 3128 poterant,
1399 3059 1492 3114 sed
1526 3061 1607 3116 eis

51 3144 130 3211 qui
159 3154 406 3214 poterant
433 3155 490 3202 et
519 3146 678 3202 simul
701 3148 948 3214 aderant,
968 3163 1105 3219 quos
1131 3156 1353 3219 propter
1375 3149 1606 3204 aliorum

48 3233 434 3292 immunditiam
463 3238 658 3309 negligi
708 3253 815 3294 non
859 3238 1171 3310 oportebat,
1222 3248 1430 3296 secreta
1472 3239 1603 3313 legis

52 3328 288 3395 aperuit;
321 3339 376 3383 et
406 3344 527 3383 cum
557 3313 678 3384 eum
707 3337 1004 3385 tentatores
1034 3330 1466 3402 interrogabant,
1522 3348 1604 3387 re-

44 3417 442 3488 spondebatque
482 3419 588 3475 illis
608 3461 624 3482 ,
668 3420 746 3476 ita
776 3429 836 3475 ut
861 3420 1003 3490 quod
1038 3423 1472 3478 contradicerent
1496 3437 1604 3478 non

49 3504 331 3574 haberent,
369 3510 618 3577 quamvis
653 3510 880 3566 venenis
903 3509 1022 3566 suis
1041 3511 1486 3567 contabescerent
1511 3527 1608 3582 po-

43 3595 144 3651 tius
169 3613 330 3667 quam
354 3599 498 3655 illius
514 3601 634 3656 cibo
653 3609 1045 3669 saturarentur,
1062 3602 1154 3672 alii
1176 3611 1378 3670 tamen,
1393 3605 1484 3673 qui
1513 3619 1608 3674 po-

41 3693 213 3742 terant
253 3703 480 3760 capere,
519 3704 584 3745 ex
614 3690 826 3747 illorum
868 3692 1156 3749 occasione
1199 3693 1368 3748 multa
1405 3693 1608 3749 utiliter

44 3776 362 3843 audiebant,
399 3787 454 3833 et
483 3794 514 3832 a
550 3779 706 3836 nobis
735 3780 960 3837 tantillis
983 3781 1294 3838 homullulis
1341 3781 1608 3838 suﬂieien-

39 3875 141 3919 tem
174 3868 602 3925 satisfactionem
636 3872 888 3941 accipiet.
918 3870 1028 3927 Sed
1063 3880 1117 3928 et
1157 3872 1378 3928 beatum
1422 3874 1605 3944 Augu-

38 3957 232 4012 stinum
269 3960 323 4014 in
356 3960 499 4016 libro
525 3962 593 4017 de
614 3961 764 4017 Bono
781 3965 1196 4034 perseverantia:
1221 3979 1320 4034 pro
1353 3966 1508 4020 nobis
1529 3966 1613 4020 lo-

37 4059 286 4113 quentem
334 4050 572 4122 benigne
629 4053 906 4124 suscipiat.
950 4054 1042 4108 Ait
1091 4055 1233 4109 enim
1278 4055 1437 4127 (cap.
1470 4056 1602 4128 lli):

36 4153 57 4186 ε
83 4135 205 4192 Alia
243 4148 362 4205 est,
394 4141 644 4212 inquiens
672 4183 686 4208 ,
719 4145 860 4198 ratio
888 4158 1077 4199 verum
1117 4146 1361 4211 tacendi,
1391 4146 1494 4200 alia
1515 4161 1612 4202 ve-

33 4240 148 4279 rum
178 4228 390 4284 dicendi
417 4232 734 4287 necessitas.
781 4232 985 4289 Causas
1009 4249 1198 4288 verum
1237 4235 1447 4290 tacendi
1487 4235 1608 4290 lou-

27 4330 150 4384 gum
177 4327 266 4373 est
306 4334 499 4376 omnes
546 4336 789 4391 quaerere
819 4322 904 4377 vel
948 4322 1189 4378 inserere
1211 4364 1226 4390 ,
1258 4339 1487 4394 quarum
1527 4332 1606 4380 ta-

31 4419 149 4460 men
185 4416 274 4463 est
322 4418 378 4464 et
417 4409 534 4466 bare
563 4426 700 4476 una,
735 4426 803 4466 ne
826 4412 1038 4483 pejores
1091 4411 1353 4469 faciamus
1395 4428 1488 4469 eos
1514 4414 1607 4484 qui

25 4512 129 4551 non
163 4499 524 4571 intelligunt,
567 4501 696 4556 dum
726 4503 975 4559 volumus
1023 4517 1119 4559 eos
1160 4505 1253 4574 qui
1301 4505 1607 4578 intelligunt

1714 2063 2000 2122 voluminis
2045 2070 2376 2139 magnitudo.
2437 2071 2637 2129 Harum
2695 2085 2874 2134 autem
2925 2083 3288 2150 quaastionum

1713 2155 1992 2211 exordium
2038 2157 2280 2214 habetur
2303 2160 2604 2232 hujusmodi
2631 2183 2646 2219 :

1784 2248 2096 2315 Quwsumus
2123 2252 2444 2309 dilectionem
2477 2267 2717 2325 vestram,
2747 2269 2804 2314 ut
2834 2279 2938 2318 non
2971 2281 3058 2320 vos
3079 2267 3288 2336 trrdeat,

1710 2346 1755 2399 si
1777 2347 1846 2399 ad
1869 2346 2179 2417 inquirenda
2205 2350 2351 2404 nobis
2390 2352 2459 2405 ad
2478 2353 2745 2408 sciendum
2773 2361 3065 2415 necessaria
3089 2363 3287 2434 impor-

1709 2435 1823 2488 tuni
1846 2436 2189 2504 persistimus,
2211 2455 2328 2508 quia
2358 2449 2630 2511 postquam
2660 2447 2825 2513 nuper
2841 2446 2981 2501 vobis
3001 2448 3070 2502 ad
3094 2449 3291 2505 solven-

1709 2524 1834 2578 dum
1880 2528 2188 2595 quwstiones
2232 2529 2517 2585 direximus
2538 2571 2553 2596 ,
2593 2533 2758 2587 multa
2798 2539 3170 2605 comperimus,
3223 2541 3289 2595 de

1706 2614 1892 2685 quibus
1917 2616 2256 2686 singulariter
2283 2619 2504 2688 singulis
2530 2606 2676 2676 nobis
2697 2638 2762 2677 ea:
2789 2619 3102 2682 aucturitate
3143 2627 3289 2684 Scri-

1706 2714 1894 2774 ptum,
1919 2715 1968 2760 et
1994 2706 2208 2776 regulis,
2234 2725 2297 2761 ac
2318 2709 2562 2766 doctrina
2601 2712 3066 2774 ecclesiasticarum
3103 2719 3289 2776 docto-

1708 2811 1826 2849 rum
1867 2798 2165 2866 responderi
2193 2799 2539 2870 deposcimus.

2289 2928 2611 2997 QUIESTIO
2665 2935 2706 2990 l.

1776 3039 1973 3096 Dicunt
2018 3043 2234 3112 quidam
2263 3047 2519 3116 quoniam
2566 3061 2659 3102 rex
2703 3048 2992 3108 Lotbarius
3037 3053 3202 3112 habet
3229 3057 3284 3113 in

1705 3146 1802 3187 suo
1835 3147 1999 3204 regno
2027 3134 2340 3204 episcopos,
2389 3144 2446 3192 et
2485 3137 2723 3206 nobiles,
2767 3156 2832 3196 ac
2878 3141 3062 3199 fideles
3092 3144 3284 3214 laicos,

1705 3238 1930 3292 quorum
1956 3226 2203 3282 consultu
2233 3238 2393 3298 atque
2433 3229 2660 3286 consilio
2698 3246 2914 3288 causam
2945 3235 3085 3292 inter
3124 3253 3184 3294 se
3231 3254 3288 3295 et

1706 3327 1926 3366 uxorem
1956 3328 2107 3368 suam
2133 3313 2397 3381 dillinivit,
2426 3324 2482 3372 et
2508 3333 2612 3373 non
2644 3319 2710 3374 ad
2739 3320 2964 3377 alterius
2994 3327 3143 3396 regni
3173 3329 3290 3398 epi-

1704 3417 1916 3472 scopos,
1953 3404 2036 3460 vel
2075 3407 2142 3460 ad
2180 3405 2316 3463 alios
2353 3421 2700 3480 quoscunque
2733 3410 2856 3467 inde
2883 3411 3085 3484 aliquid
3121 3418 3287 3486 perti-

1705 3501 1798 3547 net
1834 3502 2151 3552 retractare.

2341 3624 2643 3670 RESPONSIO.

1776 3715 1996 3774 Talibus
2039 3721 2471 3789 respondendum
2525 3735 2650 3781 est:
2682 3725 2892 3784 Erratis
2930 3770 2948 3798 ,
3005 3733 3288 3789 nescientes

1706 3803 2029 3877 Scripturas,
2079 3828 2241 3880 neque
2286 3814 2525 3869 virtutem
2569 3817 2667 3872 Dei
2714 3817 2928 3890 (Matth.
2977 3836 3124 3887 χιιι,
3171 3825 3286 3899 29).

1705 3893 1928 3962 Quando
1969 3915 2096 3968 pars
2123 3900 2350 3956 ﬁliorum
2386 3904 2546 3960 Israel
2575 3907 2978 3975 aedificaverunt
3023 3893 3289 3972 tumulum

1705 3985 1877 4049 testis,
1909 4001 2035 4055 pars
2055 3987 2223 4042 altera
2250 3990 2365 4044 zelo
2394 3992 2570 4048 divino
2598 4008 2856 4052 succensa
2881 4014 3018 4068 pene
3043 4004 3109 4057 ad
3137 4020 3291 4061 arma

1705 4075 1964 4140 cucurrit,
1995 4091 2062 4131 ne
2088 4076 2256 4149 684
2280 4078 2609 4137 divideretur
2632 4085 2862 4154 populus
2891 4089 3125 4157 Domini,
3148 4094 3291 4151 sicut

1705 4170 1891 4232 postea
1929 4165 2133 4221 divisus
2165 4177 2248 4222 est
2273 4167 2326 4221 in
2353 4169 2532 4225 vaccis
2556 4172 2624 4227 ab
2648 4171 2931 4231 Jeroboam
2970 4178 3288 4238 idololatrize

1706 4252 1906 4324 ﬂagitio
1935 4253 2213 4311 fabricatis
2241 4255 2356 4327 (III
2386 4257 2514 4328 Reg.
2542 4262 2664 4331 xu).
2695 4261 2763 4316 Et
2787 4280 2931 4321 nunc
2954 4266 3042 4322 isti
3075 4268 3290 4327 Domini

1707 4358 1930 4413 regnum
1945 4351 1998 4397 et
2010 4344 2328 4400 catholicam
2347 4346 2664 4416 Ecclesium,
2680 4366 2798 4421 quae
2814 4369 2918 4408 una
2935 4364 3016 4410 est
3037 4358 3287 4415 columba

1706 4441 1869 4504 atque
1895 4433 2110 4500 dilecta,
2140 4435 2379 4492 volentes
2424 4439 2691 4507 scindere,
2723 4445 2876 4512 quasi
2925 4462 3032 4502 non
3079 4458 3289 4507 tantum

1707 4521 1953 4589 suadent,
1986 4536 2172 4578 verum
2201 4529 2256 4579 'et
2279 4535 2476 4596 cogunt
2500 4512 2679 4586 dicci'e
2707 4533 2850 4602 quod
2882 4534 3011 4590 olim
3034 4537 3292 4596 dixerunt

23 4587 204 4646 facere
247 4593 520 4649 doctiores
541 4634 557 4660 ,
588 4596 680 4664 qui
725 4595 882 4652 nobis
919 4595 1122 4666 aliquid
1150 4598 1258 4654 tale
1297 4600 1602 4657 tacentibus
1623 4620 1680 4685 Β
1707 4587 1968 4682 quidam}
2003 4613 2125 4668 Non
2147 4624 2221 4670 est
2252 4587 2504 4687 tibivpa-rs
2533 4621 2590 4674 in
2633 4587 2826 4689 Dauid,
2872 4640 2964 4680 nec
3009 4627 3302 4686 Iiwreditas'

19 4678 296 4737 doctiores
333 4683 552 4754 quidem
585 4701 691 4762 non
725 4685 897 4753 fiunt,
928 4687 1021 4742 sed
1064 4702 1167 4743 nec
1197 4688 1409 4759 pejores
1435 4691 1600 4762 683

18 4768 172 4825 ﬁunt.
206 4773 345 4827 Cum
362 4783 552 4830 autem
579 4761 665 4832 res
688 4793 815 4833 vera
838 4779 910 4833 ita
940 4793 1000 4834 se
1027 4779 1217 4845 habet,
1246 4789 1307 4836 ut
1330 4781 1425 4836 flat
1451 4761 1604 4854 peior

15 4863 177 4918 nobis
191 4878 325 4919 eam
350 4865 658 4923 dicent—ibus
684 4869 772 4924 ille
794 4870 884 4939 qui
917 4885 1108 4940 capere
1136 4887 1242 4926 non
1271 4882 1475 4941 potest,
1507 4890 1603 4931 no-

13 4952 94 5009 bis
134 4964 328 5010 autem
356 4960 661 5016 tacentibus
688 4961 776 5016 ille
814 4962 906 5032 qui
953 4971 1161 5032 potest,
1190 4965 1318 5034 quid
1344 4969 1599 5034 putamus

8 5057 130 5100 esse
156 5046 476 5104 faciendum
502 5052 524 5105 ?
547 5051 736 5107 Nonne
765 5053 1048 5109 dicendum
1073 5065 1158 5112 est
1185 5057 1362 5127 potius
1385 5074 1596 5129 verum,

3 5142 60 5186 ut
85 5137 182 5205 qui
215 5146 405 5208 potest
428 5155 618 5211 capere
639 5144 848 5213 capiat,
877 5161 1038 5215 quam
1068 5147 1348 5202 tacendtun
1369 5188 1385 5212 ,
1413 5160 1473 5206 ut
1494 5171 1599 5211 non

3 5228 182 5282 solum
218 5229 279 5283 id
310 5232 468 5286 ambo
490 5250 591 5290 non
616 5225 862 5305 capiant,
894 5253 1080 5293 verum
1115 5240 1275 5295 etiam
1303 5242 1391 5308 qui
1417 5256 1498 5302 est
1521 5250 1601 5306 in-

702 5323 712 5330 .
795 5324 818 5338 ..
919 5326 928 5332 -
967 5327 1008 5364 ..ς
1039 5329 1249 5380 mum-nt
1275 5338 1328 5378 et
1349 5344 1590 5396 caneret.

1703 4709 1759 4762 in
1788 4707 1900 4776 ﬁlio
1927 4707 2060 4775 Isai,
2097 4720 2346 4765 revertere
2371 4713 2426 4765 in
2449 4715 2787 4770 tabernacula
2815 4728 2908 4773 tua
2935 4719 3139 4789 Israel,
3177 4733 3295 4780 ten-

1709 4806 1884 4854 tantes
1915 4801 2141 4869 tempori
2178 4810 2364 4857 nostro
2389 4800 2830 4873 pestilentissimo
2874 4808 3004 4865 illud
3047 4815 3296 4882 superin-

1706 4889 1922 4953 ducere,
1951 4889 2168 4958 quando
2198 4890 2528 4966 neque‘rex,
2569 4911 2744 4965 neque
2767 4896 2873 4950 dux
2899 4899 2950 4953 in
2978 4901 3172 4969 populo
3199 4902 3296 4957 illo

1703 4987 1843 5044 erat,
1880 4981 1974 5033 sed
2015 4981 2383 5050 unusquisque
2411 4983 2662 5048 faciebat
2685 4986 2826 5053 quod
2850 4987 2954 5040 sibi
2981 4997 3182 5041 rectum
3217 4990 3300 5042 vi-

1706 5054 1954 5127 debatur.
2005 5073 2072 5128 Et
2101 5073 2304 5128 utinam
2334 5090 2442 5132 non
2481 5081 2643 5160 quod
2669 5084 2902 5138 rectum,
2935 5087 3118 5134 etnon
3157 5081 3306 5145 quod

1705 5161 2023 5230 voluptuose
2049 5163 2303 5234 placitqu
2335 5165 2619 5240 videawr
2649 5209 2666 5234 ,
2691 5172 2745 5218 et
2763 5171 2958 5219 tortum
3005 5181 3067 5220 ac
3109 5165 3311 5222 malum

1707 5253 1799 5319 sit,
1829 5252 2008 5309 sciens
2037 5264 2091 5311 et
2123 5257 2360 5324 prudens
2387 5257 2630 5335 faciat:
2667 5255 2780 5312 Non
2803 5262 2882 5306 est
2915 5255 2985 5310 ita
3010 5263 3064 5310 ut
3086 5254 3171 5308 isti
3198 5271 3315 5311 ma—

1711 5344 1886 5390 litiast!
1913 5353 2239 5388 onmnnnnnt
2323 5343 2491 5399 nm":
2551 5347 2804 5420 ﬂnmin‘"
2859 5358 2964 5374 ““"
2995 5345 3110 5384 ﬁt,“
3163 5358 3320 5384 “""”‘
