3906 5430
600 463 703 518 ἸΠ

1542 482 1545 485 ·
1585 462 1912 519 lllNCMARI
1951 461 2344 518 RIIEMENSIS
2393 460 2909 521 ARCHIEI‘ISCOPI

3733 473 3818 532 713

598 587 707 633 tur.
768 575 875 632 Sed
901 584 955 630 et
990 576 1103 630 haec
1142 573 1209 629 de
1251 588 1365 643 qua
1384 573 1561 645 agitur
1585 574 1707 630 talis
1735 583 2031 639 estcausa,
2062 589 2182 644 quze
2208 568 2273 636 A'
2287 572 2625 629 auctoritatis
2667 583 2829 630 erunt
2871 574 2939 631 de
2976 584 3175 630 ctctero
3203 576 3289 630 isti
3321 577 3554 649 episcopi
3591 582 3673 650 qui
3700 583 3821 639 illam

599 668 927 737 generaliter
960 667 1026 721 ad
1061 680 1250 720 omnes
1289 661 1599 720 Christiano
1648 665 1864 720 nomine
1899 664 2184 736 insignitus

598 762 872 831 pertinere
899 767 1171 814 noscatur.
1218 759 1291 814 De
1318 772 1442 829 rege
1466 757 1607 812 enim
1630 769 1688 813 et
1708 759 1914 828 regina,
1938 758 2005 811 de
2024 757 2185 812 Chri—

595 854 770 906 stiano
792 850 910 904 viro
935 859 991 904 et
1024 848 1329 904 Christiana
1375 848 1596 912 femina,
1627 849 1691 903 de
1723 848 1839 919 lege
1866 848 2097 919 conjugii
2128 847 2182 902 in

596 942 854 999 Paradiso
882 940 1074 1010 primis
1110 957 1139 994 a
1174 939 1284 994 Deo
1314 940 1436 994 data
1462 938 1799 1009 parentibus,
1826 948 1882 993 et
1908 938 1959 991 in
1998 937 2184 991 Eccle-

598 1033 675 1085 sia
704 1030 978 1096 roborata,
1000 1039 1058 1085 et
1083 1030 1277 1085 divinis
1298 1044 1362 1083 ac
1382 1029 1631 1084 humanis
1660 1028 1866 1100 legibus
1889 1044 1983 1098 per
2012 1028 2181 1082 Deum

596 1124 934 1180 conﬁrmatis
987 1130 1167 1184 cauta,
1223 1131 1279 1176 et
1319 1120 1613 1175 constituta
1666 1119 2041 1175 benedictione
2083 1132 2182 1187 per

595 1213 956 1270 ministerium
975 1210 1332 1275 sacerdotale,
1360 1219 1414 1266 et
1442 1224 1891 1278 quorumcunquc
1940 1208 2176 1264 ﬁdelium

593 1320 746 1361 more
787 1302 1079 1365 celebrata,
1133 1300 1273 1357 ratio
1322 1309 1568 1356 versatur
1618 1301 1672 1355 in
1722 1300 1980 1364 medium,
2035 1299 2179 1367 quod

591 1404 702 1448 tam
752 1391 1265 1449 excellentissimum
1320 1392 1514 1446 bonum
1570 1405 1634 1445 ac
1688 1391 1920 1455 donum,
1967 1399 2178 1445 tantum

590 1484 786 1541 diaboli
834 1484 1146 1556 figmentum
1203 1482 1582 1547 commaculat,
1633 1492 1692 1536 ut
1743 1482 1886 1536 illius
1934 1481 2179 1550 operatio

587 1591 715 1633 esse
760 1590 865 1631 non
916 1574 1212 1641 dubitetur,
1259 1588 1419 1644 quem
1469 1571 1749 1643 Scriptura
1803 1558 2174 1641 appai'iturutu

585 1665 835 1738 praedicit
860 1684 873 1719 :
899 1663 969 1720 Ut
996 1666 1052 1720 in
1087 1663 1280 1734 templo
1306 1663 1400 1718 Dei
1423 1662 1619 1727 sedeat,
1650 1662 1922 1716 ostendens
1942 1678 1997 1715 se
2022 1662 2177 1731 quasi

589 1760 699 1827 ipse
734 1759 802 1811 sit
841 1756 982 1810 Deus
1022 1753 1108 1817 (11
1150 1753 1331 1808 Thess.
1371 1770 1432 1817 tt,
1471 1752 1559 1823 4);
1599 1761 1652 1806 et
1688 1770 1700 1805 :
1736 1751 1876 1805 Nam
1907 1752 2026 1819 jam
2063 1767 2175 1820 my-

593 1848 812 1902 sterium
843 1855 1094 1917 operatur
1134 1844 1427 1915 iniquitatis
1484 1843 1659 1914 (ibid.,
1714 1832 1803 1911 ⁸1),
1846 1857 1971 1897 cum
2020 1841 2167 1896 licita

2285 662 2638 730 diﬂiuierunt,
2672 673 2731 720 et
2755 666 3015 736 quidquid
3057 667 3110 721 in
3153 667 3498 736 postmodum
3533 668 3819 736 tlillinierint,

2285 753 2650 814 ﬁrmum‘esse
2677 772 2784 814 non
2809 758 3034 827 poterit,
3064 766 3123 814 ut
3149 774 3258 813 non
3283 759 3459 814 valeat
3486 765 3766 817 retractari.

2924 908 3230 950 BESPONSIO.

2355 1024 2483 1081 Hmc
2510 1040 2611 1081 vox
2638 1025 3011 1095 imperitorum
3034 1036 3090 1082 et
3116 1027 3477 1084 nescientium
3505 1029 3707 1101 regulas
3726 1046 3817 1088 esse

2283 1113 2637 1180 dignoscitur.
2686 1116 2873 1187 Legite
2897 1117 2950 1172 in
2983 1117 3292 1179 Sardicensi
3318 1120 3575 1184 concilio,
3601 1122 3817 1191 quodie-

2280 1207 2451 1262 siutus
2476 1224 2612 1279 papa
2639 1225 2733 1279 per
2762 1210 3076 1266 Faustinum
3109 1215 3423 1285 episcopum
3451 1216 3814 1288 Cartltagineasi

2279 1302 2487 1370 synodo
2513 1318 2575 1355 ex
2602 1304 3058 1373 superscriptione
3086 1304 3287 1361 Nicaeni
3311 1308 3515 1363 direxit
3537 1308 3753 1371 concilii,
3775 1319 3814 1363 et

2279 1390 2607 1449 Sumeienter
2641 1395 2927 1451 invenietis
2974 1396 3098 1451 talia
3145 1397 3391 1453 dicentes
3431 1414 3638 1455 errare.
3669 1400 3812 1456 Sedet

2277 1478 2387 1534 Leo
2436 1498 2572 1551 papa
2621 1482 2901 1538 Romanus
2940 1499 3007 1539 ac
3056 1487 3294 1556 synodus
3336 1486 3528 1543 Batnae
3571 1489 3731 1545 habita
3763 1491 3811 1543 ad

2276 1567 2639 1625 Theodosium
2669 1572 2969 1641 Augustum
3000 1574 3067 1629 de
3095 1576 3441 1631 retractanda
3464 1579 3667 1648 synodo
3683 1577 3812 1647 Epiro

2276 1660 2416 1725 sitia,
2459 1661 2547 1716 cui
2596 1661 2894 1729 periculose
2934 1663 3221 1719 videbatur
3260 1664 3450 1722 favere
3492 1669 3668 1738 (epist.
3698 1668 3806 1738 27);

2280 1767 2299 1801 ι
2334 1748 2473 1804 Ecce
2499 1765 2618 1820 ego,
2661 1752 2870 1822 inquit,
2910 1752 3218 1810 Christiane
3241 1764 3297 1812 et
3321 1758 3645 1813 venerabilis
3683 1759 3809 1829 impe-

2276 1847 2445 1903 rator,
2476 1853 2598 1893 cum
2626 1842 3106 1897 consaecrdotibus
3135 1844 3272 1899 meis
3291 1885 3307 1910 ,
3356 1846 3591 1917 impleas
3613 1863 3723 1917 erga
3747 1862 3806 1901 rc-

585 1940 774 1995 illicite
802 1948 1146 2007 respuuntur,
1176 1946 1231 1992 et
1259 1936 1438 1991 illicita
1464 1936 1617 2005 quasi
1648 1935 1792 1990 licite
1818 1945 2168 2004 usurpantur,
2202 1924 2247 1986 Β
2277 1928 2574 1983 verentiam
2604 1929 2907 1986 clementia:
2936 1941 3128 1986 vestra:
3157 1934 3352 1990 sinceri
3383 1939 3587 1991 artioris
3604 1938 3806 2001 cilicium,

586 2033 785 2101 quibus
808 2047 914 2086 non
939 2039 1145 2085 tantum
1169 2029 1242 2083 illi
1275 2028 1530 2097 episcopi,
1557 2027 1610 2081 in
1636 2042 1865 2097 quorum
1898 2025 2173 2095 parochiis

573 2122 669 2177 ‘vel
720 2123 1027 2175 dimeeseon
1080 2119 1549 2180 solliciuulinihus,
1597 2117 1681 2170 vel
1720 2116 1791 2170 illi
1840 2114 2056 2179 tideles,
2114 2114 2171 2168 in

584 2228 816 2283 quorum
845 2210 1017 2265 oculis
1049 2209 1172 2265 talia
1203 2215 1635 2279 prasmuuutur,
1686 2216 1746 2260 ut
1791 2207 1857 2261 ad
1906 2221 1964 2261 se
2007 2205 2172 2275 perti-

584 2305 766 2360 nentia
823 2308 1266 2356 commoveantur
1310 2316 1323 2352 :
1371 2313 1556 2352 verum
1610 2297 1894 2351 universus
1941 2294 2075 2351 ordo
2118 2302 2174 2348 et

584 2395 825 2450 omnium
853 2394 1104 2448 ordinum
1146 2392 1415 2456 homines,
1468 2389 1770 2458 ltujusmodi
1819 2397 2171 2460 portentuosa

584 2489 831 2545 novitate
856 2496 1164 2543 moventur.
1216 2484 1367 2540 Unde
1410 2491 1631 2538 sanctus
1669 2481 1993 2536 Coelestinus
2037 2494 2171 2549 papa

581 2580 878 2645 Romanus,
928 2577 1064 2633 sicut
1106 2589 1267 2646 supra
1302 2573 1410 2643 jam
1457 2573 1727 2635 diximus,
1776 2572 1843 2627 ad
1886 2571 2170 2627 Venetium

579 2682 636 2727 et
699 2680 930 2727 eteteros
982 2668 1291 2725 Gallicanos
1335 2666 1617 2736 episcopos
1667 2663 1800 2719 dicit
1850 2660 2167 2733 (epist.'8):

583 2783 604 2816 ε
635 2763 902 2820 Universa
941 2760 1175 2815 Ecclesia
1216 2772 1536 2828 quacunque
1573 2757 1809 2810 novitate
1848 2753 2109 2824 pulsatur.
2143 2770 2162 2803 ι

536 2844 646 2911 Ἐι
683 2856 749 2910 ad
796 2852 1101 2909 Nestorium
1153 2847 1804 2917 Constantinopolitamuu
1856 2845 2166 2914 episcopum

578 2947 753 3017 (epist.
789 2944 857 3015 '5)
885 2963 896 2997 :
924 2962 946 3016 ﬁ
975 2943 1056 2996 At)
1111 2940 1359 2995 euntibus
1407 2938 1531 2992 sciri
1574 2935 1729 2991 debet
1777 2933 1918 3004 quod
1969 2934 2164 3002 agitur,

581 3035 794 3105 quoties
822 3033 1064 3088 omnium
1095 3046 1256 3085 causa
1288 3037 1569 3083 tractatur.
1604 3044 1622 3076 ι
1667 3024 1789 3078 Haec
1825 3038 1986 3078 causa
2014 3022 2165 3090 quasi

571 3135 661 3181 est
683 3123 892 3178 cunctis
914 3121 967 3175 in
991 3118 1227 3188 specula.
1249 3118 1588 3185 Quapropter
1611 3114 1689 3168 sic
1705 3127 1822 3166 eam
1841 3126 2059 3165 necesse
2082 3119 2166 3165 est

570 3212 817 3276 diﬂiniri,
850 3210 933 3265 vel
963 3207 1240 3264 dilliuitam
1271 3221 1300 3258 a
1329 3204 1536 3259 cunctis
1566 3202 1805 3271 aguo~ci,
1838 3201 1979 3254 sicut
2005 3198 2164 3255 debet

574 3303 646 3357 ab
671 3272 925 3357 omnibus
954 3296 1251 3358 observari,
1301 3302 1358 3346 ut
1405 3300 1459 3346 et
1500 3292 1760 3346 Dominus
1802 3292 1930 3345 dicit
1964 3288 2155 3355 :Quod
2187 3272 2232 3335 C

572 3393 719 3448 vobis
745 3391 884 3456 dico,
909 3388 1149 3444 omnibus
1175 3387 1292 3440 dico
1321 3399 1338 3437 :
1380 3382 1599 3455 Vigilate
1637 3383 1830 3455 (Marc.
1874 3399 1995 3446 xm,
2042 3383 2156 3452 57).

572 3485 637 3541 Et
691 3484 944 3538 Africano
1006 3481 1234 3535 concilio
1292 3490 1373 3534 est
1428 3478 1705 3534 definitum
1756 3481 1897 3549 (can.
1943 3477 2054 3547 95),
2104 3485 2163 3532 ut

573 3591 772 3638 caustc,
813 3589 935 3642 quae
962 3586 1278 3626 communes
1325 3585 1430 3624 non
1462 3578 1606 3634 sunt,
1637 3568 1691 3622 in
1724 3569 1837 3623 suis
1866 3567 2159 3638 provim-iis

567 3666 881 3733 iudicentur
904 3680 917 3716 :
940 3664 1154 3733 quoties
1182 3672 1361 3716 autem
1384 3660 1625 3731 exegerit
1643 3675 1803 3715 causa
1832 3658 2157 3723 communis,

570 3753 837 3825 generalis
863 3752 1099 3825 synodus
1144 3758 1520 3821 congregetur,
1572 3757 1629 3803 ut
1678 3749 1730 3803 in
1775 3764 1837 3804 ea
1889 3751 2160 3820 generalis

572 3860 737 3900 causa
769 3843 1081 3900 dilliniatur.
1117 3841 1383 3910 Quoniam
1413 3848 1471 3894 ιιι
1514 3840 1860 3895 Innocentius
1901 3855 2036 3909 papa
2090 3840 2158 3895 ad

571 3937 889 3993 Victricium
922 3936 1413 4003 Rhotomagensem
1441 3932 1629 3988 scribit
1649 3932 1955 4002 cpiscOpunt
1980 3932 2153 4002 (epist.

569 4046 612 4095 ι,
629 4049 675 4085 c.
695 4030 747 4100 1)
767 4045 781 4084 :
804 4048 821 4079 ι
843 4029 1111 4099 Iutegrum
1120 4026 1383 4097 judicium
1397 4033 1500 4089 est,
1515 4025 1655 4095 quod
1673 4025 2022 4090 plurimorum
2039 4039 2158 4078 sen-

571 4123 755 4178 tentiis
776 4120 943 4193 685
969 4120 1344 4177 confirmatur.
1377 4137 1394 4169 ι
1436 4117 1773 4187 Quapropter
1797 4130 2018 4171 necesse
2047 4124 2154 4182 est,

569 4221 630 4267 ut
656 4213 770 4267 haec
795 4208 1065 4281 generalis
1093 4221 1256 4262 causa
1301 4205 1367 4260 ad
1407 4220 1599 4260 onmes
1632 4204 1958 4275 generaliter
1987 4203 2154 4275 perti-

567 4318 724 4368 nens,
765 4302 819 4357 in
858 4301 1100 4356 omnium
1138 4298 1388 4367 notitiam
1421 4296 1623 4361 veniat,
1653 4306 1709 4351 et
1744 4294 1980 4365 generali
2012 4293 2151 4349 ditii-

568 4393 776 4448 nitione
822 4390 1234 4451 determinetur,
1283 4403 1351 4441 ne
1393 4402 1423 4439 a
1468 4386 1645 4441 minus
1689 4399 1809 4439 eam
1855 4384 2161 4457 scientibus

567 4485 804 4540 dicatur.
838 4481 1027 4538 Omnis
1060 4483 1150 4550 qui
1205 4477 1346 4533 iﬂale
1393 4478 1504 4548 agit
1543 4477 1658 4533 odit
1706 4476 1900 4539 lucem,
1944 4484 2000 4531 et
2046 4492 2152 4530 non

567 4574 720 4630 venit
748 4573 814 4627 ad
845 4573 1052 4635 lucem,
1092 4579 1151 4624 ut
1199 4585 1304 4622 non
1347 4576 1643 4638 arguantur
1678 4582 1845 4638 opera
1874 4567 2027 4639 ejus:
2058 4570 2149 4639 qni

568 4672 753 4720 autem
780 4664 922 4719 bona
950 4661 1083 4733 agit,
1115 4661 1263 4717 venit
1298 4660 1363 4714 ad
1396 4660 1602 4725 lucem,
1645 4667 1705 4714 ut
1741 4660 2154 4716 manifestentur

568 4767 733 4826 opera
773 4750 922 4822 ejus,
973 4750 1099 4819 quia
1148 4750 1201 4804 in
1244 4749 1355 4804 Deo
1388 4756 1515 4804 sunt
1549 4748 1690 4804 facta
1718 4766 1733 4803 :
1764 4757 1820 4805 et
1847 4765 1967 4819 quae
2005 4749 2149 4815 inde,

567 4853 828 4918 quantum
863 4842 929 4898 ad
954 4841 1363 4913 generalitatem
1391 4847 1618 4909 spectat,
1660 4839 1713 4893 in
1744 4838 1984 4895 tenebris
2008 4838 2153 4895 dicta

567 4946 714 5000 sunt,
747 4936 798 4991 in
832 4934 1033 4989 lumine
1057 4932 1327 4995 dicantur,
1356 4939 1411 4986 et
1437 4946 1555 5001 quae
1581 4930 1632 4985 in
1658 4946 1787 4985 aure
1816 4931 1993 4986 locuta
2021 4942 2157 4993 sunt

568 5028 621 5080 in
651 5025 942 5087 cubiculis,
987 5021 1350 5094 pnediccntur
1374 5036 1535 5090 super
1560 5028 1723 5083 tecta,
1771 5029 1827 5073 ιιι
1862 5038 1892 5075 a
1932 5023 2146 5078 nemine

567 5114 1054 5186 reprehendantur,
1098 5112 1188 5182 qui
1238 5122 1294 5165 ut
1327 5111 1578 5165 omnibus
1609 5112 1776 5165 verbo
1796 5120 2037 5182 clepere
2062 5113 2144 5168 lu-

716 5218 717 5221 η
814 5219 820 5223 _
887 5207 899 5223 ,
1016 5188 1108 5226 ο..
1175 5204 1615 5241 --κμη-ςε-ιῖοηίιιν
1657 5203 2147 5270 utluceruasupcr

2281 2019 2612 2088 cupiensque
2639 2035 2734 2075 vos
2760 2021 2972 2091 placere
2996 2038 3091 2091 per
3109 2025 3289 2078 omnia
3320 2026 3455 2091 Deo,
3483 2028 3567 2079 cui
3591 2044 3679 2096 pro
3697 2027 3806 2080 vobis

2276 2107 2346 2162 ab
2368 2108 2610 2162 Ecclesia
2633 2111 2987 2178 supplicatur,
3025 2126 3093 2165 ne
3120 2121 3246 2168 ante
3272 2115 3509 2168 tribunal
3542 2115 3727 2169 Domini
3754 2116 3806 2168 rei

2276 2198 2343 2257 de
2369 2199 2583 2254 silentio
2601 2198 2925 2268 judiccmur,
2959 2203 3309 2259 obsecramus
3345 2220 3533 2259 coram
3562 2207 3704 2260 unius
3724 2206 3804 2260 dei-

2276 2290 2404 2346 tatis
2442 2291 2787 2362 inseparabili
2824 2291 3111 2359 Trinitate,
3157 2310 3279 2363 qua:
3318 2295 3411 2350 tali
3455 2295 3598 2352 facto
3623 2297 3799 2353 Lelitur.

2272 2396 2397 2436 cum
2449 2382 2561 2451 ipsa
2607 2382 2772 2437 vestri
2816 2383 2886 2437 sit
2928 2391 3110 2439 custos
3151 2393 3207 2440 et
3251 2387 3466 2445 auctrix
3512 2388 3730 2457 imperii,
3763 2394 3802 2440 et

2274 2488 2456 2529 coram
2489 2474 2695 2529 sanctis
2738 2474 2942 2545 angelis
2968 2474 3203 2540 Christi,
3235 2486 3295 2531 ut
3321 2480 3505 2533 omnia
3536 2480 3588 2534 in
3612 2497 3670 2534 eo
3693 2490 3799 2535 statu

2275 2578 2395 2619 esse
2418 2565 2654 2635 jubealis
2673 2605 2687 2631 ,
2718 2566 2771 2620 iu
2803 2581 2910 2635 quo
2938 2565 3157 2621 fuerunt
3193 2577 3320 2623 ante
3349 2568 3642 2639 judicium,
3671 2571 3799 2622 donec

2271 2656 2445 2727 major
2466 2671 2531 2710 ex
2562 2664 2674 2712 toto
2710 2658 2842 2712 orbe
2880 2659 3221 2714 sacerdotum
3266 2675 3532 2716 numerus
3564 2676 3798 2730 cougrtge—
3876 2646 3877 2673 ‘

2271 2759 2380 2813 tur,
2411 2762 2511 2802 nec
2535 2747 2713 2802 alieno
2738 2756 2962 2817 peccato
2988 2749 3272 2818 patiamini
3300 2767 3396 2807 vos
3416 2754 3661 2823 gravari:
3685 2754 3792 2822 quia.
3874 2748 3875 2763 ‘

2270 2837 2412 2906 quod
2445 2852 2665 2892 necesse
2691 2847 2775 2893 est
2804 2854 2904 2893 uos
2934 2840 3131 2903 dicere,
3173 2856 3427 2897 veremur
3453 2859 3523 2899 ne
3549 2843 3684 2912 cujus
3707 2843 3791 2895 reli-
3872 2830 3873 2853 ¹

2270 2930 2358 2999 gio
2397 2929 2711 2999 dissipatur,
2752 2932 3052 3002 indignatio
3086 2946 3436 3003 provocetur.
3468 2954 3489 2987 ι
3534 2935 3788 3004 Quodetin
3870 2938 3871 2941 “

2269 3022 2373 3077 bac
2398 3037 2585 3087 causa,
2618 3037 2738 3092 quae
2770 3038 2875 3079 non
2909 3025 3119 3080 modica
3159 3026 3212 3079 in
3255 3027 3363 3081 [ide
3387 3037 3443 3082 et
3473 3028 3705 3100 religione
3731 3034 3787 3080 est

2269 3114 2465 3183 portio,
2494 3114 2564 3169 ab
2588 3116 2841 3170 omnibus
2870 3116 3265 3182 sacerdotibus,
3299 3119 3541 3189 regibus,
3567 3131 3617 3174 et
3641 3116 3786 3188 prima
3864 3110 3867 3189 Ῐ

2267 3204 2443 3273 pibus,
2480 3214 2646 3274 atque
2682 3207 2894 3262 cunctis
2933 3208 3257 3277 generaliter
3298 3184 3461 3265 simul
3498 3184 3729 3273 ﬁdelibus,
3756 3209 3784 3261 si
3861 3184 3865 3299 ί

2267 3297 2602 3368 negligenter
2628 3300 2863 3373 ducitur,
2896 3316 3003 3356 non
3037 3302 3384 3357 mediocriter
3412 3315 3500 3359 est
3532 3304 3782 3360 verendum.
3859 3356 3861 3389 1

2267 3388 2371 3445 Sed
2409 3399 2465 3445 et
2502 3393 2674 3446 sacris
2714 3392 3090 3449 manifestatur
3125 3394 3429 3451 canonibus
3450 3435 3468 3461 ,
3501 3412 3670 3451 curam
3703 3406 3783 3449 esse
3857 3434 3859 3479 Α

2270 3482 2438 3537 totius
2475 3483 2768 3553 provincia:
2814 3500 2982 3555 penes
3022 3486 3496 3557 archiepiscopum
3532 3486 3610 3541 vel
3639 3485 3780 3555 prima-

2269 3580 2398 3638 tem,
2425 3574 2518 3644 qui
2545 3575 2987 3646 coepiscoporum
3012 3575 3171 3631 debet
3199 3591 3362 3631 nosse
3389 3575 3611 3643 judicia,
3632 3575 3688 3630 de
3704 3570 3780 3639 snio

2262 3663 2365 3719 bus
2395 3666 2703 3719 necessaria
2734 3666 2901 3721 fuerit
2926 3666 3261 3729 reclamatio,
3296 3664 3354 3722 ct
3387 3667 3443 3722 in
3467 3668 3651 3737 quibus
3669 3678 3779 3732 aego-

2263 3755 2394 3809 tium
2438 3755 2749 3825 expetierit,
2799 3757 2960 3813 debet
2996 3756 3167 3828 686
3210 3756 3414 3813 electos
3452 3756 3652 3826 judices
3682 3752 3776 3809 desi-

2261 3860 2449 3915 gnare.
2483 3844 2690 3911 Quibus
2719 3846 2973 3901 omnibus
2996 3847 3422 3913 demonstratur,
3448 3848 3571 3917 quia
3601 3842 3774 3918 synodus

2262 3937 2801 4005 comprovincialium
2850 3938 3226 4007 episcoporum
3270 3936 3516 4007 judicia,
3573 3931 3771 4009 generali!

2260 4036 2440 4083 autem
2507 4029 2746 4099 synodus
2798 4029 3330 4098 comprovincialium
3385 4029 3765 4100 dijudicatioocs.

2261 4118 2375 4173 sive
2423 4119 2819 4180 dissensiones.
2868 4120 2951 4175 vel
2998 4123 3189 4190 probet
3228 4120 3312 4177 vel
3360 4122 3623 4191 corrigat,
3663 4114 3763 4169 util

2256 4208 2513 4264 Africana
2540 4209 2749 4280 synodo
2776 4210 3201 4277 demonstratur,
3228 4228 3352 4282 qua:
3378 4213 3514 4268 nihil
3546 4213 3606 4266 de
3629 4209 3763 4277 ﬂippa—

2257 4300 2434 4355 niensi
2457 4299 2687 4356 concilio
2711 4300 2901 4355 statuit
2927 4302 3342 4357 emendandum.
3376 4299 3657 4373 Apostolica
3678 4309 3762 4349 rem

2259 4391 2414 4446 sedes
2442 4400 2495 4445 et
2528 4391 3064 4463 comprovincialium
3100 4403 3155 4447 et
3194 4394 3526 4462 generalium
3556 4394 3757 4448 retracta.

2261 4480 2498 4545 refricct,
2530 4480 2611 4534 vel
2637 4482 3165 4550 conﬁrmetjudiria,
3194 4484 3335 4538 sicut
3357 4482 3587 4553 epistola:
3607 4475 3755 4534 leonis.

2258 4578 2419 4638 aulue
2458 4569 2695 4634 Gelasil,
2741 4581 3173 4643 caaterorumque
3209 4573 3571 4629 Romanorum
3608 4563 3755 4638 pontii-

2258 4675 2402 4725 cum,
2433 4669 2488 4715 et
2513 4661 2856 4717 Sardicensis
2882 4663 3120 4733 synodus
3142 4663 3425 4718 evidenter
3449 4659 3753 4717 ostendente!

2257 4752 2634 4822 episcoporum
2661 4761 2807 4809 recte
2822 4754 3179 4823 judieautium
3200 4738 3573 4818 conﬁrmatur,
3588 4761 3632 4806 et
3650 4755 3751 4802 θεῶ

2252 4841 2609 4911 judicantium
2654 4846 2964 4915 corrigitur,
3018 4855 3075 4901 et
3122 4847 3396 4901 interdum
3439 4846 3649 4901 funditus
3680 4848 3747 4890 nol

2256 4933 2395 5002 perit
2422 4935 2732 4990 auctoritas.

2800 5012 3146 5118 cuiusne
3181 5050 3266 5105 ιιι.

2321 5162 2387 5217 Ει
2422 5163 2640 5228 dicunt,
2682 5162 2804 5231 quia
2851 5178 2955 5217 non
3000 5162 3091 5215 alii
3135 5162 3552 5233 archiepiscopi,
3588 5158 3742 5220 esset?”

2254 5252 2569 5304 ςιηοςιηΙὶρο.
2597 5253 2821 5304 maioris
2850 5253 3187 5304 auctoritatis
3214 5252 3357 5304 sint-
3408 5267 3560 5304 uuam
3598 5246 3655 5300 illi
3684 5236 3740 5304 illi
