3906 5506
79 522 162 580 749

968 502 1057 559 DE
1093 498 1421 558 DIVORTIO
1457 492 1792 553 LOTilAREI
1833 492 1919 548 ΕΤ
1959 486 2369 547 ΤΕΤΒΕΙΚΟᾸΞ.

3184 480 3295 539 7ἔο

78 632 178 704 psit,
205 626 322 686 Nos,
358 616 630 687 inquiens,
657 624 705 670 et
734 614 874 683 quod
898 622 1081 667 contra
1105 611 1187 682 {as
1212 619 1312 675 est,
1339 609 1495 663 etiam
1521 623 1610 659 sa-
1638 610 1685 665 Α
1714 610 1773 656 ut
1806 615 1970 672 supra
2013 600 2270 661 diximus,
2327 597 2665 704 demonstrat
2707 594 2914 704 dicens,
2959 591 3299 665 Congregati:

76 699 271 778 indoles
308 710 541 767 uolumus
583 723 695 763 esse
734 715 1016 761 correctos.
1058 703 1326 772 Relegant
1359 699 1454 769 qui
1497 699 1616 751 hinc

79 815 231 870 dicunt
256 808 415 862 Actus
438 801 829 871 apostolorum,
857 808 913 853 et
942 797 1183 858 videant,
1215 793 1340 863 quia
1369 792 1436 845 de
1463 805 1617 860 qua:-

78 902 225 958 stione
248 889 671 951 circumcisionis
690 896 747 943 et
772 884 1151 941 observatione
1178 882 1314 953 legis
1329 921 1345 945 ,
1392 878 1617 949 quidam

79 984 433 1045 descendentes
459 980 530 1036 ab
556 978 856 1035 Jerusalem
903 976 956 1029 in
995 972 1340 1028 Antiochiam
1380 982 1619 1023 commo-

77 1085 241 1135 verunt
276 1073 591 1130 seditionem
634 1068 897 1125 adversus
929 1064 1158 1119 Paulum
1198 1071 1253 1117 et
1286 1059 1617 1123 Barnabam,

79 1170 188 1223 adeo
214 1176 267 1219 ut
295 1161 580 1218 statuerint
616 1172 715 1228 pro
757 1158 860 1210 hac
900 1154 1225 1225 quaestione,
1272 1148 1454 1203 missis
1492 1159 1617 1200 etim

76 1262 246 1317 eisdem
265 1256 422 1310 etiam
444 1251 590 1315 aliis,
619 1248 912 1304 ascendere
943 1243 1372 1311 Hierosolymam
1396 1239 1466 1293 ad
1492 1251 1620 1306 apo—

75 1351 214 1407 stolos
239 1359 290 1403 et
315 1344 696 1417 presbyteros,
740 1338 806 1392 de
857 1351 962 1404 qua
1010 1334 1196 1388 itidem
1234 1328 1464 1398 quaastio
1498 1332 1621 1395 post

74 1446 328 1498 adventum
350 1450 537 1492 eorum
562 1441 708 1487 mota
728 1438 813 1485 est
838 1445 867 1482 a
893 1425 1214 1497 quibusdam
1239 1438 1305 1476 ex
1334 1417 1620 1474 Pbarisaeis

74 1534 118 1586 in
139 1527 423 1585 Jerusalem
449 1541 466 1578 :
492 1532 549 1578 et
576 1519 942 1592 perpendant,
977 1516 1121 1584 quod
1150 1514 1311 1568 aliter
1335 1526 1401 1566 ex
1427 1523 1490 1564 ea
1518 1504 1622 1560 dit‘o

76 1621 252 1675 ﬁnitum
294 1632 325 1670 a
367 1614 555 1677 Petro,
595 1619 651 1665 et
679 1610 752 1663 sit
775 1607 1154 1678 judicaturma
1198 1599 1417 1662 .lacobo,
1458 1608 1621 1665 quam

74 1709 132 1763 illi
166 1706 482 1777 judicarent,
534 1709 590 1755 et
636 1694 950 1759 ditIinirent,
996 1703 1052 1747 et
1098 1704 1258 1745 nemo
1300 1688 1372 1742 sit
1410 1685 1624 1739 illorum

70 1773 324 1851 damnatus
369 1792 522 1863 (Act.
569 1793 699 1857 xv).
756 1786 985 1861 Videant
1024 1794 1238 1852 quoque
1282 1778 1336 1832 in
1386 1773 1625 1844 Epistula

71 1884 195 1941 Pauli
218 1883 283 1937 ad
313 1880 556 1944 Galatas,
587 1877 810 1932 Petrum
854 1874 920 1929 dc
964 1868 1308 1926 simulatione
1338 1866 1407 1921 ab
1433 1864 1625 1919 eodem

1715 692 1857 747 nobis
1908 700 1958 744 et
2002 706 2116 743 meo
2145 688 2331 759 spiritu
2357 686 2410 757 (I
2435 685 2558 741 Cor.
2592 698 2647 749 ι’,
2685 684 2763 757 4).
2817 685 2884 739 Et
2930 683 3295 755 apostolorun

1714 788 1984 856 princeps,
2017 782 2182 837 multa
2222 781 2485 836 donorum
2535 778 2709 849 gratia
2742 778 3000 847 repletus,
3047 776 3289 831 maxima

1717 874 2104 931 miraculorum
2124 877 2392 941 potestate
2422 868 2694 934 suﬂ'ultus,
2731 866 2945 937 quando
2984 881 3081 936 per
3115 866 3299 919 admo-

1715 959 1980 1022 nitionéin
2005 964 2242 1033 Spiritus
2270 960 2339 1015 ad
2364 958 2672 1015 Cornelium
2694 959 2946 1027 gentilcm
2976 957 3078 1011 fuit
3095 957 3304 1027 ingres—

1717 1074 1830 1124 sus,
1860 1064 2050 1111 contra
2101 1067 2226 1109 eum
2279 1065 2312 1105 a
2359 1050 2607 1105 ﬁdelibus
2633 1049 2929 1118 quaestione
2982 1048 3143 1112 facta,
3198 1061 3301 1102 cur

1716 1151 1785 1205 ad
1826 1148 2054 1220 gentiles
2098 1146 2374 1209 intrasset,
2424 1150 2480 1197 et
2524 1140 2851 1196 comedisset
2888 1154 3014 1194 cum
3057 1138 3157 1203 eis,
3202 1151 3302 1192 cur

1717 1258 1813 1299 eos
1858 1244 1912 1298 in
1962 1242 2284 1313 baptismate
2315 1241 2624 1312 recepisset,
2658 1253 2763 1293 non
2786 1252 2852 1293 ex
2875 1243 3164 1307 potestate,
3200 1235 3301 1290 sed

1719 1353 1785 1393 ex
1817 1338 2025 1393 ratione
2052 1337 2283 1407 querelae
2329 1334 2635 1406 respondit,
2668 1348 2889 1388 causam
2918 1345 3018 1402 per
3054 1329 3306 1385 ordinem
3352 1312 3367 1323 ’

1718 1428 1989 1497 exposuit,
2014 1426 2199 1481 humili
2229 1441 2323 1481 eos
2351 1426 2561 1480 ratione
2585 1423 2838 1496 placavit,
2870 1431 3031 1491 atque
3051 1421 3105 1475 iu
3138 1434 3308 1475 causa

1722 1516 2159 1587 reprehensionis
2189 1530 2302 1570 sua:
2338 1515 2502 1569 etiam
2531 1522 2698 1569 testes
2748 1511 3031 1575 adhibuit,
3056 1510 3247 1565 dicens
3281 1527 3298 1564 :

1729 1590 1994 1660 Venarum
2049 1614 2222 1659 autem
2262 1620 2464 1659 mecum
2511 1614 2561 1657 et
2606 1620 2700 1657 sea:
2740 1602 2929 1672 fratres
2956 1602 3044 1655 isti
3069 1599 3210 1671 (Act.
3242 1616 3303 1664 x,

1722 1706 1772 1751 et
1822 1698 1922 1767 xi).
1954 1696 2011 1751 Si
2063 1696 2227 1766 igitur
2277 1702 2461 1764 pastor
2507 1693 2795 1756 Ecclesiae,
2847 1702 2902 1746 et
2939 1690 3311 1761 apostolorum

1726 1785 2003 1855 princeps,
2057 1786 2213 1855 signa
2267 1792 2323 1839 et
2374 1784 2633 1838 miracula
2688 1781 3038 1854 singulariter
3083 1780 3315 1845 faciens,

1730 1891 1835 1930 non
1893 1867 2214 1946 dedigualbs
2255 1886 2341 1930 est
2394 1875 2449 1929 in
2495 1882 2659 1931 causa
2712 1872 3150 1944 reprehensionis
3200 1884 3315 1925 suae

72 1976 211 2031 Paulo
237 1973 647 2042 reprehensum,
675 1974 1008 2035 correptum,
1034 1970 1195 2030 atque
1222 1967 1549 2019 correctum,
1571 1962 1627 2008 ct

1734 1967 1993 2021 rationem
2064 1966 2337 2021 humiliter
2388 1964 2656 2029 reddere,
2724 1973 2928 2033 quanto
2979 1961 3151 2032 magis
3215 1973 3315 2016 nes

12 2130 13 2135 η
70 2081 159 2119 non
196 2064 545 2117 damnatum:
578 2068 635 2113 et
658 2056 907 2113 canidem
931 2051 1328 2122 corrcptionem
1374 2064 1405 2101 a
1448 2045 1626 2116 primo

78 2158 423 2224 apostolorum
447 2152 584 2206 adeo
618 2157 975 2218 acccptatam,
1002 2154 1063 2201 ut
1085 2144 1303 2201 easdem
1323 2140 1476 2195 Pauli
1506 2138 1628 2208 Epi-

68 2249 243 2313 stolas,
287 2248 340 2301 in
384 2244 586 2315 quibus
619 2258 680 2297 se
711 2241 1100 2311 reprehensum
1138 2236 1369 2306 legerat.
1417 2231 1627 2300 magnis

68 2337 286 2393 laudibus
327 2338 627 2392 honoraret
657 2331 802 2404 (Gal.
832 2346 901 2394 It;
937 2327 1003 2382 ΙΙ
1014 2318 1172 2380 Ῥειτ.
1204 2327 1307 2394 ιιι).
1333 2324 1399 2377 Et
1417 2337 1486 2377 ne
1506 2321 1628 2391 quis

69 2429 209 2489 dicat,
249 2436 306 2482 ut
343 2426 646 2482 secundum
676 2421 1016 2491 Scripturam
1042 2406 1276 2471 minor'a
1305 2412 1508 2483 majore
1535 2410 1629 2464 bc-

68 2519 312 2573 nedicitur
332 2516 531 2587 (Hebr.
558 2530 634 2569 vn
654 2554 668 2579 ,
697 2512 775 2583 7),
808 2512 879 2565 ita
909 2523 1016 2562 non
1045 2505 1220 2576 major
1247 2521 1278 2559 a
1311 2504 1518 2557 minore
1540 2499 1627 2571 ju-

69 2609 327 2673 dicabitur,
366 2607 558 2677 legant
598 2602 749 2658 Pauli
792 2599 1064 2670 Epistolas
1106 2598 1175 2654 ad
1216 2594 1543 2653 Corinthius,
1572 2598 1628 2645 et

64 2700 316 2754 invenient
380 2695 861 2765 archiepiscopum
904 2700 960 2746 et
1023 2690 1300 2745 doctorem
1351 2683 1628 2755 egregium

67 2790 385 2855 redarguisse
412 2786 810 2847 inobedientes,
832 2791 995 2850 atque
1012 2778 1340 2841 correxisse,
1370 2790 1476 2830 non
1500 2788 1639 2828 con-7

64 2882 324 2935 demnasse
351 2880 646 2948 episcopos
669 2915 684 2939 ,
727 2874 855 2943 quia
906 2871 1286 2927 fornicatorem
1325 2867 1442 2922 sine
1470 2865 1629 2936 digna

64 2969 346 3026 invectione
392 2969 782 3041 permitterent
830 2964 969 3018 inter
1011 2975 1070 3017 se
1116 2961 1330 3030 degere.
1378 2958 1444 3012 Et
1492 2970 1628 3025 quo—

60 3060 188 3113 niam
222 3075 321 3129 pro
356 3055 672 3126 hujusmodi
720 3068 947 3108 excessu
991 3051 1274 3119 episcopos
1318 3048 1633 3117 increpave-

60 3150 138 3213 rit,
181 3150 467 3204 evidenter
510 3147 626 3216 ipse
663 3145 1001 3199 demonstrat
1043 3142 1228 3195 dicens
1266 3156 1279 3191 :
1320 3136 1387 3191 In
1427 3137 1634 3191 nomine

57 3237 249 3292 Domini
307 3238 483 3293 nostri
534 3237 663 3291 Jesu
721 3234 952 3296 Christi,
999 3231 1326 3303 congregatis
1386 3228 1529 3282 nobis
1583 3235 1635 3281 et

1727 2066 2062 2128 peccatores,
2092 2072 2214 2113 cum
2237 2057 2304 2113 de
2330 2056 2508 2126 aliqua
2543 2070 2603 2110 re
2627 2054 3088 2126 reprehendimur,
3117 2066 3308 2121 repre-

1728 2156 1986 2211 hensores
2028 2159 2243 2209 nostros
2293 2152 2501 2208 ratione
2549 2150 2739 2215 humili
2767 2148 2987 2219 placare
3030 2146 3309 2207 debemus,

1729 2247 1945 2303 etiamsi
1995 2245 2219 2317 majoris
2267 2244 2609 2300 auctoritatis
2648 2243 2701 2296 in
2750 2241 2931 2312 aliquo
2968 2236 3316 2310 iudicemur?

1731 2338 1798 2393 Et
1831 2339 1947 2394 lucc
1978 2338 2232 2403 dicimus,
2285 2352 2391 2392 non
2424 2350 2531 2406 quo
2562 2334 2758 2390 fratres
2800 2341 2855 2387 et
2900 2329 3318 2386 consacerdotes

1730 2438 1949 2485 nostros
1989 2429 2042 2483 in
2079 2428 2263 2498 aliquo
2313 2428 2611 2482 secundum
2660 2423 2875 2495 regulas
2914 2421 3318 2478 ecclesiasticas

1727 2519 2037 2589 iudicantes
2076 2517 2560 2588 reprehendamus,
2599 2515 2693 2571 sed
2740 2524 2798 2569 ut
2826 2527 2947 2583 quae
2972 2512 3180 2583 agenda
3223 2525 3320 2565 no-

1733 2609 1818 2665 bis
1846 2617 1992 2675 sunt,
2016 2609 2109 2679 qui
2147 2608 2347 2677 aliquid
2373 2623 2494 2664 esse
2526 2606 2779 2671 dicimur,
2803 2621 2925 2660 cum
2954 2604 3087 2659 nihil
3124 2603 3316 2667 simus,

1732 2709 1793 2756 ut
1823 2701 1959 2757 dicit
1986 2700 2275 2771 Apostolus
2305 2699 2449 2769 (Gal.
2472 2697 2568 2769 vr),
2602 2713 2710 2753 non
2753 2684 3120 2766 nosmetipsos
3162 2694 3322 2751 sedu-

1733 2808 1942 2858 camus,
1994 2790 2335 2846 manifestius
2380 2791 2818 2846 demonstremus
2856 2798 2953 2845 :et
2976 2789 3022 2843 si
3049 2789 3101 2843 in
3127 2804 3315 2850 causa,

1735 2880 1927 2949 dequa
1952 2879 2274 2949 disceptatio
2325 2879 2589 2944 nascitur,
2632 2877 2889 2948 quiddam
2937 2877 3323 2933 emendatione

1736 2969 1958 3040 dignum
1993 2969 2283 3034 exstiterit,
2318 2969 2466 3023 salva
2518 2965 2785 3024 ch'aritate
2827 2976 3065 3023 mutetur
3106 2968 3159 3022 in
3207 2983 3320 3023 me-

1737 3060 1865 3125 lius,
1894 3060 2035 3116 sicut
2065 3060 2132 3115 de
2178 3076 2284 3114 non
2328 3058 2783 3114 circumeidendis
2812 3057 3077 3129 gentibus,
3112 3067 3168 3113 et
3213 3074 3324 3116 non

1741 3151 1809 3205 de
1833 3149 1965 3222 jugo
1993 3149 2127 3219 legis
2155 3150 2234 3205 eis
2262 3149 2549 3217 gravandis
2589 3149 2763 3205 sensit
2798 3147 3017 3212 Paulus,
3049 3149 3326 3204 consensit

1742 3241 1956 3305 Petrus,
2001 3240 2332 3311 adjudicavit
2359 3237 2593 3295 Jacobus
2649 3238 2788 3311 (Act.
2833 3238 2945 3310 xv).
2974 3238 3044 3293 Et
3070 3239 3209 3293 sicut
3233 3254 3328 3293 suo

56 3344 155 3383 meo
188 3331 383 3400 spiritu
427 3327 480 3400 (I
507 3326 629 3381 Cor.
656 3341 709 3390 ν,
736 3324 815 3392 4).
857 3324 924 3377 Ει
970 3322 1026 3378 in
1069 3321 1301 3377 secunda
1345 3318 1584 3388 Epistula
1618 3335 1630 3371 :

1744 3347 1896 3387 crum
1927 3332 2201 3388 Nicaenum
2233 3331 2472 3386 decrevit
2508 3330 2796 3385 concilium
2818 3329 2958 3399 (can.
2990 3343 3067 3401 ν),
3089 3338 3148 3385 ut
3178 3345 3331 3386 como

56 3417 265 3491 Propter
302 3422 453 3493 quod
500 3420 707 3474 obsecro
754 3434 876 3482 vos,
926 3426 980 3469 ut
1028 3414 1343 3483 conﬁrmatis
1383 3414 1437 3467 in
1480 3411 1632 3465 illum

51 3512 371 3573 rharilatem.
400 3509 535 3564 Ideo
554 3509 690 3563 enim
715 3507 826 3561 hcce
846 3506 1029 3576 scripsi
1055 3504 1213 3567 vobis,
1239 3513 1295 3556 ut
1325 3516 1635 3572 cognoscam

50 3599 199 3670 687
224 3600 647 3671 experimentum
673 3597 845 3658 uestri,
880 3613 951 3649 an
983 3596 1038 3648 in
1064 3594 1302 3649 omnibus
1340 3592 1635 3647 obedientes

46 3691 171 3743 sitis.
194 3688 297 3744 Cui
313 3688 540 3760 aliquid
569 3687 829 3750 donastis,
850 3695 897 3739 et
919 3701 1034 3754 ego.
1065 3683 1206 3739 Nam
1228 3699 1345 3754 ego,
1370 3681 1509 3752 quod
1535 3681 1633 3735 do-

48 3782 177 3844 navi,
204 3781 250 3834 si
274 3780 413 3851 quid
457 3779 685 3847 donari,»
705 3783 914 3847 propter
963 3791 1050 3829 vos
1089 3774 1143 3828 in
1187 3789 1411 3844 persona
1439 3770 1637 3825 Christi

47 3869 122 3940 (ll
154 3870 281 3925 Cor.
314 3887 383 3937 ιι,
416 3871 471 3933 8,
513 3869 566 3933 9,
612 3869 723 3939 10).
762 3865 968 3922 Donavi
1007 3865 1152 3920 enim
1190 3864 1344 3926 dixit,
1395 3861 1634 3928 indulsi;

45 3960 180 4027 quod
216 3976 331 4014 non
380 3958 617 4014 aliorum
656 3967 743 4013 est
770 3974 784 4010 :
812 3958 879 4011 de
909 3954 1125 4025 publico
1166 3952 1377 4027 publice
1426 3951 1639 4021 abjecto

44 4055 290 4123 crimine,
320 4068 499 4126 quam
526 4053 924 4122 episcoporum,
947 4047 1108 4103 sicuti
1159 4056 1360 4102 norunt
1405 4045 1498 4116 qui
1547 4059 1636 4100 re-

41 4145 187 4216 gulas
211 4144 636 4202 ecclesiasticas
676 4157 782 4197 non
829 4140 1098 4211 ignorant.
1132 4137 1286 4193 Unde
1313 4143 1368 4191 et
1417 4135 1470 4190 in
1506 4134 1642 4191 Car-

40 4236 349 4308 thag'nensi
384 4234 623 4292 concilio
661 4232 917 4289 scribitur
947 4232 1089 4302 (can.
1141 4227 1229 4299 15)
1260 4244 1275 4281 :
1314 4226 1428 4281 lloc
1447 4224 1639 4291 etiam,

38 4326 531 4400 inquit,'placuit,
572 4334 630 4381 ut
659 4341 690 4381 a
732 4325 1139 4395 quibuscunque
1161 4319 1432 4391 iudicibus
1465 4316 1642 4373 eccle-

39 4418 273 4475 siasticis
337 4417 420 4474 ad
460 4415 671 4485 iudices
724 4412 1156 4475 ecclesiasticos,
1203 4410 1295 4466 ubi
1332 4415 1417 4466 est
1468 4407 1643 4478 major

36 4512 377 4576 auctoritas,
412 4508 579 4564 fuerit
603 4514 976 4577 provocatum,
1005 4520 1113 4559 non
1126 4503 1207 4560 eis
1226 4502 1388 4569 obsit,
1409 4515 1642 4572 quorum

34 4596 421 4656 tucritsoluta
464 4596 752 4660 sententia,
794 4595 841 4652 si
876 4593 1110 4649 convicti
1158 4607 1267 4648 non
1316 4590 1518 4646 fuerint
1556 4589 1641 4646 vel

30 4691 254 4748 inimico
316 4690 517 4746 animo
556 4686 853 4758 judicasse,
885 4685 968 4742 vel
1004 4685 1185 4756 aliqua
1223 4684 1521 4755 cupiditate
1545 4693 1641 4739 aut

26 4787 197 4856 gratia
245 4783 577 4857 depravati.
607 4775 695 4838 De'
726 4781 829 4837 hoc
875 4788 1075 4843 autem,
1106 4779 1234 4850 quia
1277 4793 1382 4833 non
1422 4777 1516 4834 alii
1548 4792 1639 4833 ar-

26 4878 383 4950 chiepiscopi
424 4875 648 4948 majoris
677 4872 1016 4930 auctoritatis
1065 4868 1192 4926 sunt
1221 4886 1381 4941 quam
1415 4871 1531 4938 isti,
1579 4878 1639 4926 ut

25 4979 150 5027 ante
177 4986 286 5028 eos
327 4970 466 5026 haec
494 4982 658 5024 causa
700 4966 898 5022 iterum
926 4964 992 5019 ad
1019 4963 1285 5035 judicium
1316 4963 1515 5028 veniat,
1546 4979 1640 5018 su-

23 5075 115 5129 pra
152 5059 547 5124 ostendimus,
579 5058 706 5129 quia
750 5055 891 5127 quod
939 5047 1280 5125 singu'laritas
1320 5068 1424 5105 non
1466 5053 1637 5119 habet,

20 5152 321 5220 pluralitas
388 5147 606 5201 obtinet.
673 5145 828 5214 Quod
875 5152 931 5199 et
991 5144 1286 5199 auctoritas
1345 5140 1640 5212 Scripturae

22 5246 392 5300 demonstrat
417 5239 642 5296 dicens:
682 5237 742 5294 Si
767 5236 872 5291 duo
914 5255 979 5293 ea:
1022 5238 1163 5293 vobis
1195 5238 1548 5292 consenserint
1573 5239 1639 5293 de

19 5340 160 5392 enini
186 5355 247 5393 re
292 5348 478 5404 super
505 5342 717 5394 terram,
748 5328 839 5392 ﬁet
868 5329 976 5376 illis
996 5348 1008 5359 -
1038 5339 1089 5372 ρι
1123 5345 1137 5359 -
1165 5329 1267 5368 ns;
1293 5328 1396 5372 Α...)
1424 5329 1499 5372 Ml
1537 5342 1638 5382 ,ηπ

14 5443 212 5480 σοαπ-ου

1739 3427 1978 3482 muniter
2011 3425 2262 3481 oumibus
2292 3427 2453 3481 simul
2498 3426 2767 3497 episcopis
2806 3426 3152 3496 congregatis
3191 3443 3320 3497 pro-

1739 3514 1941 3587 vincite
1968 3516 2326 3570 discutiantur
2367 3516 2678 3587 hujusmodi
2707 3516 3051 3586 quaestiones,
3083 3527 3139 3573 et
3171 3516 3315 3574 facta

1739 3606 2094 3673 discussione,
2125 3616 2217 3663 aut
2270 3609 2344 3663 ita
2373 3617 2432 3662 ut
2471 3615 2592 3665 acta
2637 3616 2761 3663 sunt
2806 3616 3081 3674 maneant,
3128 3617 3222 3662 aut
3263 3608 3321 3665 in

1740 3693 1934 3749 melius
1959 3702 2195 3750 mutetur
2243 3694 2511 3751 sententia
2542 3695 2681 3768 (can.
2734 3694 2811 3766 6).
2860 3695 2929 3751 Et
2964 3696 3010 3752 si
3045 3696 3322 3752 communi

1741 3796 2062 3844 cunctorum
2108 3787 2328 3843 decreto
2357 3788 2685 3854 rationabili,
2717 3796 2774 3843 ct
2808 3788 3103 3844 secundum
3154 3804 3321 3860 regu-

1741 3877 1847 3932 lam
1875 3877 2045 3948 688
2072 3876 2494 3932 ecclesiasticam
2518 3878 2890 3948 comprobato,
2920 3876 3031 3933 duo
3059 3887 3152 3932 aut
3180 3888 3311 3942 tres,

1744 3984 1849 4024 non
1878 3977 2101 4038 prepter
2134 3968 2254 4023 fidei
2279 3968 2585 4033 veritatem,
2634 3969 2718 4024 vel
2752 3969 3090 4023 auctoritatis
3137 3969 3315 4025 since-

1743 4059 1985 4123 ritatem,
2013 4058 2106 4112 sed
2156 4066 2377 4128 propter
2410 4057 2786 4113 contentiones
2823 4058 3071 4127 proprias
3095 4067 3316 4112 contra-

1741 4148 1947 4211 dicunt,
2001 4146 2244 4203 obtineat
2296 4147 2562 4203 sententia
2614 4145 2967 4217 plurimorum
3040 4145 3181 4217 (can.
3244 4146 3328 4217 9).

1744 4237 1804 4294 Si
1835 4247 2012 4294 autem
2041 4250 2109 4292 ex
2140 4236 2431 4308 superﬂuo,
2461 4246 2520 4292 ut
2569 4236 2705 4293 solet
2761 4237 3030 4302 accidere,
3085 4237 3329 4292 fraterna

1746 4328 1999 4385 difﬁnitio
2032 4330 2377 4384 retractanda
2426 4328 2540 4383 visa
2588 4326 2908 4398 quibusdam
2944 4325 3130 4392 fuerit,
3180 4327 3324 4383 sicut

1744 4422 1813 4478 de
1837 4419 2198 4491 suscipiendis
2226 4419 2479 4490 gentibus
2500 4433 2663 4488 supra
2699 4416 3068 4483 meminimus,
3090 4426 3147 4474 et
3164 4417 3327 4488 plena

1745 4510 1852 4566 ﬁde
1879 4518 2043 4581 atque
2089 4509 2429 4565 auctoritate
2453 4508 2590 4563 ratio
2635 4507 2846 4563 reddita
2878 4505 3059 4571 fuerit,
3089 4509 3327 4565 Actuum

1747 4602 2112 4675 apostolorum
2159 4600 2427 4656 sententia
2460 4601 2513 4654 in
2561 4597 2800 4654 medium
2830 4598 3035 4663 veniat,
3063 4613 3168 4669 qua
3208 4614 3336 4669 pro-

1747 4699 2011 4764 sequente
2034 4691 2198 4747 Petro
2222 4691 2289 4747 de
2320 4690 2574 4759 gentibus
2596 4689 2794 4745 dicitur
2814 4706 2828 4743 :
2859 4687 2921 4746 Si
2944 4706 3067 4759 ergo
3091 4690 3331 4745 eamdem

1747 4785 1973 4856 gratiam
1998 4784 2139 4839 dedit
2173 4782 2280 4837 illis
2322 4781 2484 4849 Deus,
2524 4782 2659 4836 sicut
2688 4789 2737 4836 et
2773 4780 2942 4847 nobis,
2986 4781 3075 4852 qui
3106 4782 3334 4835 credidi-

1745 4892 1863 4931 mus
1887 4876 1943 4929 in
1985 4874 2271 4931 Dominum
2312 4872 2497 4928 Iesum
2524 4872 2814 4937 Christum,
2865 4888 2960 4943 ego
3002 4874 3119 4944 quis
3157 4888 3325 4935 eram,

1745 4969 1835 5037 qui
1858 4982 2062 5037 possem
2082 4964 2352 5039 prohibere
2371 4961 2578 5018 Deum?
2602 4961 2702 5016 His
2717 4961 2940 5029 auditis,
2965 4969 3261 5023 tacuerunt,
3285 4968 3333 5013 et

1750 5060 2175 5132 gloriﬁcaverunt
2202 5057 2368 5110 Deum
2388 5056 2615 5112 dicentes
2639 5071 2656 5110 :
2676 5051 2816 5122 Ergo
2842 5060 2891 5106 et
2913 5053 3148 5124 gentibus
3174 5049 3337 5115 paeni-

1752 5150 1969 5204 tentiam
2025 5149 2170 5207 dedit
2209 5145 2348 5200 Deus
2403 5147 2474 5200 ad
2518 5147 2679 5201 vitam
2710 5140 2850 5211 (Act.
2874 5157 2957 5207 xi,
3006 5142 3093 5204 17,
3134 5136 3241 5206 18).
3274 5136 3336 5190 Si

1742 5245 1913 5299 “etiam
1957 5247 2139 5302 minus
2186 5239 2498 5295 necessaria
2547 5239 2686 5293 forte
2733 5237 3027 5291 emerserit
3069 5230 3290 5302 quaestio
3319 5268 3334 5291 ,

1755 5334 1972 5370 fmina-ni
2001 5349 2179 5380 ηερ-..ινα
2226 5328 2389 5370 enim:
2436 5331 2503 5364 nrl
2554 5327 2701 5362 nnniv
2743 5322 3137 5366 nhﬂl‘i'aiicnnn
3169 5328 3319 5354 nneln
