4026 6340
155 328 274 415 .755

1078 300 1179 393 ne
1213 335 1539 397 mvormo
1576 334 1904 395 LOTHABH
1959 341 2051 398 er
2090 345 2505 409 TETBERGE.

3318 355 3429 413 75b

160 449 313 506 niam
334 461 445 502 non
468 446 559 502 ille
585 455 681 503 aut
713 446 822 513 ille,
850 450 971 516 sed,
993 454 1187 516 omnis,
1229 455 1320 524 qui
1352 455 1569 509 dimittit
1621 471 1745 510 uxe-
1772 458 1825 514 Δ
1850 446 1994 512 tuam
2019 469 2065 513 et
2088 460 2320 519 salutare
2368 473 2515 521 tuum
2549 467 2662 523 dixi
2693 465 2866 540 (Psal.
2895 485 3088 535 xxvtx,
3139 446 3249 544 li).
3282 470 3350 528 Et
3380 473 3434 528 in

159 556 275 595 rem
298 555 452 594 suam
472 548 521 594 et
544 539 690 620 ducit
712 541 956 607 alterum,
978 545 1267 599 moechatur
1289 544 1442 616 (Luc.
1465 563 1577 612 xvr,
1604 550 1746 617 18).»

160 631 229 686 Et
267 629 399 685 item
444 629 499 685 in
523 631 716 687 eodem
747 632 885 704 (cap.
914 633 1001 703 l8)
1030 652 1044 690 :
1075 654 1094 687 ι
1127 634 1239 694 lllis
1264 637 1397 694 viris
1420 647 1475 694 et
1498 632 1748 712 gratiam,

156 720 415 777 videlicet
435 720 819 800 baptismatis,
844 733 899 780 et
929 726 1254 793 medicinam
1280 730 1549 800 siquidem
1578 733 1753 802 paeni-

154 814 349 870 tentiae
369 814 713 886 negabimus,
734 818 970 885 quandiu
997 834 1120 877 eum
1144 821 1408 877 adulteris
1436 824 1645 890 vivunt,
1673 821 1742 893 si,

150 907 439 976 prioribus
476 907 736 962 uxoribus
763 917 961 977 praeter
1008 926 1227 966 causam
1258 911 1633 972 fornicationis
1658 932 1747 972 re-

152 997 435 1077 pudiatis,
450 997 649 1053 alteras
677 999 955 1073 duxerint.
994 999 1105 1057 Nisi
1157 1003 1296 1058 forte
1333 1005 1459 1074 quis
1480 1007 1625 1061 dicat
1656 1023 1752 1064 ne-

153 1090 371 1147 minem
410 1087 583 1162 posse
628 1107 854 1147 uxorem
907 1110 1063 1149 suam
1112 1097 1378 1152 moecbari
1436 1096 1649 1165 facere,
1704 1100 1751 1155 si

154 1180 360 1251 pudica
386 1190 474 1235 est
498 1199 513 1234 :
534 1189 587 1236 et
618 1190 796 1238 tamen
826 1184 1086 1240 Dominus
1110 1202 1123 1240 :
1151 1184 1335 1241 Omnis
1357 1188 1447 1257 qui
1472 1188 1747 1251 dimiserit,

153 1272 364 1341 inquit,
403 1284 623 1326 uxorem
671 1288 825 1327 suam
864 1285 1058 1344 pra'ter
1103 1294 1319 1331 causam
1363 1277 1749 1346 fornicationis;

152 1362 291 1430 facit
318 1378 435 1416 eam
464 1363 714 1418 mtecltari
739 1363 956 1435 (Matth.
999 1382 1050 1429 v,
1080 1367 1191 1437 55).
1224 1367 1420 1438 Utique
1443 1381 1748 1445 propterea,

152 1453 289 1524 quia
316 1470 444 1510 cum
464 1464 608 1511 esset
636 1457 828 1526 pudica
857 1473 979 1513 cum
1007 1460 1150 1524 viro,
1183 1469 1363 1516 tamen
1392 1463 1615 1519 dimissa
1654 1468 1750 1520 co-

151 1544 309 1614 gitur
345 1561 442 1615 per
474 1546 945 1615 incontinentiam,
999 1553 1123 1607 vivo
1172 1554 1356 1623 priore
1408 1555 1542 1620 viro,
1594 1555 1752 1612 alteri

151 1633 431 1705 copulari,
462 1646 515 1691 et
542 1637 646 1693 hoc
688 1647 773 1694 est
798 1641 1082 1697 moechari.
1115 1642 1273 1711 Quod
1302 1644 1347 1700 si
1381 1644 1484 1700 hoc
1513 1645 1612 1702 ista
1642 1662 1750 1702 non

151 1724 376 1791 fecerit,
405 1733 587 1783 tamen
616 1726 726 1793 ille,
754 1740 1013 1800 quantum
1044 1732 1098 1787 in
1123 1733 1238 1804 ipso
1261 1744 1367 1799 est,
1396 1734 1575 1792 facere
1595 1752 1749 1799 com-

153 1915 501 1979 permaneat,
552 1907 862 1980 imputabit.
920 1911 1064 1989 ,ςει
1098 1913 1223 1969 item
1274 1914 1452 1985 (ibid.)
1499 1934 1513 1971 :
1563 1936 1582 1969 ι
1628 1917 1753 1975 Ιιατο

154 2004 347 2051 autem
378 2011 465 2051 me
494 1997 559 2053 de
587 2008 820 2070 utroque
849 2015 985 2056 sexu
1033 2002 1353 2065 memineris
1397 2005 1600 2063 dicere.
1632 2028 1649 2060 ι
1687 2007 1754 2064 Et

154 2089 294 2146 item
327 2090 539 2167 (ibist):
570 2111 590 2145 ι
621 2092 772 2149 Tunc
797 2095 998 2166 quippe
1026 2096 1098 2151 ibi
1126 2106 1304 2160 erunt,
1332 2099 1423 2169 qui
1448 2100 1754 2158 viventibus

153 2179 481 2253 coniugibus
501 2184 743 2253 pristinis
758 2203 863 2242 non
883 2186 1204 2259 coniugibus
1220 2191 1477 2260 propriis,
1492 2191 1587 2247 sed
1599 2194 1754 2248 adul-

156 2273 299 2327 teris
328 2273 697 2330 adbterebuut.
747 2276 814 2331 Et
848 2278 890 2331 si
918 2293 950 2331 a
983 2293 1151 2349 regno
1188 2279 1447 2335 caelorum
1498 2283 1751 2350 aberunt,

157 2361 257 2417 ubi
298 2375 478 2431 erunt,
506 2366 608 2422 nisi
634 2366 723 2422 ubi
752 2367 889 2425 salvi
914 2382 1020 2423 non
1051 2370 1249 2424 erunt?
1281 2388 1301 2423 ι
1334 2369 1485 2426 Unde
1509 2380 1752 2440 constat,

157 2455 291 2527 quia
334 2457 471 2512 sicut
510 2472 672 2528 supra
718 2454 1045 2515 auctoritate
1093 2460 1525 2533 Scripturarum,
1557 2474 1613 2521 et
1641 2482 1755 2537 ma-

161 2548 465 2619 gistrorum
511 2547 758 2603 doctrina
810 2550 1252 2617 monstravimus,
1299 2551 1383 2606 vir
1416 2562 1472 2609 et
1506 2570 1641 2611 uxor
1667 2571 1753 2625 se:

160 2639 348 2710 parari
394 2654 501 2695 non
545 2649 795 2711 possunt,
826 2641 931 2699 nisi
982 2650 1078 2697 aut
1105 2652 1327 2714 propter
1367 2645 1753 2702 continentiam

161 2728 445 2792 munubii,
473 2729 871 2802 quoamplins,
912 2734 1040 2805 quia
1084 2735 1445 2805 spiritualius,
1476 2738 1753 2810 conjuncti

163 2832 538 2890 perseverant,
566 2831 659 2879 aut
697 2832 923 2896 propter
954 2825 1401 2895 fornicationem,"
1426 2830 1552 2899 quia
1583 2822 1753 2887 unum

164 2926 368 2981 corpus
398 2919 454 2966 et
494 2928 657 2968 unam
706 2929 926 2971 carnem
970 2918 1199 2988 quisque
1241 2918 1429 2974 eorum
1464 2904 1750 2977 diviserit}

164 3011 392 3073 propter
417 3018 581 3074 quam
603 3019 821 3060 causam
847 3007 893 3063 si
917 3007 1077 3080 digne
1097 3008 1422 3079 pmttitentes
1449 3010 1609 3065 simul
1637 3002 1756 3089 per;-

164 3108 391 3150 manere
418 3094 503 3150 vel
528 3096 864 3152 reconciliari
896 3099 1190 3165 noluerint,
1221 3102 1462 3171 separari
1484 3100 1529 3156 si
1566 3101 1750 3158 volue-

1857 547 1962 611 his,
1998 558 2165 619 atque
2189 552 2311 608 aliis
2352 557 2629 623 omnibus,
2676 557 2728 612 in
2775 557 3020 613 doctrina
3052 574 3148 615 sua
3192 562 3435 619 sacerdo-

1858 639 1980 693 talis
2001 644 2296 699 auctoritas
2330 646 2681 716 apostolicam
2711 648 2874 704 debet
2904 649 3049 705 illam
3081 665 3297 721 semper
3320 652 3434 708 for-

1844 744 2000 787 'mam
2031 748 2272 802 servare,
2301 737 2354 792 in
2386 754 2494 808 qua
2542 740 2693 807 dicit,
2741 740 2935 811 A‘rgue,
2963 741 3194 809 obsecra,
3224 744 3436 815 increpa

1854 823 1945 892 (II
1968 823 2102 910 Tim.
2130 843 2201 892 tv,
2230 830 2308 899 Ξ),
2341 830 2390 883 id
2412 840 2516 897 est,
2543 833 2778 911 miscens
2805 834 3140 905 temporibus
3169 843 3440 905 tempora,

1854 916 2157 971 terroribus
2193 916 2581 989 blandimenta,
2622 923 2799 978 dirum
2830 925 3095 995 magistri,
3146 927 3319 997 pium‘
3342 943 3436 997 pa-

1844 1005 1956 1060 ‘tris
1993 1009 2243 1063 ostendat
2286 1008 2560 1078 allectum,
2590 1012 2644 1067 id
2676 1021 2778 1077 est,
2816 1013 3245 1085 indisciplinatos
3270 1026 3324 1072 et
3356 1008 3439 1071 in-

1842 1095 2071 1163 ‘quietos
2100 1097 2258 1152 debet
2298 1099 2486 1155 durius
2528 1115 2780 1172 arguere,
2814 1103 3128 1159 obedientes
3148 1115 3352 1170 autem,
3382 1114 3439 1161 et

1842 1184 2047 1249 'tnites,‘
2080 1194 2137 1239 et
2167 1187 2475 1256 patientes,
2508 1195 2569 1243 ut
2616 1189 2671 1247 in
2721 1189 2914 1245 melius
2940 1191 3248 1261 proﬁciant,
3286 1196 3439 1251 obse-

1850 1277 2029 1337 ‘crare,
2053 1275 2387 1346 negligentes
2414 1293 2541 1333 vero
2570 1287 2624 1333 et
2652 1289 3061 1337 contemnentes
3089 1282 3361 1353 corripere
3384 1293 3441 1339 et

1846 1365 2164 1436 increpare,
2194 1384 2369 1438 neque
2395 1370 2555 1425 debet
2577 1380 2798 1442 peccata
2832 1371 3259 1443 delinquentium
3282 1374 3442 1429 dissi-

1856 1455 2099 1537 mulare,~
2114 1461 2208 1514 sed
2258 1476 2382 1517 mox
2412 1470 2469 1516 ut
2499 1462 2769 1533 coeperint
2806 1462 2961 1531 oriri,
2991 1463 3253 1520 radicitus
3278 1480 3342 1520 ea
3381 1471 3446 1520 ut

1856 1551 2114 1620 praevalet
2136 1563 2438 1624 amputare.

2418 1666 2748 1735 QUAESTIO
2804 1670 2869 1725 Ἴ.

152 1752 376 1791 ¹¹⁵⁵⁸Π⁶’
405 1752 587 1783 "me"
616 1752 726 1793 "'8’
754 1752 1013 1800 quantum
1044 1752 1098 1787 m
1123 1752 1238 1804 Ψ⁵⁰
1261 1752 1367 1799 es"
1396 1752 1575 1792 lacere
1595 1752 1749 1799 com"
1781 1766 1859 1837 ι’
1928 1774 2034 1830 Sed
2054 1783 2109 1831 et
2135 1776 2201 1832 de
2218 1752 2450 1833 Hosnnis
2471 1779 2699 1836 muliere
2743 1779 2817 1836 de
2830 1794 2935 1850 qua
2959 1780 3100 1835 idem
3134 1781 3275 1835 Boso
3295 1782 3447 1851 apud

150 1816 324 1889 pulit,
351 1825 407 1872 et
436 1817 542 1874 hoc
563 1819 617 1874 ei
646 1819 789 1889 Deus
836 1830 1148 1891 peccatum,
1186 1825 1398 1881 etiamsi
1438 1825 1541 1881 illa
1598 1838 1749 1884 casta
1798 1850 1805 1857 ο
1854 1850 2192 1891 “Manu”;
2218 1870 2529 1891 _‘_.A_-___..
2594 1820 2917 1891 ---μ’-η.--
2962 1888 2975 1891 ᾼ
3009 1873 3021 1891 .
3259 1888 3431 1891 mm

1854 1867 2196 1925 Conﬂuentes
2218 1870 2554 1938 reclamavit,
2586 1886 2708 1942 quae
2740 1880 2925 1942 postea
2955 1873 3022 1928 ad
3054 1873 3214 1929 istum
3258 1888 3439 1943 regem

1844 1947 2023 2041 :venit,
2045 1971 2101 2016 et
2130 1962 2181 2016 in
2215 1962 2356 2018 illius
2376 1970 2642 2039 potestate
2671 1962 2794 2030 fuit,
2818 1964 3037 2035 quidam
3068 1965 3276 2029 dicunt,
3296 1964 3443 2035 quod

1846 2052 2058 2131 {malum
2099 2053 2247 2119 facit,
2264 2054 2403 2131 quia
2429 2069 2554 2111 cum
2583 2055 2776 2127 possit,
2812 2069 2933 2110 eam
2955 2070 3054 2111 suo
3094 2055 3293 2110 marito
3327 2070 3438 2110 non

1850 2128 2051 2222 reddit.
2078 2144 2145 2201 Et
2169 2128 2385 2215 quidam
2415 2147 2633 2211 dicunt,
2673 2147 2800 2217 quia
2831 2163 2936 2202 non
2979 2147 3137 2203 decet
3180 2155 3242 2203 ut
3286 2162 3442 2203 suam

1852 2239 2237 2315 propinquam,
2283 2256 2404 2311 qua:
2433 2242 2501 2297 ad
2529 2241 2675 2298 illius
2702 2242 2860 2298 fidem
2898 2241 3070 2306 venit,
3113 2241 3180 2296 ad
3210 2250 3443 2296 mortem

1846 2331 2056 2405 tradat,
2084 2346 2185 2399 nec
2212 2332 2466 2405 convenit
2512 2344 2570 2387 ut
2601 2332 2841 2387 [raucam
2867 2332 3121 2387 feminam
3145 2332 3439 2403 opprimat,

1852 2432 1913 2495 et
1937 2421 2080 2477 sicut
2106 2422 2356 2478 ancillam
2401 2423 2755 2493 constringat,
2781 2431 2837 2476 et
2862 2421 3015 2476 alteri
3048 2421 3194 2476 illam
3248 2420 3441 2475 nolen-

1859 2521 1969 2569 tem
2000 2514 2208 2569 reddat.
2239 2513 2308 2569 Et
2330 2512 2554 2584 quidam
2593 2514 2799 2578 dicunt,
2833 2513 2956 2583 quia
2989 2512 3038 2567 si
3064 2527 3185 2567 eam
3218 2511 3445 2568 reddere

1848 2605 2108 2669 voluerit,
2145 2608 2213 2661 ad
2255 2605 2595 2660 Normannos
2625 2605 2726 2660 ibit
2770 2622 2783 2658 :
2833 2614 2889 2660 et
2910 2602 3103 2658 melius
3130 2610 3294 2657 estut
3316 2615 3439 2657 eam

1846 2697 2000 2758 inter
2023 2695 2373 2763 Christianos
2392 2696 2639 2751 habitare
2662 2695 2961 2765 permittat,
2989 2703 3046 2749 et
3075 2694 3216 2749 inter
3234 2707 3330 2748 eos
3360 2691 3442 2750 vi-

1856 2793 1989 2853 tam,
2015 2800 2177 2856 quam
2204 2784 2341 2841 alter
2361 2783 2437 2840 illi
2464 2783 2578 2839 vult
2612 2782 2817 2849 tollere,
2845 2781 3070 2840 liberet.

2492 2909 2801 2953 RESPONSIOo

1854 3034 1863 3045 -
1925 2991 2170 3082 capitula
2211 3017 2337 3065 sunt
2358 3008 2549 3080 legalia
2594 3009 2981 3080 imperatorum
3004 3014 3060 3064 et
3087 3022 3271 3077 regum
3295 3023 3435 3080 praea-

1859 3100 2205 3156 decessorum
2233 3115 2471 3164 suorum,
2503 3099 2633 3170 quid
2681 3100 2947 3155 sustinere
2976 3099 3280 3172 debeatqui
3310 3109 3435 3170 post

165 3188 279 3243 rint
322 3196 577 3259 possunt,
617 3192 735 3264 cogi
782 3201 965 3250 autem
994 3203 1054 3250 ut
1083 3196 1243 3252 simul
1292 3207 1547 3253 maneant
1582 3198 1663 3253 Vel
1696 3208 1756 3255 ut
1783 3187 1827 3210 υ
1858 3191 2094 3248 bannum
2120 3191 2383 3246 latronem
2411 3189 2697 3260 receperit,
2725 3187 2887 3261 092
2919 3189 3051 3245 etin
3077 3189 3441 3261 chirographo

166 3278 608 3350 reconcilientur,
661 3282 883 3340 omnino
930 3300 1038 3341 non
1084 3287 1303 3354 debent,
1353 3290 1666 3359 persuaderi
1706 3289 1753 3371 si

164 3379 395 3461 possunt
468 3371 668 3430 debent
715 3370 907 3446 {quia
981 3381 1353 3438 reconciliatio
1425 3370 1753 3461 voluntatem

165 3460 382 3549 quaerit,
447 3476 687 3519 amorem
761 3468 986 3537 expetit,
1060 3486 1182 3541 quae
1256 3471 1417 3527 sicuti
1498 3472 1634 3529 ﬁdes
1697 3481 1755 3549 e_t

162 3545 322 3618 691
354 3563 492 3619 pura
516 3552 787 3610 confessio
821 3556 1036 3612 suaderi
1063 3568 1261 3629 potest,
1302 3563 1611 3634 extorqueri
1643 3545 1753 3639 non

163 3645 366 3721 potest,
402 3641 523 3713 cogi
549 3650 727 3699 autem
759 3642 823 3700 ut
838 3647 1123 3704 simuletur
1153 3658 1350 3721 potest,
1389 3668 1457 3708 ne
1478 3640 1612 3711 vero
1632 3654 1754 3712 aliis

162 3718 389 3800 propter
419 3729 834 3791 fornicationem
880 3718 1593 3813 disiuncti—conjungantur,
1627 3760 1751 3816 pro-

164 3820 694 3881 biberi'omuimddis
735 3825 931 3882 debent
978 3845 991 3882 :
1040 3830 1183 3898 quod
1220 3831 1266 3885 si
1301 3817 1747 3903 contempserint,

166 3908 368 3965 debent
394 3912 463 3966 ad
484 3913 857 3980 paenitentiam
878 3916 1069 3988 redigi.
1094 3917 1159 3973 Et
1197 3919 1454 3989 quoniam
1481 3923 1548 3977 de
1576 3907 1749 3978 simu;

163 3998 370 4056 latione
409 4002 664 4072 quiddam
697 4005 993 4077 tetigimus,
1038 4008 1085 4064 si
1110 4008 1250 4077 forte
1287 4009 1578 4077 simulatio,
1608 4014 1750 4082 quod

164 4096 326 4162 absit,
366 4098 420 4153 in
459 4113 784 4170 quocunque
809 4100 1028 4157 homine
1064 4100 1250 4167 fuerit,
1278 4104 1367 4171 qui
1396 4114 1615 4173 propter
1640 4104 1749 4159 for:

160 4185 486 4243 nicationem
506 4188 791 4244 manifeste
810 4190 878 4243 ab
908 4204 1098 4256 uxore,
1130 4206 1199 4245 ne
1222 4190 1295 4246 illi
1316 4191 1509 4247 iterum
1527 4182 1750 4261 conjuné

79 4350 85 4360 '
155 4289 339 4349 gatur,
371 4289 549 4350 potest
580 4281 753 4350 rejici,
783 4291 842 4337 ut
884 4299 1002 4338 eam
1046 4294 1381 4355 persuasum,
1413 4302 1517 4341 non
1566 4298 1748 4343 autem

157 4378 429 4434 coactam,
465 4370 712 4441 recipiat,
743 4373 870 4442 quia
906 4373 995 4429 illa
1033 4375 1245 4431 vivente
1273 4376 1506 4432 alteram
1526 4394 1630 4433 non
1655 4363 1756 4433 νει-ζ

1856 3299 2044 3350 regum
2096 3293 2403 3338 nostrorum
2454 3282 2581 3337 hinc
2610 3295 2869 3351 expresse
2904 3280 3237 3347 decernitur,
3280 3281 3435 3352 cujus

1854 3375 2215 3431 ministerium
2236 3383 2319 3429 est
2340 3387 2501 3445 agere
2536 3380 2595 3426 ut
2630 3371 2720 3426 illa
2745 3372 3121 3436 observentur,
3148 3372 3288 3427 sicut
3308 3386 3438 3426 san-

1850 3457 2298 3521 ctusAmbrosius
2312 3465 2379 3517 ad
2408 3460 2837 3518 Valentinianum
2861 3460 3263 3533 scribit:Leges
3290 3460 3437 3516 enim

1851 3555 2150 3627 imperator
2178 3554 2335 3620 ferat,
2366 3569 2504 3625 quas
2529 3553 2737 3625 primus
2764 3553 2881 3624 ipse
2908 3551 3197 3618 custodiat,
3226 3566 3365 3624 quas
3384 3554 3435 3609 si

1856 3645 1970 3717 ipse
2002 3646 2244 3715 fregerit,
2273 3634 2571 3700 timendum
2600 3653 2685 3700 est
2709 3659 2777 3699 ne
2801 3643 2986 3699 audiat
3017 3642 3088 3698 ab
3123 3642 3384 3715 Apostolo
3415 3660 3430 3697 :

1854 3737 1959 3803 Qui
1996 3736 2254 3806 prwdicas
2282 3752 2386 3789 non
2415 3735 2722 3805 furandum,
2747 3734 2980 3805 furoris;
3006 3735 3097 3805 qui
3116 3734 3438 3789 abominaris

1852 3826 2021 3892 idola,
2049 3825 2381 3895 sacrilegium
2412 3824 2546 3895 fucis
2592 3824 2765 3897 (Rom.
2798 3838 2861 3887 tt,
2889 3824 3001 3893 il).
3030 3821 3325 3895 Propterea
3349 3839 3438 3880 sa-

1851 3918 2081 3974 lubriter
2114 3926 2170 3973 et
2207 3918 2594 3975 convenienter
2621 3935 2651 3973 a
2689 3918 2919 3973 Domino
2952 3919 3156 3985 audiat,
3208 3917 3435 3983 Medios,

1848 4012 1982 4066 'cura
2015 4012 2341 4079 temetipsum
2370 4010 2522 4083 (Luc.
2573 4027 2649 4078 tv,
2693 4010 2811 4084 25).
2855 4011 3260 4099 Timeat'etiam
3287 4010 3434 4080 quod

1850 4104 2108 4174 Scriptum
2139 4112 2244 4167 est,
2285 4101 2497 4157 dicente
2522 4101 2751 4157 Domino
2772 4100 2986 4156 cuidam
3008 4099 3120 4170 regi
3146 4098 3322 4165 {Quia
3346 4098 3432 4153 di-

1848 4181 2039 4247 misisti
2062 4192 2227 4246 virum
2253 4201 2421 4246 morte
2434 4192 2673 4262 dignum,
2695 4192 2792 4246 erit
2818 4190 2995 4245 anima
3019 4199 3110 4244 tua
3131 4206 3229 4260 pro
3257 4189 3437 4243 anima

1850 4274 2019 4347 illius,
2039 4292 2087 4337 et
2112 4282 2335 4353 populus
2357 4290 2479 4336 tuus
2504 4297 2603 4352 pro
2622 4280 2815 4352 populo
2842 4278 3131 4352 illius’(III
3172 4279 3304 4351 Reg.
3335 4294 3430 4344 xx,

1848 4374 1961 4446 42).
1992 4374 2060 4429 Ει
2085 4374 2213 4429 item
2237 4388 2252 4428 :
2280 4362 2464 4445 Impia
2480 4373 2678 4444 praebes
2709 4372 2994 4439 auxilium,
3019 4382 3067 4428 et
3089 4372 3169 4428 his
3188 4373 3277 4445 qui
3312 4373 3435 4428 ode-

156 4459 289 4516 lebit
318 4463 586 4532 accipere,
644 4465 747 4520 nisi
793 4464 934 4521 forte
979 4462 1102 4522 talis
1139 4468 1355 4523 inventa
1387 4468 1553 4524 fuerit
1580 4470 1739 4537 ratio,
1767 4497 1823 4558 Β
1850 4456 1972 4519 runt
2018 4479 2101 4518 me
2138 4463 2370 4518 amicitia
2390 4463 2633 4558 jungfris
2735 4473 3009 4535 propterea
3048 4463 3183 4518 imm
3222 4463 3435 4534 quidem

156 4554 243 4608 cui
272 4568 433 4609 sacra
464 4569 570 4610 non
599 4556 934 4612 contradicat
953 4557 1269 4625 auctoritas,
1301 4560 1591 4615 meditetur
1617 4577 1739 4616 eam

156 4659 380 4716 quoquo
422 4646 582 4702 modo
625 4648 874 4718 perdere,
919 4649 1041 4705 talis
1085 4650 1316 4706 tinnitus
1355 4651 1512 4706 debet
1564 4653 1633 4707 ab
1676 4660 1757 4708 eat

154 4736 354 4807 quaeri,
374 4735 517 4792 sicut
540 4748 764 4794 sanctus
786 4724 1091 4810 Giegorius-
1106 4740 1175 4795 ab
1200 4741 1286 4795 bis
1306 4742 1548 4812 prtecipit
1573 4742 1749 4815 exigi,’

156 4826 421 4897 aequitate
478 4824 587 4884 illis
636 4825 926 4894 servanda,
981 4830 1074 4900 qui
1144 4831 1254 4885 vim
1304 4831 1582 4901 iniustitiae
1631 4836 1745 4890 me;

157 4928 396 4987 tuentes,
425 4921 490 4976 ad
512 4922 752 4977 sacraria
775 4938 930 4978 saera
953 4922 1296 4996 confugiunt,
1328 4938 1488 4995 quam
1513 4926 1745 4982 ﬁrmita-

156 5020 266 5068 tem
295 5010 346 5066 si
371 5011 653 5068 convictus
680 5013 908 5085 quisque
946 5012 1111 5069 fuerit
1155 5023 1481 5082 temerasse,
1513 5016 1744 5086 publicis

152 5111 210 5160 et
234 5103 635 5169 ecclesiasticis
677 5106 836 5163 debet
878 5107 1159 5178 subiacere
1192 5106 1435 5179 iudiciis.
1470 5108 1526 5165 Si
1560 5119 1741 5168 autem

153 5198 409 5254 clanculo
442 5200 635 5272 egerit,
662 5210 723 5256 ut
756 5200 1000 5274 Iegaiiter
1021 5202 1267 5258 convinci
1295 5218 1400 5258 non
1425 5203 1614 5273 possit,
1641 5204 1742 5259 ha-

152 5287 306 5345 bebit
350 5290 951 5347 sacerdotali'suasione
996 5293 1355 5348 commonitus
1398 5293 1742 5350 conscientiae

149 5390 267 5435 suae
305 5386 521 5444 testem,
553 5396 713 5450 quem
742 5380 962 5436 habebit
987 5390 1044 5437 et
1083 5382 1341 5452 judicem.
1374 5382 1508 5438 Nam
1534 5383 1740 5456 episco-

151 5469 295 5539 palis
323 5470 666 5541 providentia
695 5471 942 5527 ahsoluta
973 5472 1027 5527 in
1067 5472 1271 5543 judicio
1300 5474 1372 5528 illi
1400 5475 1561 5540 dicet,
1593 5478 1738 5545 quod

149 5560 305 5617 Elias
353 5560 549 5616 Elisazo
598 5562 806 5621 studuit
856 5563 1231 5618 demonstrare
1277 5581 1290 5619 :
1331 5563 1505 5629 Quod,
1541 5565 1733 5637 inquit,

151 5666 327 5704 meum
355 5649 476 5718 fuit,
502 5650 600 5719 feci
630 5651 721 5705 tibi
753 5651 871 5721 (III
901 5652 1030 5722 Reg.
1077 5667 1191 5716 xxx,
1216 5652 1329 5722 20).
1365 5652 1428 5706 Ει
1457 5652 1683 5710 Domino
1720 5651 1747 5709 τ’

143 5741 426 5796 Iustitiam
448 5758 719 5797 acarnan
749 5744 996 5799 abscondi
1014 5730 1078 5798 in
1126 5744 1278 5799 corde
1313 5759 1449 5811 meo,
1472 5747 1751 5803 veritatem-

1846 4552 2060 4609 Domini
2088 4554 2369 4609 merebaris
2401 4551 2488 4625 (ΙΙ
2515 4550 2698 4609 Parui.
2744 4568 2858 4620 xu,
2893 4552 2973 4625 2).
3019 4553 3087 4608 Et
3126 4554 3254 4609 item
3297 4554 3449 4609 scri-.

1844 4651 1997 4715 ptum
2026 4653 2110 4699 est
2142 4661 2156 4696 :
2181 4622 2476 4698 Anathema
2513 4643 2571 4698 in
2596 4642 2767 4699 medio
2789 4622 2905 4708 tui,‘
2932 4622 3038 4698 itan
3071 4643 3266 4715 poteris
3292 4653 3435 4697 stare

1844 4752 2024 4791 coram
2067 4735 2294 4790 inimicis
2330 4736 2433 4789 tuis
2459 4733 2598 4806 (los.
2633 4750 2732 4801 vn,
2764 4733 2874 4807 15).
2905 4733 2974 4790 ΕΙ.
3014 4751 3031 4790 :
3063 4734 3169 4800 Qui
3205 4735 3433 4806 tetigerit

1842 4827 2407 4898 picem,inquinabitur
2427 4826 2494 4880 ab
2515 4843 2598 4882 ea.
2623 4825 2813 4898 (Eccli.
2838 4840 2957 4892 xm,
2980 4825 3058 4897 1).
3080 4823 3250 4880 Nemo
3278 4823 3427 4879 enim

1849 4917 2135 4973 abscondit
2156 4918 2331 4988 ignem
2362 4918 2415 4972 in
2450 4918 2572 4973 sinu
2599 4931 2720 4982 suo,
2744 4924 2799 4971 et
2823 4915 3145 4972 vestimenta
3170 4912 3288 4986 ejus
3313 4929 3425 4969 non

1849 5016 2152 5064 exuruntur
2174 5004 2358 5077 (Prov.
2385 5021 2462 5073 vr,
2483 5005 2596 5075 27).
2631 5005 2690 5062 Si
2729 5006 2797 5061 de
2827 5003 3198 5061 misericordia
3223 5004 3424 5075 agitur,

1846 5098 1993 5169 legat
2020 5106 2075 5152 et
2098 5097 2274 5152 videat
2295 5112 2455 5167 cpiam
2484 5096 2648 5168 impia
2683 5096 3053 5152 misericordia
3076 5094 3240 5164 impie
3263 5092 3430 5149 otl'en-

1847 5192 1927 5247 dit
1948 5189 2097 5257 Saul,
2115 5189 2238 5259 quia
2262 5189 2502 5260 pepercit
2527 5189 2695 5260 Agag,
2724 5188 2816 5243 sed
2843 5188 2989 5241 illum
3023 5200 3129 5241 non
3151 5185 3422 5253 liberavit,

1845 5293 1902 5339 et
1930 5284 2044 5354 ipse
2092 5299 2317 5355 regnum
2346 5283 2508 5338 etiam
2541 5280 2775 5351 perdidit
2806 5278 2859 5353 (I
2892 5279 3019 5350 Reg.
3051 5277 3162 5348 xv).
3204 5278 3273 5333 Et
3297 5292 3425 5335 san-

1846 5390 1967 5438 ctus
2009 5380 2332 5438 leestinus
2371 5380 2501 5435 dicit
2526 5396 2538 5432 :
2563 5378 2662 5433 Est
2708 5377 2902 5447 pietas,
2946 5376 3012 5431 de
3036 5391 3142 5446 qua
3170 5383 3427 5431 nascatur

1847 5474 2117 5543 impietas.
2169 5472 2225 5527 Si
2278 5472 2343 5527 de
2387 5467 2804 5541 propinquitate,
2863 5467 3046 5521 audiat
3097 5466 3359 5536 scriptum
3402 5482 3415 5519 :

1848 5564 1950 5631 Qui
1985 5564 2230 5619 dixerunt
2262 5560 2415 5618 Patri
2434 5578 2529 5616 suo
2566 5572 2613 5616 et
2660 5562 2817 5615 matri
2842 5576 2976 5627 sum,
3005 5557 3129 5614 Non
3160 5558 3275 5614 novi
3310 5574 3417 5624 vos,

1844 5664 1890 5708 et
1918 5652 2110 5722 fratres
2139 5668 2261 5705 suos
2291 5652 2346 5706 in
2388 5667 2548 5705 causa
2583 5650 2677 5705 Dei
2708 5667 2808 5704 nor
2855 5659 3220 5721 cognouerunt,
3250 5650 3304 5703 Ιιί
3329 5667 3422 5702 m-

1842 5744 2132 5798 stodicrunt
2176 5748 2533 5796 testamentum
2566 5749 2735 5805 tuum,
2766 5738 2981 5794 Domnoc
3010 5737 3187 5809 (Deut.
3220 5756 3420 5811 χχχιιι,
3496 5772 3501 5775 -
