4026 6340
664 336 765 398 733

1645 343 1972 400 HINCMARI
2008 299 2397 400 annuimus
2435 346 2944 406 ARClllEPlSCOPl
3736 368 3811 423 ne

658 450 739 521 :l).
768 453 836 509 Et
859 451 1122 508 Dominus
1153 471 1167 506 :
1199 452 1300 518 Qui
1329 465 1470 507 amat
1512 465 1712 525 patrem
1756 471 1909 511 suum
1931 466 1978 509 et
2018 464 2234 509 matrem
2263 458 2313 515 Α
2343 456 2583 512 adultera
2634 459 2901 529 lapidibus
2949 448 3259 532 praecipitur
3300 467 3444 522 obrui
3477 489 3489 523 :
3534 475 3655 527 salva
3686 477 3811 549 legum

661 556 812 596 suam
835 541 951 612 plus
973 558 1126 612 quam
1152 557 1251 605 me,
1277 558 1380 595 non
1401 558 1472 595 est
1497 561 1577 597 me
1598 544 1788 614 dignus
1804 544 2028 613 (Matth.
2048 562 2098 608 κ,
2121 544 2237 615 57),

663 645 717 690 et
738 618 931 690 extera
962 648 1083 703 quae
1116 632 1188 687 ibi
1217 642 1536 702 sequuntur.
1562 636 1618 688 Si
1656 635 1721 689 de
1743 634 2015 699 libertate,
2038 634 2241 702 judicio

665 724 799 795 legis
822 732 877 779 et
901 723 1096 780 divinas
1135 731 1192 776 et
1217 724 1501 778 mundana:
1555 724 1698 780 illius
1740 741 1861 780 esse
1904 725 2240 793 dignoscitur

663 815 755 885 qui
786 804 907 869 eam
955 814 1177 883 reperit,
1225 824 1411 868 contra
1439 831 1600 885 quem
1632 823 1690 868 ut
1727 816 1927 871 dicitur
1953 815 2239 881 fornicata,

665 904 731 958 de
762 903 1123 959 fornicatione
1154 906 1410 974 conqueri
1460 922 1562 960 non
1608 906 1770 961 valet.
1804 906 1860 961 Si
1909 921 2011 976 pro
2045 905 2242 961 libera-

664 996 810 1049 tione
838 995 962 1051 vita:
990 982 1049 1050 ut
1086 997 1285 1051 dicitur
1314 1012 1432 1051 eam
1464 997 1680 1061 retinet,
1715 1012 1877 1067 supra
1906 998 2243 1053 ostendimus

663 1099 826 1152 quam
855 1084 1166 1139 ﬁrmitatem
1207 1085 1274 1140 de
1300 1086 1554 1153 aequitate
1593 1085 1857 1141 servanda
1899 1085 2041 1156 exigi
2080 1086 2148 1141 ab
2175 1100 2244 1141 eo

662 1174 1038 1228 ecclesiastica
1061 1171 1216 1243 jubet
1246 1175 1562 1245 auctoritas.
1607 1173 1685 1240 Si,
1710 1184 1772 1229 ut
1793 1175 2007 1239 dicitur,
2035 1175 2106 1230 ob
2140 1174 2245 1230 hoc

668 1277 787 1315 eam
811 1264 1029 1329 retinet,
1057 1279 1123 1319 ue
1141 1267 1282 1333 apud
1305 1264 1666 1322 Nortmannos
1694 1274 1898 1337 pereat,
1921 1268 2245 1338 respondeat

673 1351 799 1407 inde
824 1352 1113 1423 Apostolus
1136 1371 1151 1408 :
1174 1354 1416 1426 Inﬁdelis
1438 1357 1483 1409 si
1505 1357 1741 1420 discedit,
1778 1357 2011 1412 discedat
2040 1357 2092 1429 (Ι
2116 1355 2241 1413 Cor.

665 1460 766 1510 vn,
796 1446 904 1518 15).
929 1446 997 1501 Et
1024 1465 1037 1501 :
1066 1447 1283 1517 Auferte
1310 1448 1509 1503 malum
1551 1466 1617 1504 ea:
1642 1450 1782 1505 vobis
1806 1449 1856 1522 (Ι
1880 1447 2003 1505 Cor.
2034 1467 2088 1516 ν,
2118 1451 2242 1519 15),

581 1614 585 1619 1
670 1555 740 1592 ne.
763 1556 866 1594 una
895 1541 1013 1595 ovis
1056 1541 1301 1596 morbida
1341 1550 1515 1597 totum
1544 1558 1761 1613 gregem
1794 1544 2144 1597 contaminet.
2177 1543 2244 1598 Et

669 1646 775 1686 non
806 1639 890 1685 est
919 1646 1014 1687 rex
1044 1632 1147 1687 iste
1179 1632 1378 1702 iustior
1396 1632 1645 1700 Domino,
1677 1635 1767 1705 qui
1790 1650 1890 1689 nec
1928 1632 2143 1700 ludam,
2176 1649 2246 1689 ne

666 1722 733 1776 ad
764 1720 999 1787 Judreos,
1040 1721 1124 1777 vel
1169 1722 1308 1777 sicut
1355 1723 1547 1778 Petrus
1574 1725 1742 1778 dicit:
1771 1723 1839 1778 In
1887 1723 2058 1778 locum
2090 1741 2244 1778 suum

666 1815 762 1868 iret
788 1813 925 1885 (Act.
955 1830 992 1877 ι,
1027 1812 1143 1885 25),
1173 1814 1400 1868 invitum
1429 1815 1725 1885 prohibuit,
1775 1829 1875 1870 nec
1900 1829 2097 1885 pueros
2140 1814 2244 1868 lle-
2274 1800 2320 1860 Β

671 1904 856 1960 rodem
882 1918 981 1974 per
1000 1904 1293 1974 potentiam
1324 1906 1571 1960 occidere
1590 1906 1775 1970 vetuit,
1800 1919 1976 1975 neque
2003 1903 2244 1969 Petrum,

673 2008 745 2049 ne
770 1994 969 2049 milites
989 2009 1090 2064 pro
1135 2008 1202 2049 eo
1249 1978 1624 2050 occiderentur
1677 1995 1731 2049 in
1754 2009 1997 2060 carcere,
2043 1992 2111 2048 de
2139 2007 2247 2064 quo

670 2102 815 2152 enim,
841 2088 1059 2156 quando
1080 2087 1443 2157 producturus
1470 2096 1610 2153 erat,
1638 2088 1692 2141 in
1721 2087 1838 2156 ipsa
1859 2094 2017 2142 nocte
2038 2085 2248 2159 eripere

668 2177 876 2232 destitit
921 2175 1057 2247 (Act.
1097 2176 1220 2247 xu).
1274 2175 1381 2232 Sed
1421 2185 1475 2232 et
1518 2176 1797 2243 Dominus,
1822 2177 1913 2246 qui
1942 2177 2247 2246 proximum

672 2279 944 2336 quemque
995 2265 1151 2326 sicut,
1187 2266 1424 2337 seipsum
1456 2266 1679 2336 diligere
1730 2265 1945 2331 docuit,
1975 2267 2247 2320 nemiuem

674 2371 930 2425 peccare,
975 2364 1038 2410 ut
1067 2355 1205 2410 alter
1233 2372 1262 2410 a
1289 2364 1509 2426 peccato
1534 2355 1882 2421 liberaretur,
1916 2356 2147 2425 rogavit.
2181 2355 2250 2409 Et

671 2448 764 2517 qui
811 2448 1047 2503 animam
1104 2463 1280 2514 suam,
1346 2449 1401 2503 id
1435 2434 1519 2503 est
1559 2449 1724 2502 vitam
1782 2447 2028 2517 corporis
2083 2448 2248 2501 etiam

668 2552 770 2609 pro
793 2538 1027 2593 inimicis
1050 2538 1250 2608 posuit,
1277 2546 1333 2593 et
1372 2538 1675 2608 ponendam
1715 2552 1814 2608 pro
1844 2536 2032 2591 amicis
2059 2535 2252 2604 prmdi-

670 2629 832 2690 cavit,
872 2628 1141 2684 neminem
1164 2629 1362 2685 debere
1390 2630 1719 2685 :eternaliter
1737 2628 1916 2700 perire
1941 2628 2146 2693 docuit,
2181 2642 2250 2682 ne

674 2720 814 2774 alter
840 2721 896 2775 in
916 2729 1116 2775 azterna
1140 2720 1487 2776 damnatione
1512 2721 1734 2790 periret.
1766 2719 2059 2775 Providere
2085 2719 2251 2774 etiam

678 2812 837 2866 debet
866 2812 1093 2882 quisque
1116 2813 1198 2867 sui
1240 2812 1436 2867 talibus
1472 2827 1531 2867 se
1555 2812 1892 2877 commiscet,
1921 2818 1977 2867 et
2006 2810 2133 2866 talia
2155 2825 2253 2882 op-

672 2902 848 2971 ponit,
877 2915 945 2955 ne
973 2908 1253 2970 reputetur
1296 2902 1578 2973 intendere
1619 2902 1687 2956 ad
1730 2902 2066 2957 excusandas
2090 2915 2254 2956 excu-

675 2990 913 3045 sationes
958 2989 1015 3044 in
1051 2992 1309 3061 peccatis,
1360 2993 1487 3061 quia
1536 3008 1642 3046 non
1675 2992 1847 3048 solum
1894 2991 1988 3063 qui
2027 2991 2250 3057 faciunt,

676 3081 772 3136 sed
836 3088 891 3134 et
959 3081 1054 3150 qui
1113 3084 1462 3137 consentiunt
1526 3082 1851 3139 facientibus
1915 3083 2063 3156 digni
2128 3093 2255 3139 sunt

678 3185 854 3232 morte
927 3193 943 3230 :
1007 3191 1037 3230 a
1103 3191 1208 3245 qua
1278 3179 1635 3233 consensione
1709 3177 1848 3232 liber
1918 3193 2029 3232 non
2104 3179 2250 3244 erit,

675 3269 767 3338 qui
821 3284 943 3325 cum
996 3269 1197 3324 malum
1243 3271 1418 3340 possit
1468 3279 1715 3327 avertere
1762 3286 1869 3326 non
1927 3266 2138 3334 avertit,
2168 3271 2254 3325 vel

677 3375 802 3415 cum
864 3348 1045 3416 'malos
1098 3360 1270 3430 possit
1324 3362 1647 3432 reprimere,
1698 3363 1753 3417 in
1809 3376 1905 3417 sua
1950 3377 2044 3418 eos
2092 3362 2256 3419 liber-

677 3460 791 3507 tate
824 3453 1045 3508 dimittit
1073 3471 1086 3506 :
1122 3451 1300 3506 Judea:
1330 3455 1504 3517 enim,
1541 3454 1682 3508 sicut
1717 3454 1974 3524 scriptum
2022 3462 2141 3520 est,
2165 3455 2255 3525 qui

678 3560 784 3599 non
809 3545 922 3599 sine
955 3560 1113 3598 causa
1136 3543 1369 3614 gladium
1389 3554 1585 3614 portat,
1615 3546 1926 3601 constitutus
1958 3555 2034 3601 est
2058 3546 2126 3601 ad
2148 3548 2258 3601 vin-

678 3632 875 3686 dictam
926 3633 1089 3704 693
1134 3632 1559 3703 malefactorum,
1603 3634 1813 3690 laudem
1856 3652 1975 3690 vero
2004 3636 2256 3690 bonorum

678 3722 853 3796 (Rom.
888 3740 1009 3790 xm,
1034 3725 1112 3796 4).
1153 3724 1250 3780 Cui
1291 3726 1344 3780 in
1374 3725 1524 3781 libro
1550 3727 1947 3784 Deuterouomii
1979 3729 2071 3783 dat
2099 3743 2257 3797 regu-

678 3816 788 3872 lam
810 3816 998 3888 judicii
1043 3824 1098 3871 et
1139 3817 1435 3887 punitionis
1466 3818 1725 3873 Dominus
1750 3820 1934 3874 dicens
1963 3835 1978 3874 :
2045 3816 2134 3872 Vir
2159 3835 2260 3872 au-

678 3918 805 3973 tem,
836 3916 926 3961 aut
950 3906 1154 3972 mulier,
1185 3907 1277 3978 qui
1310 3907 1509 3977 faciunt
1538 3908 1680 3962 mala
1719 3909 1773 3963 in
1822 3919 2095 3974 conspectu
2148 3908 2256 3963 Do-

677 3998 808 4053 mini
852 3998 953 4053 Dei
993 4001 1090 4066 tui,
1137 4009 1187 4054 et
1236 4001 1692 4071 transgrediuntur
1732 4012 1946 4071 pactum
1986 4000 2153 4067 illius,
2200 4009 2260 4057 ut

676 4092 870 4146 cadant
897 4096 945 4146 et
972 4093 1200 4146 serviant
1227 4092 1329 4146 diis
1360 4092 1567 4157 alienis,
1596 4102 1643 4146 et
1674 4092 1893 4147 adorent
1936 4108 2045 4159 eos,
2076 4090 2258 4158 solem,

676 4192 723 4237 ct
750 4182 952 4244 lunam,
980 4192 1027 4236 et
1055 4197 1259 4236 onmem
1290 4181 1530 4235 militiam
1563 4181 1697 4245 caeli,
1737 4198 1854 4253 qua:
1882 4198 1989 4237 non
2012 4183 2259 4251 prtccepi,

675 4285 722 4327 et
750 4273 846 4326 ltoc
891 4272 983 4326 tibi
1030 4272 1186 4342 fuerit
1231 4272 1549 4333 nuntiatam,
1593 4272 1914 4341 audiensque
1958 4272 2260 4342 inquisicris

676 4366 971 4436 diligenter,
997 4373 1045 4418 et
1076 4381 1249 4418 verum
1285 4381 1395 4418 esse
1436 4366 1708 4433 repereris,
1758 4365 1884 4435 quia
1939 4364 2260 4420 abominatio

2340 548 2562 613 latione,
2590 565 2710 619 qum
2740 552 2940 605 eisdem
2967 553 3240 621 profertur
3268 554 3484 624 legibus,
3512 577 3628 628 quas
3649 548 3813 622 illi

2339 640 2609 706 diderunt,
2628 644 2720 711 qui
2746 653 2965 698 auctore
2986 646 3210 701 Domino
3240 649 3379 720 leges
3392 649 3530 717 justa
3547 655 3814 719 decernentes

2340 731 2707 785 condiderant.
2760 731 2916 789 Unde
2957 747 3178 792 sanctus
3205 738 3519 808 Augustinus
3558 741 3605 797 in
3642 752 3818 806 secundo

2340 819 2478 875 libro
2526 821 2593 877 de
2625 823 2944 880 adulterinis
2982 827 3262 897 conjugiis,
3312 840 3427 899 post
3470 826 3817 908 medicamenta,

2331 912 2536 981 quibus
2562 915 2872 983 persuaderi
2902 917 3031 971 viris
3056 917 3228 985 jubet,
3263 930 3319 974 ut
3351 937 3379 974 a
3422 904 3651 992 sanguine
3671 904 3819 986 adulta;

2343 1019 2526 1058 rarum
2577 1019 2636 1060 se
2681 1007 2988 1061 abstineant
3035 1009 3348 1080 conjugunt,
3392 1013 3509 1067 dicit
3548 1015 3678 1087 (cap.
3716 1019 3817 1093 15):

2341 1097 2646 1165 Postremo,
2694 1101 2967 1170 inquiens,
3018 1117 3204 1171 quaero
3248 1105 3345 1159 abs
3391 1114 3458 1169 te,
3488 1116 3643 1162 utrum
3682 1114 3823 1167 marito

2343 1192 2651 1249 Christiano
2674 1194 2856 1261 liceat,
2885 1195 2971 1251 vel
3002 1197 3298 1253 secundum
3327 1208 3546 1253 veterem
3580 1201 3656 1256 Dei
3685 1202 3818 1273 leguli,

2342 1284 2429 1339 vel
2470 1283 2727 1340 Romanis
2763 1284 2990 1356 legibus,
3040 1286 3333 1343 adulteram
3363 1289 3621 1345 occidere?
3654 1292 3699 1347 Si
3720 1295 3821 1361 licet,

2343 1374 2537 1430 melius
2564 1384 2650 1430 est
2685 1384 2748 1430 ut
2770 1377 2839 1431 ab
2878 1385 3108 1448 utroque
3131 1393 3189 1433 se
3217 1387 3489 1448 temperet,
3541 1381 3587 1435 id
3624 1392 3705 1447 est,
3737 1397 3775 1440 et
3799 1404 3820 1440 a

2345 1465 2491 1521 licito
2522 1465 2608 1519 illa
2632 1475 2888 1534 peccante
2910 1469 3195 1538 supplicio,
3220 1479 3275 1524 et
3300 1471 3366 1523 ab
3386 1470 3558 1525 illicito
3581 1472 3653 1525 illa
3673 1474 3822 1529 \‘it'etttc

2346 1554 2613 1624 conjugio.
2666 1554 2818 1622 Quod
2872 1558 2917 1611 si
2968 1561 3288 1613 alterutrum
3336 1560 3526 1625 eligere
3576 1576 3819 1630 perseverat,

2347 1648 2518 1702 satius
2545 1657 2628 1702 est
2656 1648 2705 1702 ei
2736 1647 2917 1703 facere
2946 1651 3088 1719 quod
3124 1651 3250 1705 licet
3292 1660 3345 1705 ul
3374 1653 3595 1705 adultera
3621 1656 3819 1721 puniatur,

2347 1752 2510 1806 qttam
2551 1737 2602 1792 id
2647 1738 2788 1807 quod
2816 1753 2922 1792 non
2952 1740 3075 1794 licet
3105 1749 3164 1793 ut
3197 1741 3311 1809 ipsa
3341 1740 3452 1793 viva
3482 1743 3559 1794 ille.
3584 1744 3819 1796 nurcltetar.

2349 1830 2404 1884 Si
2442 1839 2656 1894 autem,
2705 1831 2846 1898 quod
2901 1833 3085 1887 verius
3118 1834 3332 1899 dicitur,
3386 1852 3485 1889 non
3530 1836 3638 1889 licet
3683 1837 3820 1890 haudid

2345 1918 2654 1975 Christiano
2681 1921 2978 1976 adulteram
3011 1924 3293 1994 eonjugem
3337 1927 3593 1990 occidere,
3635 1929 3706 1981 sui
3741 1939 3820 1979 tutt-

2350 2017 2460 2063 tum
2492 2009 2784 2076 dimittere,
2814 2025 2877 2066 ea
2899 2012 3148 2067 videlicet
3174 2014 3493 2080 conditione,
3524 2025 3574 2068 ut
3612 2029 3681 2068 au:
3704 2027 3820 2067 emitt-

2346 2111 2537 2156 uenter
2560 2102 2725 2167 vivat,
2752 2111 2846 2156 aut
2866 2105 2915 2157 ei
2946 2107 3357 2160 reconcilietur:
3384 2109 3499 2175 quia
3523 2108 3560 2159 si
3586 2108 3657 2159 illa
3677 2109 3821 2158 vivente

2347 2191 2572 2244 alteram
2617 2192 2853 2258 duxerit,
2903 2202 2957 2247 et
2997 2195 3111 2264 ipse
3153 2197 3403 2250 adulterii
3452 2197 3559 2251 siac
3595 2196 3721 2250 ditt-iu
3742 2213 3821 2249 rus

2348 2284 2470 2337 erit.
2520 2301 2538 2332 ι

2911 2399 3239 2468 QUAESTIO
3287 2402 3376 2456 Vl.

2420 2508 2613 2563 Dicunt
2656 2525 2869 2580 quoque
2915 2512 3079 2566 etiam
3132 2513 3297 2582 aliqui
3335 2515 3602 2583 sapientes,
3628 2515 3723 2582 quia
3756 2513 3821 2564 ista

2350 2599 2598 2669 princeps
2648 2616 2742 2654 rex
2778 2613 2882 2664 est,
2927 2611 2982 2656 et
3025 2603 3295 2659 nullorum
3343 2604 3536 2672 legibus
3572 2606 3640 2655 vel
3674 2602 3820 2668 judiciis

2351 2690 2614 2761 subiacet,
2653 2692 2757 2745 nisi
2801 2692 2967 2747 solius
2997 2693 3113 2761 Dei,
3148 2696 3242 2764 qui
3284 2710 3406 2749 cum
3449 2694 3498 2747 in
3540 2708 3692 2762 regno,
3727 2692 3821 2761 quod

2352 2795 2482 2835 suus
2504 2790 2658 2851 pater
2690 2781 2766 2836 illi
2794 2782 3016 2849 dimisit,
3045 2800 3231 2856 regem
3263 2785 3548 2846 constituit,
3573 2793 3619 2838 et
3640 2784 3675 2837 si
3698 2781 3819 2835 voluc-

2352 2870 2423 2924 rit
2450 2886 2550 2941 pro
2579 2872 2682 2927 hac
2708 2871 2795 2927 vel
2843 2872 2947 2926 alia
2996 2859 3158 2929 causa
3210 2875 3309 2929 ibit
3338 2875 3402 2929 ad
3429 2875 3670 2943 placitum,
3702 2870 3759 2923 \‘rl
3778 2869 3819 2922 ad

2353 2960 2637 3031 synodum,
2669 2969 2724 3016 et
2752 2962 2798 3016 si
2829 2962 3077 3026 noluerit,
3113 2963 3286 3018 libere
3315 2975 3368 3018 et
3398 2964 3601 3017 licenter
3630 2961 3818 3015 dimittet:

2351 3060 2407 3106 et
2434 3053 2574 3107 sicut
2602 3069 2634 3107 a
2664 3053 2775 3108 suis
2803 3055 3088 3125 episcopis,
3115 3057 3376 3125 quidquid
3403 3055 3575 3124 egerit,
3614 3068 3696 3105 non
3718 3052 3819 3101 debet

2282 3140 2327 3202 C
2358 3144 2836 3209 excommunicari,
2889 3145 2960 3198 ita
3006 3146 3073 3198 ab
3129 3146 3254 3199 aliis
3305 3144 3557 3214 episcttpis
3593 3158 3674 3197 non
3707 3146 3821 3208 potest

2350 3230 2530 3301 judica
2540 3231 2603 3296 ri,
2628 3233 2883 3300 quoniam
2902 3233 3067 3287 solius
3084 3234 3173 3287 Dei
3198 3234 3509 3303 principatui
3530 3230 3657 3285 debet
3675 3227 3821 3294 sutjtri.

2355 3336 2387 3376 a
2414 3337 2522 3392 quo
2559 3321 2671 3376 solo
2706 3322 2877 3391 potuit
2908 3323 2960 3376 in
2998 3323 3302 3392 principatu
3345 3310 3612 3376 constitui:
3650 3325 3692 3371 et
3728 3311 3821 3383 quoi

2354 3409 2504 3476 facit,
2530 3419 2587 3467 et
2612 3410 2788 3480 qualis
2806 3411 2962 3466 estin
2991 3412 3277 3482 regimine,
3308 3413 3483 3467 divino
3501 3412 3563 3464 sit
3594 3406 3821 3469 nutu,sicul

2355 3501 2615 3570 scriptum
2640 3509 2761 3557 est:
2791 3499 2895 3555 Cor
2915 3502 3049 3571 regis
3078 3504 3131 3556 in
3176 3519 3342 3555 manu
3373 3501 3464 3555 Dei
3485 3510 3732 3571 quocunque
3762 3505 3821 3544 ιο·

2356 3591 2510 3648 luerit
2534 3600 2689 3647 vertet
2711 3590 2844 3645 illud
2873 3588 3054 3661 (Prov.
3078 3606 3191 3656 ut,
3222 3593 3296 3662 l).

2886 3699 3052 3772 694
3088 3716 3388 3757 nesroasm.

2429 3812 2555 3869 llaec
2576 3829 2678 3869 vox
2699 3828 2806 3869 non
2829 3821 2911 3867 est
2932 3813 3191 3867 catholici
3230 3811 3529 3875 Christiani,
3559 3806 3637 3862 sed
3667 3800 3821 3857 nimium

2357 3903 2679 3974 blaSphemi,
2708 3911 2763 3958 et
2802 3904 2994 3973 spiritu
3021 3904 3289 3960 diabolica
3329 3903 3484 3974 pleni.
3526 3897 3662 3952 David
3696 3907 3759 3946 rex
3786 3894 3819 3939 et

2358 3995 2620 4066 propheta
2646 3988 2898 4064 peccans,
2928 3994 3093 4048 etiam
3133 4009 3162 4048 a
3204 3995 3409 4048 minore
3436 4006 3525 4044 suo
3567 3986 3732 4041 Nattam
3762 3978 3817 4029 itt-

2362 4094 2618 4156 crepatus
2646 4086 2852 4141 audivit
2902 4087 3158 4156 quoniam
3197 4087 3282 4141 vir
3320 4084 3502 4140 mortis
3542 4087 3660 4139 erat,
3691 4083 3731 4127 et
3760 4078 3822 4137 per

2359 4176 2742 4232 validissimam
2771 4177 3146 4246 paenitentiam
3175 4186 3261 4231 est
3281 4177 3506 4230 salvatus
3526 4169 3598 4241 {ll
3626 4158 3817 4233 Reg-Illi-

2362 4269 2491 4323 Saul
2534 4284 2565 4323 a
2598 4267 2848 4324 Samuele
2879 4268 3123 4338 percepit
3149 4269 3278 4338 quia
3332 4268 3394 4321 de
3434 4277 3581 4333 regno
3618 4263 3726 4312 esset
3753 4248 3817 4299 dc-

2354 4359 2534 4429 jectus
2559 4358 2609 4429 (1
2640 4357 2768 4430 Reg.
2794 4375 2891 4412 xm
2912 4370 2958 4412 et
2990 4358 3101 4431 xv).
3144 4358 3382 4413 Roboatu
3422 4372 3449 4409 a
3479 4352 3695 4424 propheta
3722 4348 3823 4406 ιιτιιιθ

677 4435 821 4523 facta
850 4453 1007 4507 estin
1048 4452 1241 4519 Israel,
1291 4454 1475 4508 educes
1523 4456 1691 4509 virum
1737 4471 1799 4508 ac
1846 4454 2135 4521 mulierem,
2167 4454 2259 4526 qui
2284 4489 2338 4550 Β
2362 4453 2616 4523 suscepit,
2648 4453 2773 4521 quia
2818 4452 2885 4507 de
2923 4468 3083 4507 manu
3123 4452 3268 4507 illius
3312 4464 3542 4520 regnum,
3584 4439 3696 4550 q'tn'i'd
3732 4435 3820 4550 llt'lf

676 4557 785 4594 rem
816 4541 1269 4595 sceleratissimam
1304 4555 1690 4613 perpetrarunt,
1716 4545 1786 4597 ad
1826 4555 2005 4615 portas
2032 4547 2254 4603 civitatis

676 4638 803 4694 tute,
830 4641 877 4683 et
903 4630 1162 4701 lapidibus
1184 4632 1485 4687 obruentur.
1514 4632 1582 4688 In
1607 4649 1696 4687 ore
1718 4633 1942 4688 duorum
1975 4645 2065 4689 aut
2096 4637 2257 4690 trium

679 4721 889 4776 testium
912 4722 1100 4790 peribit
1127 4724 1214 4791 qui
1246 4723 1603 4792 interﬁcietur.
1637 4723 1806 4778 Nemo
1835 4726 2107 4780 occidatur
2150 4744 2254 4781 uno

676 4819 856 4865 contra
881 4827 936 4865 se
972 4796 1176 4866 dicente
1204 4814 1575 4869 testimonium.
1605 4812 1798 4870 Manus
1840 4818 2045 4871 testium
2084 4818 2257 4887 prima

673 4901 949 4970 inter/Sciet
971 4918 1110 4967 eum,
1142 4913 1189 4956 et
1233 4920 1419 4958 manus
1450 4905 1634 4976 reliqui
1658 4907 1837 4977 populi
1875 4916 2106 4961 extrema
2130 4909 2254 4961 mit-

675 5001 833 5057 tetur,
866 5001 923 5046 ut
940 4992 1154 5061 auferas
1173 4993 1372 5047 malum
1387 4994 1451 5048 de
1468 4996 1638 5048 medio
1662 4997 1739 5049 tui
1762 4995 1941 5064 (Deut.
1969 5012 2102 5061 xvu,
2123 4995 2253 5065 2-7).

676 5085 745 5139 Et
774 5100 839 5140 ne
866 5087 985 5154 quis
1013 5087 1174 5151 dicat,
1201 5085 1325 5141 Haec
1348 5089 1612 5143 sententia
1650 5104 1754 5143 non
1779 5091 2012 5159 pertinet
2051 5090 2117 5145 ad
2146 5106 2262 5142 mu-

676 5179 861 5232 lierem
908 5176 1150 5237 Bosouis,
1202 5177 1326 5246 quia
1374 5181 1438 5232 de
1469 5177 1763 5233 idololatris
1798 5179 2072 5244 scribitur,
2122 5180 2262 5250 legat

679 5266 1017 5336 Scripturatn
1059 5268 1365 5323 dicentem:
1397 5266 1632 5332 Quorum
1662 5269 1799 5323 Deus
1847 5279 2022 5323 venter
2072 5281 2167 5336 est,
2211 5281 2258 5325 et

676 5357 845 5427 gloria
904 5359 959 5413 in
1013 5358 1316 5426 confusione
1373 5360 1603 5429 ipsorum
1652 5361 1742 5432 qui
1794 5371 1998 5416 terrena
2049 5365 2260 5433 sapiunt

679 5449 900 5518 (Philip.
937 5465 1017 5513 Ill,
1050 5450 1157 5521 l9).
1183 5449 1287 5505 Sed
1324 5459 1378 5505 et
1415 5452 1529 5505 lucc
1556 5453 1821 5507 sententia
1868 5453 1933 5506 ad
1969 5468 2077 5505 rent
2114 5455 2260 5507 nefa-

680 5540 816 5593 riam
846 5541 1100 5608 pertinet,
1132 5555 1251 5608 quze
1297 5539 1589 5605 Hueherto,
1633 5552 1685 5595 et
1736 5543 1875 5611 regis
1925 5542 2159 5600 mulieri.
2204 5552 2263 5596 ut

685 5628 904 5691 dicitur,
945 5639 1224 5700 reputatur
1264 5646 1279 5685 :
1324 5632 1576 5701 quoniam
1623 5633 1675 5688 in
1711 5632 1848 5688 libro
1887 5631 2128 5688 Levitieo
2162 5635 2259 5687 ah-

682 5718 1043 5776 oninationes
1076 5722 1384 5793 singillatim
1405 5721 1698 5792 designatm
1739 5732 1909 5780 morte
1941 5724 2259 5792 multantur,

2360 4553 2515 4615 Pater
2544 4558 2672 4598 suus
2695 4552 2960 4607 tenuerat,
2977 4552 3122 4597 esset
3150 4543 3491 4598 scindendum
3522 4530 3620 4605 (lll
3644 4528 3735 4593 lteg.
3754 4522 3817 4615 ill:

2359 4610 2585 4702 Duando
2608 4642 2975 4703 peccaverunt
3012 4648 3192 4702 reges,
3239 4646 3292 4687 et
3323 4631 3412 4686 filii
3452 4610 3821 4711 lsrael,etlt_ttdili

2363 4736 2487 4781 sunt
2503 4729 2553 4780 in
2589 4740 2785 4780 manus
2808 4726 3225 4795 gentiunt,sicut
3250 4724 3510 4778 Manasses
3529 4725 3573 4771 et
3595 4704 3816 4766 Sedebias,

2362 4815 2446 4871 vel
2478 4816 2771 4869 timuerunt
2814 4831 2842 4869 a
2880 4814 3017 4869 facie
3068 4815 3279 4870 Domini
3326 4813 3460 4868 sicut
3511 4800 3733 4883 Ezechias.
3759 4798 3820 4883 Pe"

2361 4905 2654 4975 prophetas
2693 4904 2776 4958 vel
2806 4904 2942 4958 iram
2980 4919 3011 4958 a
3042 4903 3269 4958 Domino
3298 4900 3635 4967 susceperunt,
3662 4881 3722 4983 "el
3748 4889 3817 4983 An":

2368 4994 2716 5049 sericordiam
2744 5003 3071 5049 meruerunt.
3088 4995 3155 5049 Et
3176 4996 3227 5049 in
3244 4984 3621 5047 Deuteronutuio
3640 4978 3817 5039 srripw'“

2369 5092 2495 5138 est:
2529 5081 2587 5138 Si
2621 5083 2829 5154 diﬁicile
2866 5094 2915 5136 et
2955 5084 3253 5153 ambiguum
3281 5080 3416 5151 apud
3439 5088 3484 5130 te
3512 5067 3721 5143 jtlllit‘llllﬂ
3748 5062 3818 5154 mf

2367 5173 2688 5243 perspexeris
2726 5175 2862 5227 inter
2883 5174 3186 5242 sanguinem
3210 5182 3255 5225 et
3279 5167 3597 5238 sanguinem.
3614 5144 3815 5245 (“mf”)

2369 5281 2604 5330 causam,
2635 5264 2830 5335 lepram
2883 5274 2931 5318 et
2978 5281 3080 5319 non
3133 5265 3346 5333 lepram,
3397 5268 3439 5312 et
3484 5250 3685 5324 judicum
3721 5242 3815 5335 illiti

2368 5367 2546 5427 portas
2575 5367 2693 5409 tuas
2721 5356 2909 5410 videris
2936 5357 3086 5410 verba
3111 5354 3322 5415 variari,
3351 5363 3491 5416 surge
3517 5352 3555 5394 et
3584 5326 3748 5427 ascende
3770 5315 3813 5427 “ll

2367 5448 2539 5501 locum
2575 5465 2722 5519 quem
2764 5446 2969 5516 elegerit
3014 5447 3263 5500 Dominus
3296 5443 3423 5496 Deus
3467 5446 3588 5490 tuus,
3630 5420 3815 5519 t'ftt'fi-‘ll‘:

2368 5541 2436 5592 ad
2461 5539 2756 5592 sacerdotes
2785 5538 2998 5593 Lerilici
3020 5539 3302 5606 generis,et
3326 5530 3391 5585 ad
3405 5524 3605 5634 judit‘cpl
3627 5503 3811 5634 ‘le

2367 5633 2423 5685 ίη
2452 5629 2542 5683 mo
2574 5640 2821 5699 τεηιρονθ,
2848 5645 3185 5700 qua’rensquc
3210 5626 3272 5679 ab
3301 5603 3732 5720 eis,quiim(icabtm't
3752 5600 3808 5720 :1:

2358 5724 2556 5794 judicii
2599 5724 2883 5788 veritatem,
2929 5731 2974 5776 et
3009 5721 3168 5792 facies
3200 5716 3514 5790 quodcunque
3547 5694 3719 5754 dia‘mnl
3752 5692 3794 5742 ti“
