4026 6340
180 306 286 361 757

1109 305 1201 381 DE
1239 304 1565 363 DIVORTIO
1603 303 1928 361 ιοτιιΑιιιι
1982 305 2071 360 ΕΤ
2109 291 2523 367 TETBERGE.

3344 310 3449 368 758

175 429 413 491 prtrsunt
443 418 581 483 loco,
602 433 753 487 quem
773 419 982 487 elegerit
1017 417 1287 483 Dominus,
1325 430 1373 471 et
1417 418 1686 499 do’cuerint
1714 427 1762 469 te
1788 418 1838 479 Α
1869 418 2065 472 tierunt
2115 421 2382 478 obnoxius
2422 421 2666 491 quilibet,
2716 421 2797 476 vel
2840 428 3067 485 secrete,
3102 425 3186 479 vel
3236 425 3449 493 publice

169 514 334 582 juxta
380 509 544 580 legem
596 509 744 579 ejus,
798 511 1026 578 sequeris
1070 509 1376 585 sententiam
1422 524 1624 574 eorum,
1671 524 1763 562 nec

176 600 469 655 declinabis
496 599 565 652 ad
588 599 853 653 dexteram
885 599 961 652 vel
1003 600 1071 651 ad
1108 598 1399 653 sinistram.
1451 598 1555 664 Qui
1590 607 1764 650 autent

175 690 490 762 superbierit
532 689 711 744 nolens
741 689 946 744 obedire
975 691 1260 745 sacerdotis
1302 691 1517 760 imperio
1569 691 1657 760 qui
1704 705 1763 743 eo

174 796 411 854 tempore
440 783 705 836 ministrat
738 782 960 838 Domino
984 783 1093 837 Deo
1112 793 1222 841 tuo.
1244 794 1291 838 et
1321 783 1527 837 decreto
1541 784 1763 853 judicis,

176 870 440 924 morietur
468 868 622 922 homo
650 868 760 931 ille,
783 878 830 922 et
858 869 1062 937 auferes
1094 868 1291 921 malum
1328 869 1392 922 de
1423 868 1612 932 Israel,
1640 887 1768 923 cnu-

172 968 398 1027 ctusque
438 955 661 1028 populus
705 958 922 1011 audiens
955 959 1173 1023 timebit,
1225 950 1279 1013 ut
1328 960 1503 1013 nullus
1528 960 1766 1030 deinceps

173 1050 492 1104 intumescat
544 1049 787 1118 superbia
838 1048 1028 1121 (Deut.
1090 1066 1243 1116 xvu,
1292 1049 1482 1121 8-15).
1534 1049 1638 1106 Per
1681 1066 1768 1105 sa-

172 1146 433 1196 cerdotes
455 1140 598 1195 enim
627 1139 756 1195 dicit
779 1141 1039 1197 Dominus
1069 1159 1082 1195 :
1111 1139 1178 1194 Et
1209 1158 1368 1206 nunc,
1392 1157 1555 1213 reges,
1575 1140 1770 1196 intelli-

172 1232 319 1300 gite;
342 1230 643 1293 erudimini,
676 1230 767 1302 qui
790 1231 1050 1302 judicatis
1076 1241 1290 1286 terram.
1322 1230 1523 1287 Servite
1542 1231 1766 1286 Domino

173 1325 238 1378 in
264 1326 470 1388 timore,
493 1335 540 1379 et
566 1309 837 1379 exsultat?
865 1325 914 1379 ei
951 1343 1069 1380 cum
1111 1337 1353 1381 tremore.
1386 1326 1769 1397 Appreltendite

172 1414 536 1485 disciplinam,
566 1432 630 1469 ne
650 1416 861 1486 quando
882 1418 1147 1471 irascatur
1177 1417 1453 1483 Dominus,
1476 1428 1523 1472 et
1543 1420 1767 1489 pereatis

172 1505 248 1558 de
288 1505 369 1559 via
415 1504 563 1574 justa
606 1502 779 1576 (I’sal.
813 1522 875 1574 ιι,
923 1507 1008 1573 10,
1056 1508 1143 1572 Η,
1181 1507 1300 1579 12).
1350 1508 1417 1562 Ει
1469 1508 1766 1579 apostolica

175 1595 480 1649 auctoritas
507 1604 846 1660 connnonet,
899 1605 958 1650 ut
999 1605 1053 1651 et
1099 1613 1253 1667 rcges
1300 1597 1465 1652 etiam
1508 1599 1768 1654 obcdiant

175 1683 486 1753 praepositis
513 1683 624 1738 suis
650 1684 702 1738 in
732 1683 982 1750 Domino,
1010 1686 1101 1756 qui
1132 1702 1230 1757 pro
1260 1687 1548 1743 animabus
1573 1704 1766 1742 eorum

1860 509 2194 581 judicabitur
2233 527 2263 565 a
2306 510 2700 576 sacerdotibus,
2729 511 2820 582 qui
2869 520 2999 565 sunt
3025 512 3203 567 throni
3248 512 3363 576 Dei,
3392 504 3481 568 in“

1865 599 2063 669 quibus
2092 599 2234 654 Deus
2257 600 2428 665 sedet,
2459 609 2512 654 et
2536 615 2630 670 per
2657 616 2794 670 quos
2818 616 2914 656 sua
2953 601 3194 657 decernit
3219 602 3446 673 judicia,

1866 690 2062 758 quibus
2090 697 2145 745 et
2173 689 2228 745 in
2254 691 2510 760 apostolis
2538 692 2675 756 suis,
2702 708 2933 763 quorum
2962 693 3137 748 locum
3170 694 3224 749 in
3262 694 3446 749 Eccle-

1866 782 1947 836 sia
1978 790 2180 845 tenent,
2208 779 2466 836 Dominus
2494 782 2669 837 dixit:
2710 780 2773 837 Si
2797 784 3086 852 peccaverit
3112 782 3281 852 frater
3299 794 3445 848 tuus,

1867 871 2069 940 corripe
2096 886 2211 924 eum
2240 871 2374 924 inter
2396 880 2444 923 te
2464 881 2510 926 et
2536 874 2707 940 ipsunt
2734 871 2924 925 solum.
2961 871 3022 926 Si
3052 883 3102 926 te
3132 889 3244 927 non
3269 875 3452 928 audie-

1868 963 1958 1025 rit,
1983 962 2171 1015 adltibe
2201 979 2361 1017 unum
2388 962 2461 1016 vel
2484 964 2646 1017 duos:
2663 965 2802 1034 quod
2832 966 2877 1018 si
2908 982 2999 1017 nec
3025 977 3074 1018 te
3095 966 3339 1028 audierit,
3365 968 3450 1021 dic

1867 1052 2137 1109 Ecclesiae.
2171 1053 2325 1119 Quod
2355 1056 2403 1109 si
2426 1071 2516 1108 nec
2535 1052 2828 1108 Ecclesium
2857 1056 3102 1117 audierit,
3136 1057 3200 1109 sit
3231 1058 3323 1110 tibi
3349 1059 3450 1111 sic—

1869 1156 1923 1201 ut
1954 1146 2188 1202 ethnicus
2212 1156 2259 1201 et
2281 1146 2823 1219 publicanusiMatt/z.
2848 1163 3004 1210 xvm,
3044 1149 3124 1210 lii,
3157 1148 3260 1217 t6).
3295 1150 3359 1204 Et
3383 1167 3452 1204 ne

1868 1236 1989 1307 quis
2017 1237 2070 1290 in
2102 1237 2206 1292 hoc
2233 1238 2566 1292 sacerdotem
2592 1237 2948 1307 parvipendat
2976 1237 3220 1306 adjunxit
3260 1239 3447 1293 Domi-

1868 1345 1970 1383 nus
1995 1345 2010 1383 ι
2048 1328 2211 1385 Amen
2232 1329 2350 1384 dico
2379 1330 2545 1394 vobis,
2574 1345 2895 1400 qua'cunque
2922 1327 3261 1399 altigaveritis
3292 1343 3455 1396 super

1868 1431 2084 1484 terram,
2112 1429 2265 1474 erunt
2296 1417 2458 1489 ligata
2485 1430 2532 1472 et
2561 1420 2615 1474 in
2641 1418 2789 1483 ctelo,
2826 1428 2875 1472 et
2919 1435 3240 1489 quiet-anque
3286 1417 3453 1472 solre-

1870 1511 1984 1565 ritis
2009 1527 2165 1581 super
2188 1522 2405 1574 terram,
2439 1523 2588 1564 erunt
2612 1509 2784 1565 soluta
2839 1511 2894 1563 in
2951 1510 3077 1563 caelo
3108 1510 3283 1580 (ibid.,
3342 1509 3449 1578 l8).

1868 1600 1937 1656 Ει
1963 1601 2091 1656 item
2136 1600 2309 1656 dicit.
2345 1600 2449 1666 Qui
2481 1618 2566 1655 vos
2608 1600 2776 1663 audit,
2812 1617 2896 1654 me
2934 1601 3100 1661 audit,
3132 1610 3179 1653 et
3223 1601 3313 1670 qui
3359 1616 3447 1653 vos

1867 1691 2087 1760 spernit,
2121 1705 2203 1744 me
2227 1690 2423 1761 spernit
2467 1688 2621 1759 (Luc.
2648 1705 2703 1755 ι,
2736 1687 2846 1759 16).
2890 1688 3043 1756 Quod
3077 1689 3299 1753 dicitur,
3322 1690 3447 1756 quia

176 1774 489 1844 invigilant,
518 1781 575 1828 ut
612 1789 715 1828 non
759 1790 880 1830 cum
929 1754 1148 1830 tristitia
1198 1776 1298 1830 hoc
1352 1776 1554 1831 faciant
1602 1754 1839 1849 (ΗεὺξΒ
1869 1754 1905 1837 δι’
1932 1780 2048 1835 solo
2092 1780 2201 1835 Deo
2228 1754 2282 1835 in
2314 1754 2503 1852 regno,
2545 1780 2687 1849 quod
2728 1754 2880 1850 pater
2916 1754 3047 1834 suus
3091 1779 3169 1833 illi
3218 1754 3450 1840 dimisit,

178 1864 329 1933 xm).
348 1864 413 1918 Et
433 1864 624 1920 beatus
646 1863 892 1921 Gelasius
913 1882 1051 1937 papa
1083 1866 1150 1921 ad
1165 1866 1506 1922 Auastasium
1541 1868 1768 1936 impera-

186 1970 362 2015 torem
396 1961 585 2015 scribit
606 1960 776 2031 (epist.
817 1961 943 2032 lO):
984 1980 1001 2013 ι
1038 1962 1171 2029 Quia
1201 1962 1319 2017 duae
1346 1969 1471 2017 sunt
1502 1977 1766 2033 persona),

176 2050 379 2122 quibus
423 2051 793 2122 principal'ter
840 2052 928 2107 hic
980 2054 1186 2124 regitur
1232 2053 1505 2119 mundus,
1561 2054 1769 2108 scilicet

177 2143 507 2215 pontificalis
556 2144 872 2205 auctoritas,
917 2152 973 2197 ct
1019 2145 1163 2213 regia
1215 2144 1467 2209 dignitas,
1520 2155 1574 2198 ct
1618 2150 1770 2198 tanto

176 2236 354 2305 majus
372 2247 455 2291 est
480 2238 689 2308 pondus
718 2237 1055 2307 pontiﬁcum,
1088 2247 1290 2308 quanto
1333 2238 1401 2291 de
1446 2237 1579 2307 ipsis
1605 2238 1765 2291 etiam

178 2328 401 2397 regibus
425 2328 681 2381 reddituri
712 2337 838 2381 sunt
878 2327 1107 2381 Domino
1141 2328 1430 2381 rationem.
1470 2346 1488 2377 ι
1541 2325 1766 2380 Ambro-

177 2418 295 2473 sius
345 2418 704 2474 Theodosium
759 2419 1137 2488 imperatorem
1192 2418 1259 2471 ab
1310 2416 1535 2472 ecclesia
1594 2416 1767 2485 culpis

178 2510 520 2580 exigentibus
544 2510 866 2580 segrgavit,
882 2524 936 2564 et
958 2525 1054 2580 per
1076 2509 1450 2578 paenitentiam
1470 2508 1762 2563 revocavit.

179 2598 376 2654 Nostra
413 2608 571 2654 aetate
616 2600 763 2670 pium
796 2599 1097 2670 Augustum
1142 2598 1473 2653 Ludovicum
1524 2613 1553 2652 a
1596 2611 1768 2667 regno

181 2690 444 2758 dejectum
465 2729 479 2754 ,
512 2698 633 2758 post
662 2688 1085 2744 satisfactionem
1124 2688 1442 2757 episcopalis
1487 2688 1766 2742 unanimi-

184 2788 282 2839 tas,
314 2780 528 2833 saniore
549 2779 795 2843 consilio,
826 2796 948 2832 cum
981 2780 1161 2850 populi
1185 2791 1474 2842 consensu,
1498 2788 1552 2830 et
1583 2777 1768 2832 Eccle-

178 2869 339 2921 si:eet
362 2868 794 2937 regnorestituit.
815 2868 1198 2933 Quoddicitur,
1224 2868 1346 2936 quia
1379 2882 1468 2919 rex
1497 2866 1765 2919 nullorum

179 2957 388 3027 legibus
415 2958 494 3011 vel
518 2957 737 3027 judiciis
764 2958 1028 3027 suhjaret,
1085 2959 1184 3011 nisi
1218 2956 1385 3010 solius
1416 2956 1530 3019 Dei,
1579 2971 1765 3010 verum

179 3050 396 3114 dicitur,
429 3051 475 3104 si
504 3066 597 3103 rex
622 3059 705 3104 est
736 3050 892 3104 sicuti
923 3051 1256 3104 nominatur.
1293 3050 1405 3103 Rex
1436 3049 1579 3102 enim
1612 3066 1637 3098 ιι
1680 3062 1764 3100 re—

1867 1871 2121 1929 constitui
2144 1872 2355 1942 potuit:
2385 1871 2559 1925 sciant
2585 1869 2675 1940 qui
2701 1870 2804 1924 hoc
2826 1869 3029 1929 dicunt,
3061 1870 3185 1936 quia
3223 1868 3446 1939 quidam

1867 1977 1897 2026 ιι
1934 1962 2043 2015 Deo
2075 1962 2126 2015 in
2177 1960 2481 2031 principatu
2526 1961 2946 2021 constituuntur,
2977 1968 3036 2013 ut
3072 1958 3325 2028 Moyses,
3354 1958 3454 2014 Sat-

1870 2052 2034 2113 muel,
2066 2059 2120 2105 ct
2145 2049 2341 2114 Josias,
2372 2052 2437 2104 de
2460 2066 2566 2120 (ι’-ο
2605 2051 2865 2120 scriptum
2898 2060 2982 2105 est
3027 2060 3327 2118 antequam
3357 2065 3454 2104 na-

1868 2152 2131 2205 socretur,
2164 2143 2296 2197 Ecce
2317 2144 2461 2213 ﬁlius
2484 2153 2725 2196 nascetur
2747 2144 2924 2197 domui
2946 2142 3135 2205 David,
3152 2143 3330 2198 Josias
3353 2161 3451 2198 no-

1870 2235 2006 2286 mine
2030 2233 2147 2306 (Ill
2173 2234 2299 2304 Reg.
2334 2250 2450 2298 xm,
2476 2236 2552 2297 ":21,
2582 2246 2635 2289 ct
2664 2235 2865 2304 reliqua
2893 2252 3009 2303 qu;e
3034 2236 3103 2289 ibi
3129 2245 3448 2305 sequuntur.
3479 2280 3487 2291 .

1871 2325 2098 2391 Quidam
2132 2341 2260 2380 vero
2288 2344 2316 2380 a
2354 2327 2463 2381 Deo
2491 2343 2585 2395 per
2620 2327 2914 2391 hominem,
2943 2335 3000 2379 ut
3037 2326 3221 2389 Josue,
3265 2337 3322 2382 et
3350 2326 3453 2381 Da-

1872 2414 1978 2468 vid.
2032 2414 2258 2481 Quidam
2301 2425 2479 2470 autem
2522 2432 2618 2486 per
2668 2418 2962 2479 hominem,
3018 2433 3121 2471 non
3165 2419 3282 2473 sine
3318 2428 3451 2472 nutu

1872 2506 2075 2570 divino,
2105 2507 2231 2574 quia
2264 2506 2394 2560 nihil
2426 2509 2502 2569 tit,
2540 2517 2597 2559 ut
2627 2508 2961 2577 Augustinus
2993 2506 3142 2571 dicit,
3173 2508 3271 2561 nisi
3306 2510 3449 2577 quod

1871 2605 1964 2649 aut
1995 2596 2108 2663 ipse
2142 2594 2285 2660 facit,
2334 2606 2426 2649 aut
2457 2595 2570 2649 ﬁeri
2606 2596 2718 2665 ipse
2764 2595 3045 2664 permittit,
3089 2605 3144 2649 et
3187 2597 3450 2666 quidquid

1872 2682 2070 2751 agitur,
2098 2680 2398 2735 ministerio
2426 2680 2737 2749 angelorum
2772 2689 2823 2734 et
2854 2681 3134 2734 hominum
3158 2682 3358 2750 agitur,
3390 2691 3449 2737 ut

1874 2770 2127 2826 Salomon
2150 2771 2302 2841 jussu
2333 2772 2504 2842 patris
2535 2771 2699 2825 David
2724 2787 2823 2841 per
2847 2771 3059 2825 Sadoch
3084 2772 3447 2836 sacerdotem,

1870 2872 1924 2915 et
1950 2861 2159 2915 Nathan
2185 2862 2500 2932 prophetam
2525 2860 2643 2934 (111
2676 2860 2804 2931 Reg.
2832 2859 2891 2932 ι).
2940 2860 3005 2914 Ει
3052 2860 3203 2917 multi
3253 2863 3452 2917 civium

1873 2953 1955 3008 vel
1987 2953 2216 3008 militum
2249 2952 2366 3008 fulti
2398 2954 2598 3008 auxilio
2631 2971 2783 3024 reges
2821 2956 3224 3010 constituuntur
3248 2955 3327 3009 vel
3360 2957 3451 3010 de-

1865 3051 2130 3121 jieiuntur
2173 3050 2240 3104 de
2283 3048 2603 3119 principatu,
2636 3058 2689 3103 et
2719 3050 2881 3104 etiam
2929 3050 3124 3114 sancti,
3155 3049 3314 3103 sicuti
3346 3050 3449 3103 Sa-

180 3142 352 3212 gendo
367 3141 582 3204 dicitur,
600 3142 709 3196 etsi
733 3142 968 3210 seipszun
1001 3142 1294 3195 secundum
1320 3142 1650 3195 voluntatem
1672 3140 1762 3193 Dri
1796 3109 1839 3172 Ο
1874 3141 2015 3198 muel
2036 3141 2087 3211 (Ι
2117 3140 2388 3211 Βειμίιι).
2419 3139 2954 3194 Successiuneetiam
2981 3149 3206 3211 paterna
3228 3141 3455 3211 quidam

180 3236 339 3305 regit,
368 3243 425 3289 et
468 3236 637 3289 bonos
682 3235 733 3288 iu
767 3236 907 3288 viam
942 3247 1143 3289 rectam
1171 3235 1371 3305 dirigit,
1404 3233 1766 3289 malusantem

181 3328 248 3380 de
268 3325 354 3380 via
374 3339 538 3394 prava
556 3324 619 3378 ad
640 3332 840 3377 rectam
860 3326 1103 3395 corrigit,
1126 3335 1250 3377 tunc
1269 3340 1361 3378 rex
1385 3333 1493 3387 est,
1510 3334 1564 3378 et
1592 3323 1767 3376 tmllo-

179 3430 299 3470 rum
324 3415 533 3486 legibus
549 3414 630 3469 vel
648 3416 866 3486 juzliciis
896 3416 995 3469 nisi
1024 3417 1190 3470 solius
1213 3416 1305 3470 Dei
1331 3415 1605 3483 subjacet:
1631 3430 1762 3484 quo-

175 3504 324 3562 niam
356 3505 578 3582 arbitria
605 3516 826 3574 possunt
848 3507 971 3571 dici,
991 3508 1133 3577 leges
1148 3517 1326 3560 autem
1345 3523 1450 3562 non
1480 3515 1624 3567 sunt,
1654 3508 1759 3562 nisi

175 3596 341 3668 695
373 3596 476 3650 illa:
502 3612 619 3666 qum
650 3597 742 3651 Dei
772 3607 899 3652 sunt
924 3613 1020 3667 per
1045 3613 1229 3686 quem!
1252 3613 1405 3669 reges
1432 3607 1679 3670 regnant,
1713 3607 1768 3656 et

176 3688 485 3743 conditores
519 3687 692 3758 legum
717 3688 862 3758 justa
890 3689 1205 3744 decernunt.
1244 3689 1311 3744 Et
1339 3691 1646 3761 quicunque
1671 3706 1767 3746 rex

176 3777 450 3832 veraciter
474 3793 568 3834 rex
594 3790 694 3843 est,
728 3779 831 3850 legi
863 3794 967 3834 non
999 3781 1259 3851 subjacet,
1291 3782 1416 3850 quia
1442 3782 1524 3835 lex
1558 3790 1768 3838 nonest

172 3867 544 3940 positajusto,
570 3871 661 3926 sed
693 3870 929 3940 injustis,
965 3881 1019 3926 et
1061 3889 1166 3927 non
1214 3874 1467 3938 subditis,
1509 3876 1688 3945 impiis
1713 3884 1769 3932 et

175 3962 581 4031 peccatoribus,
609 3961 907 4025 sceleratis,
935 3963 1340 4028 contaminatis,
1373 3964 1680 4033 parricidis,
1712 3974 1767 4021 et

174 4051 503 4116 matricidis,
529 4052 1202 4118 homicidis,‘foruicariis,
1240 4055 1601 4110 masculorum
1637 4072 1761 4111 con-

170 4143 532 4206 cubitoribus,
564 4144 860 4215 plagiariis,
894 4145 1259 4213 mendacibus,
1290 4155 1344 4201 et
1382 4147 1425 4202 si
1461 4150 1587 4217 quid
1617 4149 1763 4205 aliud

173 4250 326 4289 sana:
356 4234 614 4288 doctrina:
651 4235 989 4299 adversatur,
1018 4244 1072 4290 et
1111 4235 1196 4291 his
1231 4237 1318 4306 qui
1364 4239 1619 4307 upon-ibus
1645 4231 1764 4294 car-

171 4324 263 4379 nis
291 4324 559 4387 serviunt,
597 4325 662 4378 de
709 4325 904 4395 quibus
953 4326 1082 4380 dicit
1110 4326 1398 4398 Apostolus
1429 4346 1441 4382 :
1479 4328 1763 4399 Manifesta

170 4423 355 4468 autem
386 4423 504 4467 sunt
535 4430 690 4484 opera
718 4415 1043 4486 carnis,quw
1072 4427 1191 4470 sunt
1221 4415 1516 4485 fornicatio,
1538 4420 1763 4473 immun-

172 4507 334 4568 ditia,
359 4506 591 4571 luxuria,
610 4506 870 4561 idolorum
894 4510 1134 4573 servitus,
1152 4510 1418 4579 veneﬁcia,
1446 4494 1761 4577 inimicititc,

172 4599 550 4663 contentiones,
594 4599 976 4666 a'mulationes,
1018 4604 1135 4666 irte,
1183 4602 1334 4668 riunt,
1382 4604 1765 4671 dissensiones,

170 4701 357 4756 secter,
386 4692 617 4769 invidia',
667 4693 973 4757 homicidia,
1005 4694 1296 4756 ebrietates,
1341 4698 1760 4763 comessationes,

170 4795 220 4835 et
251 4782 338 4834 his
366 4782 583 4846 similia,
612 4800 730 4853 qua:
755 4784 984 4853 prwdico
1014 4784 1173 4849 vobis,
1201 4785 1331 4839 sicut
1367 4788 1612 4855 prtvdixi,
1634 4805 1765 4859 quo-

173 4877 324 4929 niam
349 4875 439 4945 qui
469 4875 597 4927 talia
640 4885 799 4944 agunt
843 4892 1055 4946 rggnum
1096 4874 1194 4930 Dei
1233 4892 1338 4930 non
1385 4888 1764 4947 consequentur

172 4961 327 5034 (Gal.
357 4979 410 5028 v,
440 4964 524 5029 t9,
547 4964 635 5025 20.
665 4965 776 5035 21).
816 4965 916 5032 Qui
954 4974 1136 5021 autem
1159 4981 1218 5021 se
1238 4966 1447 5021 etalios
1470 4968 1766 5024 secundum

170 5055 390 5111 fructus
430 5055 663 5126 Spiritus
701 5057 862 5125 regit,
904 5057 995 5127 qui
1032 5065 1153 5110 sunt
1203 5056 1455 5123 charitas,
1483 5059 1758 5129 gaudium,

167 5163 315 5215 pax,
366 5146 766 5216 longanimitas,
821 5149 1104 5217 patientia,
1152 5149 1392 5214 bonitas,
1441 5149 1760 5220 benignitas,

169 5240 545 5299 mansuetudo,
561 5239 713 5307 ﬁdes,
741 5240 1016 5305 modestia,
1038 5240 1378 5306 continentia,
1406 5241 1763 5313 castitas,legi

170 5345 288 5383 non
321 5327 586 5395 subiacet,
618 5332 742 5400 quia
784 5330 1030 5384 adversus
1070 5330 1377 5399 hujusmodi
1407 5347 1509 5384 non
1550 5342 1627 5385 est
1676 5331 1763 5386 lex

170 5420 332 5488 (ibid.
357 5460 373 5484 ,
429 5420 637 5487 22-23).
682 5421 788 5476 Sed
847 5420 961 5476 solo
989 5420 1192 5490 judicio
1218 5420 1418 5476 Christi
1447 5424 1527 5475 sui
1542 5421 1709 5489 jacet,
1734 5442 1765 5478 a

169 5527 291 5582 quo
325 5519 386 5565 et
428 5512 865 5566 remunerabitur
904 5509 1059 5579 cujus
1089 5521 1172 5565 est
1218 5511 1309 5580 qui
1338 5527 1556 5566 carnem
1609 5530 1762 5569 suam

171 5603 460 5673 cruciﬁgit
513 5619 637 5660 cum
691 5604 839 5660 vitiis
879 5613 935 5658 et
983 5603 1455 5674 concupiscentiis.
1506 5605 1761 5677 Alioquin

169 5694 420 5761 adulter,
453 5693 744 5763 homicida,
779 5692 1032 5763 iniustus,
1071 5703 1275 5765 raptor,
1321 5701 1377 5750 et
1419 5694 1649 5775 aliorum
1681 5696 1761 5753 vi-

1793 4459 1845 4519 D

1870 3240 2119 3304 regnant,
2145 3232 2284 3287 sicut
2312 3231 2485 3285 dehis
2514 3230 2763 3285 onmibus
2785 3231 2839 3283 in
2870 3231 3107 3286 historiis
3130 3240 3186 3285 et
3226 3232 3450 3285 chroni-

1871 3326 1970 3389 cis,
1998 3333 2051 3379 et
2073 3324 2234 3379 etiam
2260 3323 2311 3376 in
2346 3322 2504 3385 libro,
2531 3321 2622 3391 qui
2652 3321 2965 3377 inscribitur
3005 3319 3126 3375 Vita
3150 3319 3449 3385 thsarutn,

1870 3418 2160 3475 invenitur.
2206 3417 2435 3482 Quidam
2474 3414 2740 3484 siquidem
2773 3415 3053 3486 tyrannica
3097 3414 3449 3482 usurpatione

1869 3513 2118 3567 obtinent
2154 3511 2538 3580 principatum,
2580 3514 2800 3577 propter
2846 3523 2941 3561 sua
2990 3505 3330 3576 complenda,
3365 3504 3450 3560 vel

1867 3604 2048 3676 populi
2089 3600 2391 3657 ulciscenda
2426 3607 2670 3669 peccata,
2710 3597 2777 3653 de
2802 3598 2999 3666 quibus
3042 3596 3303 3665 scriptum
3342 3603 3449 3658 est,

1868 3695 1980 3765 Ipsi
2010 3701 2374 3763 regnaverunt,
2408 3700 2452 3743 et
2480 3706 2581 3744 non
2602 3705 2668 3744 ea:
2693 3706 2795 3752 me,
2825 3688 3082 3756 principes
3118 3688 3448 3748 exstiterunt.

1866 3797 1914 3847 et
1939 3804 2043 3841 non
2057 3785 2271 3855 cognovi
2286 3786 2299 3841 l
2309 3780 2430 3836 Ose.
2448 3798 2564 3845 vnt,
2581 3781 2657 3853 4).
2674 3780 2917 3852 Et696
2934 3781 3090 3833 item:
3111 3777 3212 3844 Qui
3228 3776 3354 3846 facit
3374 3793 3456 3831 re—

1867 3895 2029 3951 gnare
2053 3876 2379 3947 hypocritam
2402 3883 2611 3944 propter
2642 3884 2855 3943 peccata
2891 3868 3069 3940 populi
3121 3868 3243 3938 (Job
3268 3884 3450 3927 χχχιιι,

1871 3969 1983 4035 '50).
2011 3966 2163 4035 Quod
2193 3964 2296 4019 tale
2312 3972 2394 4019 est
2409 3964 2546 4019 sicut
2563 3969 2614 4018 et
2632 3976 2852 4017 necesse
2868 3971 2951 4014 est
2973 3969 3028 4013 ut
3054 3960 3275 4014 veniant
3293 3972 3453 4012 scau-

1838 4052 2009 4124 dala,
2041 4074 2121 4112 va:
2149 4066 2328 4111 autem
2354 4054 2558 4110 homini
2586 4069 2683 4124 per
2708 4068 2868 4123 quem
2896 4050 3212 4105 scandalum
3252 4050 3398 4105 venit
3434 4068 3447 4102 :

1868 4151 1993 4220 quia
2023 4165 2101 4204 vae
2125 4149 2199 4203 illi
2229 4155 2334 4214 est,
2374 4147 2597 4216 utquod
2624 4145 2858 4199 ﬂendum
2904 4152 3010 4206 est,
3046 4142 3206 4196 talem
3253 4157 3315 4197 se
3352 4156 3451 4196 suo

1867 4241 2001 4296 vitio
2034 4238 2214 4299 etIicit,
2250 4245 2307 4291 ut
2345 4250 2442 4305 per
2471 4234 2617 4289 illum
2647 4233 2788 4304 quod
2826 4235 2892 4287 ad
2927 4249 3003 4287 Vae
3034 4232 3269 4302 pertinet
3290 4246 3449 4286 exse-

1865 4339 2082 4402 quatur.
2127 4326 2279 4394 Quod
2311 4326 2377 4380 de
2414 4339 2578 4395 regno
2620 4323 2843 4388 dicitur,
2880 4323 3004 4393 quia
3047 4331 3199 4392 pater
3243 4337 3374 4376 suus
3400 4320 3451 4376 ei

1870 4421 2001 4475 illud
2032 4418 2272 4481 dimisit,
2310 4415 2483 4471 vereri
2527 4415 2655 4470 hinc
2693 4414 2871 4485 potius
2909 4430 3001 4467 rex
3032 4415 3135 4470 iste
3173 4412 3333 4481 debet
3370 4412 3455 4466 di-

1872 4512 2019 4576 vina,
2049 4519 2102 4565 et
2133 4505 2486 4564 verecundari
2530 4506 2761 4560 humana
2802 4503 3041 4571 judicia,
3074 4518 3237 4572 quam
3268 4502 3335 4556 de
3368 4515 3455 4556 re-

1871 4604 1960 4674 gni
1989 4599 2273 4670 adeptione
2316 4597 2454 4652 forte
2482 4595 2729 4667 gloriari,
2759 4596 2809 4649 Si
2850 4602 3031 4650 tamen
3069 4592 3239 4663 patris
3282 4591 3455 4646 bonos

1871 4711 2071 4759 mores,
2094 4702 2150 4749 et
2176 4700 2427 4748 sanctam
2447 4685 2641 4757 'vitam,
2671 4699 2725 4746 et
2749 4705 2961 4760 :cquum
2989 4705 3053 4743 ac
3076 4686 3283 4757 justum
3316 4687 3455 4758 regi-

1871 4804 1992 4844 tnen
2036 4786 2279 4841 imitatus
2320 4797 2423 4837 non
2463 4780 2647 4847 fuerit,
2690 4780 2774 4836 vel
2802 4780 2883 4845 si,
2909 4780 3052 4850 quod
3099 4779 3263 4842 absit,
3310 4776 3454 4832 illius

1873 4896 2067 4951 pravos
2098 4891 2293 4939 mores,
2325 4882 2418 4928 aut
2453 4873 2707 4941 injustam
2752 4874 2938 4937 vitam,
2965 4888 3128 4943 quam
3163 4870 3314 4926 illum
3358 4872 3453 4925 ha-

1872 4974 2055 5029 buisse
2104 4986 2208 5023 non
2257 4967 2509 5032 dicimus,
2550 4966 2663 5021 sive
2713 4966 2986 5035 indignum
3020 4965 3257 5034 regimen
3302 4964 3454 5033 sequi

1872 5062 2150 5134 delegerit.
2183 5060 2320 5128 Quid
2351 5058 2495 5115 enim
2526 5058 2665 5113 ﬁlios
2688 5057 2956 5114 Samutlis
2986 5053 3329 5111 necessitudo
3367 5053 3455 5121 ju-

1871 5158 1948 5209 vit
1984 5153 2243 5223 parentis,
2281 5152 2436 5222 cujus
2481 5166 2586 5206 non
2638 5150 2855 5205 fuerunt
2907 5146 3121 5201 virtutis
3172 5146 3457 5201 lneredes?

1873 5245 2010 5312 Quid
2045 5244 2208 5297 etiam
2240 5241 2409 5313 Moysi
2442 5240 2625 5297 liberis
2650 5248 2872 5311 paterna
2899 5236 3100 5307 profuit
3127 5252 3259 5292 cura
3288 5236 3453 5307 justi-

1876 5339 1984 5400 tite,
2013 5338 2167 5407 cujus
2187 5352 2281 5391 eos
2319 5335 2547 5390 imitatio
2576 5350 2681 5390 non
2730 5334 3024 5390 successit?
3054 5330 3239 5403 itaque
3280 5346 3456 5401 neque

1876 5432 1941 5485 ad
1974 5428 2090 5484 dios
2131 5428 2297 5498 patris
2325 5435 2567 5496 potestas
2596 5424 2752 5495 quasi
2788 5439 2851 5479 ex
2896 5426 3239 5480 successione
3273 5424 3453 5479 defer-

1874 5530 1978 5583 tur,
2017 5520 2107 5589 qui
2136 5519 2286 5573 illum
2315 5517 2577 5572 vocabulo
2610 5524 2818 5570 tantum
2841 5516 3125 5587 siguabant
3153 5523 3452 5585 parentem,

1870 5619 1926 5666 et
1952 5610 2018 5664 ad
2041 5625 2163 5664 eum
2195 5607 2445 5677 migravit
2468 5608 2559 5677 qui
2603 5606 2746 5662 illius
2773 5617 2892 5662 erat
2936 5608 3076 5662 illius
3124 5607 3319 5661 virtute
3346 5621 3453 5660 non

1873 5714 2093 5772 genere,
2123 5698 2265 5769 quod
2308 5705 2361 5752 et
2401 5698 2504 5753 iste
2534 5697 2692 5753 debet
2723 5697 2928 5752 timere.
2981 5697 3021 5751 E
3054 5698 3270 5768 regione
3303 5712 3430 5750 vero
