4026 6340
155 340 265 398 76!

1091 345 1180 402 DE
1215 347 1542 404 DIVORTIO
1579 348 1908 406 LOTllARll
1946 350 2034 404 ET
2076 351 2491 410 TETBERGIE.

3328 362 3434 417 702

152 451 495 508 cerdotalem
526 453 1021 511 reconciliationem
1054 457 1309 513 Ecclesia!
1337 470 1628 514 mereatur.
1652 459 1749 513 At—
1773 463 1824 520 Α
1851 470 2071 517 sanctus
2099 463 2430 533 Augustinus
2475 467 2630 520 nobis
2679 467 2768 520 dat
2816 467 3004 524 dicens
3051 469 3240 539 (εει-ηε.
3277 473 3341 526 18
3369 475 3436 528 de

153 543 494 598 tendendum
523 553 606 600 est
629 546 792 600 etiam
826 549 1038 602 cunctis
1069 549 1282 619 regibus
1324 559 1379 604 et
1413 550 1746 620 principibus

150 635 370 699 surculi,
401 636 526 704 quia
559 637 813 708 princeps
841 649 895 692 et
927 655 1021 693 rex
1060 656 1281 710 pravus,
1315 643 1532 712 quantis
1564 645 1616 698 in
1655 659 1745 698 re-

149 726 367 798 gimine
402 737 600 797 praeest
647 729 703 784 in
755 731 984 795 sasculo,
1024 733 1122 787 sub
1154 735 1520 810 tantis-modo
1549 737 1751 806 plagali-

149 818 224 871 ad
265 817 562 873 vindictam
599 821 706 875 erit
740 821 793 874 in
825 823 1162 878 ﬂammarum
1189 825 1556 882 damnatione.
1591 827 1747 882 Unde

147 924 387 964 necesse
415 917 518 976 est,
549 919 608 964 ut
638 911 974 968 incessanter
996 929 1124 970 suos
1149 924 1304 970 actus
1334 917 1664 982 consideret,
1691 925 1746 972 et

147 1013 282 1052 cum
307 1000 443 1054 alios
468 1016 564 1055 suo
588 1002 836 1070 exemplo
863 1004 1059 1074 perdit,
1092 1014 1327 1068 metuat.
1366 1008 1491 1076 quia
1522 1023 1627 1062 non
1658 1025 1747 1064 so-

146 1089 242 1145 lus
264 1092 430 1160 perit,
462 1093 551 1160 qui
579 1093 840 1164 plurimos
863 1095 1111 1165 exemplo
1137 1085 1560 1165 sumpravitatis
1603 1101 1746 1154 occi-

146 1182 258 1247 dit,
289 1199 390 1252 pro
417 1184 614 1253 quibus
639 1185 755 1239 sine
789 1186 954 1241 dubio
984 1188 1248 1242 rationem
1282 1189 1509 1244 Domino
1534 1191 1753 1246 reddet.’

146 1272 220 1326 Et
255 1288 364 1326 non
396 1273 570 1329 solum
600 1289 696 1344 per
723 1279 926 1353 διιδεὰ
952 1286 1006 1332 et
1035 1293 1131 1348 per
1155 1294 1250 1333 eos
1275 1279 1366 1348 qui
1392 1296 1514 1334 eum
1549 1281 1743 1337 imitati

143 1364 382 1432 fuerint,
415 1368 497 1420 vel
523 1366 640 1434 ejus
668 1370 916 1440 exemplo
944 1386 1038 1425 seu
1061 1373 1385 1427 auctoritate
1407 1368 1742 1443 delinquunt,

145 1456 510 1526 multiplicius
540 1458 655 1529 ipse
682 1461 948 1531 delinquit
972 1481 986 1516 ε
1019 1465 1254 1518 maxime
1281 1480 1402 1519 cum
1432 1467 1565 1535 ipse,
1590 1469 1746 1537 quasi

144 1545 305 1602 licite
351 1548 710 1619 delinquens,
763 1553 884 1607 aliis
928 1554 1272 1624 delinquendi
1318 1556 1491 1613 fomes
1537 1559 1742 1613 existit.

151 1635 313 1692 Unde
340 1649 394 1692 et
428 1639 494 1695 de
521 1639 624 1694 alia
657 1656 715 1696 re
749 1643 974 1713 loquens
1005 1645 1138 1700 dicit
1177 1647 1468 1716 Apostolus
1506 1665 1520 1703 :
1569 1649 1746 1703 Videte

147 1743 219 1780 ne
266 1726 402 1796 forte
447 1727 659 1785 licentia
708 1742 876 1788 vestra
929 1735 1305 1802 oﬂ'endiculam
1357 1739 1454 1806 ﬁat
1515 1739 1741 1807 infirmis

1861 551 2008 607 Verb.
2030 555 2211 626 Dom.)
2237 574 2299 629 τι
2327 557 2546 614 Duobus
2570 560 2742 614 modis
2773 574 2877 613 non
2905 570 2957 614 te
2983 561 3216 616 maculat
3238 563 3433 631 malus,

1847 645 1891 699 si
1925 661 2031 700 non
2078 651 2409 718 consentias,
2459 662 2518 721 et
2564 654 2606 708 si
2651 655 2983 723 redarguas;
3038 655 3140 710 hoc
3175 665 3274 719 est,
3325 672 3434 712 non

1846 738 2271 804 communicare,
2304 757 2409 794 non
2436 743 2763 798 consentire.
2807 743 3250 800 Communicatur
3271 746 3430 816 quip—

1845 842 1932 897 ρτι,
1987 831 2204 896 quando
2253 830 2395 886 facto
2445 832 2561 901 ejus
2618 835 2951 888 consortium
3011 835 3309 890 voluntatis
3340 836 3428 890 vel

1845 920 2251 988 approbationis
2287 923 2616 998 adjungitur.
2659 925 2771 978 Hoc
2820 940 2948 996 ergo
2992 943 3093 982 nos
3135 929 3433 984 admonens

1844 1005 2134 1076 Apostolus
2177 1010 2299 1063 ait:
2341 1011 2519 1066 Nolite
2547 998 2932 1087 communicare
2977 1017 3215 1086 operibus
3260 1019 3432 1088 infru-

1845 1103 2038 1156 ctuosis
2073 1105 2402 1158 tenebrarum
2463 1105 2678 1176 (Ep/tes.
2707 1123 2759 1171 v,
2787 1109 2896 1178 ll).
2949 1109 3015 1163 Et
3060 1111 3184 1179 quia
3238 1127 3430 1182 parum
3468 1110 3478 1117 “

1844 1203 1964 1249 crat
2003 1209 2106 1248 non
2136 1197 2470 1261 consentire,
2500 1198 2545 1252 si
2571 1208 2890 1267 sequeretur
2914 1201 3235 1270 negligentia
3265 1203 3430 1258 disci-

1842 1285 2025 1354 plinae,
2056 1285 2226 1355 Magis
2275 1297 2486 1350 autem,‘
2518 1287 2732 1359 inquit,
2780 1297 2836 1343 et
2887 1291 3180 1357 redarguite
3230 1291 3429 1363 (ibid.).

1846 1376 2036 1429 Videte
2093 1377 2548 1446 quemadmodum
2603 1371 2895 1448 utrumque
2950 1381 3268 1450 complexus
3323 1391 3430 1448 est,

1844 1463 2025 1519 Nolite
2070 1465 2498 1530 communicare,
2542 1467 2718 1537 magis
2769 1477 2951 1522 autem
3004 1477 3060 1523 et
3103 1470 3429 1541 redarguitc.

1845 1553 1984 1621 Quid
2020 1564 2104 1609 cst
2143 1564 2345 1620 autem,
2396 1556 2566 1611 nolite
2606 1557 3051 1612 communicare?
3093 1559 3258 1614 nolite
3297 1574 3431 1614 con-

1845 1645 2074 1711 sentire,
2117 1645 2283 1700 nolite
2339 1647 2578 1711 laudare,
2621 1646 2790 1701 nolite
2819 1648 3140 1716 approbare.
3175 1648 3316 1714 Quid
3350 1659 3434 1705 est

1851 1744 2054 1796 autem,
2103 1737 2276 1807 magis
2326 1745 2382 1792 et
2418 1736 2766 1806 redarguite?
2813 1739 3212 1807 reprehendite,
3265 1741 3434 1794 corri-

148 1816 207 1881 (I
249 1815 372 1872 Cor.
417 1834 536 1882 vm,
568 1820 655 1892 9).
687 1821 755 1876 Et
785 1801 1012 1879 rursus:
1045 1823 1249 1880 Peribit
1276 1801 1518 1895 infirmus
1554 1801 1609 1884 in
1648 1839 1739 1886 tua
1771 1801 1818 1861 Β
1846 1828 1976 1896 pite,
2001 1801 2265 1883 coerceie.
2304 1829 2505 1883 Deinde
2538 1801 2604 1884 in
2638 1830 2752 1900 ipsa
2781 1801 3124 1900 correptione
3164 1801 3253 1885 vel
3279 1836 3434 1888 coer-

148 1908 377 1962 scientia
411 1909 599 1978 frater,
640 1924 850 1984 propter
885 1932 1037 1986 quem
1073 1917 1313 1972 Christus
1360 1930 1600 1976 mortuus
1641 1932 1754 1977 est.‘

151 1997 252 2051 Sic
273 2007 448 2052 autem
469 2011 739 2069 peccantes
766 2004 820 2057 in
843 2003 1034 2072 fratres
1051 2016 1098 2060 et
1118 2009 1461 2076 percutientes
1477 2011 1743 2064 conscien-

149 2091 287 2143 tiam
324 2106 528 2158 eorum,
557 2093 615 2147 in
658 2092 926 2150 Christum
965 2100 1190 2167 peccatis
1248 2099 1434 2165 (ibid.,
1480 2103 1569 2168 il,
1617 2103 1738 2174 12).

149 2181 227 2236 Et
252 2181 514 2239 Dominus
537 2183 710 2240 dicit:
741 2185 845 2251 Qui
870 2188 1303 2246 scandalisauerit
1342 2209 1504 2246 unum
1542 2195 1606 2248 de
1645 2211 1744 2264 pu-

149 2274 291 2329 sillis
319 2276 458 2341 istis,
483 2278 574 2347 qui
599 2279 654 2332 in
679 2295 760 2334 me
787 2281 1024 2346 credunt,
1057 2286 1262 2355 expedit
1291 2287 1339 2341 ei
1367 2298 1423 2342 ut
1449 2291 1738 2358 suspenda-

151 2375 246 2417 tur
267 2365 408 2419 mola
431 2367 669 2422 asinaria
697 2369 750 2422 in
779 2370 916 2424 collo
943 2373 1080 2442 ejus,
1108 2385 1156 2428 et
1182 2375 1516 2447 demergatur
1543 2381 1598 2433 in
1622 2395 1743 2449 pro-

153 2453 378 2523 fundum
410 2457 569 2523 maris
609 2457 628 2530 (
646 2457 832 2514 Matth.
869 2477 1022 2527 xviii,
1057 2463 1119 2534 6)
1146 2483 1159 2518 :
1188 2467 1315 2536 quia
1343 2467 1535 2524 melius
1558 2471 1739 2539 prol'c-

151 2554 246 2600 cto
283 2546 375 2600 tali
409 2546 609 2614 fuerat,
649 2560 709 2604 ut
751 2552 803 2606 in
835 2553 1044 2622 privata
1072 2556 1178 2610 vita
1207 2558 1463 2630 degeret,
1495 2576 1656 2630 quam
1687 2563 1740 2617 in

153 2641 460 2709 principatu
488 2642 696 2710 positus
717 2659 777 2699 se
802 2644 1120 2702 imitabilem
1151 2649 1204 2703 in
1235 2651 1390 2720 culpa
1415 2657 1629 2709 czeteris
1658 2656 1746 2710 de-

154 2739 505 2796 monstraret,
529 2742 583 2786 et
606 2747 706 2802 pro
730 2736 898 2790 tantis
917 2751 1107 2806 poenas
1137 2738 1328 2804 lueret,
1354 2743 1570 2810 quantis
1589 2747 1742 2813 quasi

157 2817 301 2873 licite
343 2833 596 2888 peccans,
641 2837 740 2877 suo
774 2825 1019 2894 exemplo
1056 2827 1123 2880 ad
1165 2828 1292 2883 vitia
1324 2829 1430 2884 dux
1470 2840 1524 2885 et
1552 2842 1744 2888 auctor

157 2909 360 2964 erroris
407 2910 608 2965 existit.
662 2913 828 2984 Cujus
879 2923 1031 2970 tanto
1075 2926 1160 2972 est
1209 2918 1365 2988 culpa
1416 2923 1650 2991 gravior,
1687 2935 1742 2979 et

155 3002 258 3057 erit
289 3002 551 3057 crucialio
582 3003 796 3069 durior,
830 3018 1031 3076 quanto
1059 3009 1342 3064 excedenti
1388 3021 1472 3066 est
1517 3011 1743 3070 facultas

159 3093 396 3148 liberior.
451 3092 590 3160 Quia
640 3111 800 3151 nemo
856 3099 1089 3168 amplius
1145 3099 1414 3169 delinquit
1464 3103 1517 3156 in
1567 3118 1738 3173 popu-

160 3184 260 3250 lis,
330 3199 493 3255 quam
563 3186 655 3256 qui
722 3202 974 3256 perverse
1053 3204 1219 3258 agens
1277 3191 1522 3246 ordinem
1593 3195 1740 3263 priu-

161 3277 362 3346 cipatus
411 3287 655 3346 usurpat.
717 3279 1130 3349 Delinquentcm
1189 3297 1424 3352 namque
1473 3285 1618 3340 hunc
1656 3301 1740 3341 re-

161 3366 421 3436 darguere
467 3367 644 3422 nullus
690 3371 1020 3438 praesumit,
1047 3380 1103 3428 et
1149 3372 1202 3426 in
1241 3361 1546 3445 exemplum
1585 3377 1740 3446 culpa

159 3457 320 3529 6%
347 3459 698 3516 vehementer
741 3462 1072 3529 extenditur,
1105 3466 1321 3534 quando
1357 3483 1456 3537 pro
1477 3470 1742 3524 reveren—

162 3551 230 3604 tia
258 3550 594 3621 principatus
643 3561 898 3621 peccator
934 3554 1249 3610 honoratur.
1295 3555 1364 3611 Et
1417 3566 1476 3611 ut
1509 3559 1742 3614 honores

161 3649 214 3694 et
247 3640 507 3697 beneﬁcia
545 3643 886 3699 adulantibus
933 3644 1153 3710 tribuat,
1210 3645 1462 3701 laudatur
1490 3641 1748 3718 peceator’

161 3729 211 3785 in
244 3732 528 3788 desideriis
565 3735 758 3789 anima:
793 3749 924 3800 sua),
948 3745 1015 3790 et;
1041 3737 1129 3805 qui
1162 3736 1344 3806 iniqua
1386 3737 1498 3808 agit
1525 3741 1740 3795 benedi-

159 3822 313 3886 citur,
347 3832 401 3877 et
424 3831 715 3879 mortuusa
740 3825 966 3880 mortuis
1008 3826 1060 3880 in
1103 3837 1276 3881 morte
1315 3828 1548 3897 pessima
1585 3845 1741 3898 sepe-

158 3911 306 3977 litur,
340 3913 464 3982 quia
492 3913 750 3982 scriptum
785 3923 905 3968 est:
948 3912 1170 3967 Videbas
1195 3915 1384 3982 furem,
1416 3927 1462 3968 et
1495 3919 1740 3970 c..rrebas

157 4017 272 4052 cum
311 4016 394 4062 eo,
442 4011 488 4053 et
525 4017 642 4054 cum
694 4001 945 4054 adulteris
986 4002 1276 4071 portionem
1319 4013 1464 4056 tuam
1509 4003 1746 4073 ponebas

156 4086 329 4142 (Psal.
352 4090 634 4161 xux,18).
673 4089 1017 4146 Curritenim
1046 4105 1168 4144 cum
1190 4091 1326 4156 fure,
1359 4101 1408 4147 et
1437 4094 1739 4162 portionem

155 4192 306 4231 suam
347 4180 500 4248 ponit
525 4194 647 4234 cum
670 4195 758 4245 eo,
787 4181 1003 4249 quando
1039 4181 1087 4236 ei
1119 4181 1262 4250 quis,
1285 4181 1369 4236 vel
1395 4183 1447 4236 in
1480 4184 1742 4239 adulteris

155 4269 427 4338 laudibus,
472 4273 558 4328 vel
615 4274 669 4328 in
718 4275 1100 4331 consentaneis
1142 4276 1505 4344 voluptatibus
1555 4278 1628 4332 illi
1681 4293 1741 4334 se

149 4360 344 4432 jungit,
391 4371 447 4418 et
483 4363 788 4432 portionem
827 4379 1003 4427 suam,
1051 4381 1215 4434 quam
1251 4381 1374 4421 cum
1412 4366 1521 4422 Deo
1558 4375 1614 4421 et
1639 4384 1738 4422 an-

155 4455 287 4525 gelis
335 4455 534 4510 habere
576 4455 854 4520 debuerat,
905 4459 959 4512 in
1005 4458 1219 4514 inferno
1261 4475 1384 4515 cum
1432 4461 1522 4516 illo
1565 4463 1736 4531 ponit,

154 4549 310 4618 cujus
353 4565 412 4602 os
461 4549 745 4604 abundavit
789 4549 1026 4616 malitia,
1069 4559 1118 4604 et
1165 4551 1348 4622 lingua
1393 4553 1756 4608 concinnabat"

155 4639 336 4695 dolum
385 4638 561 4709 (Psal.
589 4656 738 4706 xm,
770 4641 900 4708 l9):
953 4627 1172 4711 quando
1220 4643 1312 4698 illo
1364 4644 1503 4699 male
1549 4655 1741 4714 agente

154 4731 406 4800 nequiter
428 4745 493 4785 ac
521 4731 706 4787 dolose
752 4731 1026 4798 laudabat,
1070 4733 1153 4786 vel
1195 4734 1308 4788 suis
1358 4735 1541 4804 pravis
1573 4737 1742 4791 actio-

153 4820 316 4875 nibus
341 4834 621 4874 assensum
658 4821 954 4892 prtcbebat,
997 4823 1122 4892 quia
1169 4839 1272 4876 non
1315 4823 1485 4877 solum
1525 4825 1614 4895 qui
1659 4826 1743 4895 fa-

153 4910 322 4973 ciunt,
351 4909 442 4962 sed
467 4919 514 4962 et
558 4910 650 4980 qui
695 4921 1022 4964 consentiunt
1072 4910 1406 4980 facientibus,
1449 4914 1595 4982 digni
1621 4925 1741 4968 sunt

151 5009 322 5052 morte
342 4997 519 5069 (Rom.
547 5015 584 5066 ι,
603 4999 712 5068 52).
749 4999 902 5056 Unde
930 5010 1148 5056 sanctus
1171 5001 1490 5058 Ambrosius
1514 5022 1526 5057 :
1559 5023 1577 5055 ι
1605 5006 1740 5059 Cum

150 5093 322 5156 enim,
371 5091 571 5162 inquit,
617 5094 763 5148 videt
790 5094 1044 5149 honorari
1095 5110 1154 5149 se
1206 5095 1357 5166 (quin
1391 5096 1437 5150 is
1473 5096 1565 5166 qui
1614 5097 1758 5152 talia-

151 5182 287 5255 agit)
328 5183 400 5237 ab
442 5183 527 5238 his
551 5183 646 5254 qui
695 5198 802 5239 non
829 5193 956 5240 sunt
994 5185 1149 5251 tales,
1177 5187 1378 5240 crescit
1414 5186 1467 5240 in
1494 5185 1655 5251 mala,
1687 5175 1757 5242 et'

148 5275 420 5345 gloriatur
441 5273 581 5328 forte
607 5287 668 5330 se
697 5274 877 5338 talem,
908 5274 1111 5330 idcirco
1138 5275 1357 5346 dignum
1395 5285 1480 5332 est
1507 5293 1612 5330 una
1643 5277 1759 5332 hos"

147 5381 315 5436 paena
352 5365 678 5421 multandos.
729 5365 834 5422 Sed
865 5375 920 5422 et
965 5367 1011 5420 is
1047 5367 1138 5436 qui
1170 5367 1296 5421 talia
1330 5367 1556 5436 judicat,
1604 5369 1744 5424 sicut

148 5453 300 5510 idem
331 5453 529 5510 Paulus
559 5455 712 5522 dicit,
741 5465 797 5511 et
828 5455 1058 5521 facitea,
1097 5470 1202 5509 non
1237 5454 1455 5526 ell‘ugiet
1479 5455 1742 5522 judicium

107 5599 110 5602 .
149 5542 274 5599 Dei.
303 5544 408 5599 Per
434 5559 492 5600 se
535 5546 680 5600 enim
709 5545 1051 5616 judicaturus
1089 5553 1193 5612 est,
1233 5546 1373 5614 apud
1419 5562 1579 5615 quem
1613 5539 1755 5601 adu?

150 5633 292 5688 latio
333 5641 518 5691 cessat
563 5644 620 5692 et
669 5652 1030 5707 personarum
1087 5638 1332 5707 acceptio
1383 5636 1558 5708 (Rom.
1594 5637 1678 5708 ιι).
1717 5656 1760 5689 »-

148 5725 456 5782 Consilium
517 5735 698 5784 autem
755 5728 1060 5799 hujusmodi
1108 5730 1404 5799 periculum
1465 5729 1737 5786 devitandi

1843 1920 2044 1974 citione
2067 1920 2367 1975 alienorum
2416 1930 2760 1990 peccatorum
2788 1923 3088 1997 cavendum
3140 1932 3245 1988 est,
3275 1940 3342 1979 ne
3371 1939 3431 1979 se

1843 2010 2067 2065 extollat
2096 2011 2189 2079 qui
2213 2010 2442 2064 alterum
2469 2011 2717 2081 corripit,
2745 2020 2801 2066 et
2833 2013 2922 2081 qui
2967 2029 3026 2067 se
3061 2021 3218 2082 putat
3260 2021 3428 2079 stare,

1842 2103 2025 2156 videat
2065 2116 2132 2157 ne
2174 2101 2352 2157 cadat.
2380 2100 2536 2156 Foris
2587 2101 2906 2156 terribiliter
2942 2111 3199 2172 personet
3249 2103 3430 2158 incre-

1843 2190 2009 2260 patio,
2057 2191 2202 2247 intus
2239 2191 2480 2246 lenitatis
2508 2201 2759 2247 teneatur
2785 2186 3021 2248 dilectio.
3073 2192 3256 2262 Neque
3301 2208 3430 2263 ergo

1845 2284 2247 2337 consentientes
2270 2283 2392 2338 sitis
2418 2283 2682 2349 malis,'ut
2704 2284 3036 2354 approbetis,
3064 2298 3240 2353 neque
3261 2284 3432 2354 negli-

1843 2381 2055 2442 gentes,
2084 2381 2145 2427 ut
2173 2388 2281 2428 non
2312 2373 2574 2444 arguatis,
2615 2387 2791 2441 neque
2819 2373 3215 2443 superbientes,
3246 2383 3306 2427 ut
3343 2374 3428 2426 in-

1843 2463 2113 2518 sultanter
2154 2465 2414 2536 arguatis.
2448 2484 2466 2515 ι
2504 2465 2571 2519 Et
2609 2473 2833 2518 sanctus
2870 2463 3165 2534 Gregorius
3211 2465 3265 2520 in
3303 2466 3428 2533 epi-

1844 2553 1982 2608 stola
2036 2554 2102 2608 ad
2145 2553 2380 2609 Felicem
2427 2553 2765 2608 Siciliensem
2809 2553 3118 2622 episcopum
3175 2554 3428 2608 omnibus

1844 2644 2011 2699 donat
2056 2645 2346 2714 episcopis,
2385 2644 2571 2699 dicens
2611 2644 2722 2715 (lib.
2751 2660 2848 2708 xu,
2889 2645 3035 2712 epist.
3057 2643 3186 2713 32):
3241 2663 3260 2695 ι
3288 2643 3428 2698 Sunt

1844 2731 1990 2785 enim
2014 2731 2138 2784 mali
2179 2734 2496 2802 segregandi
2531 2747 2560 2784 a
2603 2732 2782 2795 bonis,
2817 2739 2872 2786 et
2912 2731 3079 2801 iniqui
3108 2747 3138 2784 a
3162 2733 3344 2802 justis,
3369 2740 3429 2786 ut

1844 2821 2033 2876 saltem
2078 2823 2273 2876 rubore
2317 2837 2416 2877 suo
2451 2822 2816 2876 conscientias
2851 2836 2977 2876 suas
3018 2814 3426 2892 recognoscant,

1843 2924 1898 2972 et
1920 2925 2305 2971 convertantur
2333 2932 2362 2969 a
2401 2916 2758 2985 pravitatibus
2795 2915 2931 2980 suis,
2968 2921 3026 2970 et
3058 2915 3104 2968 si
3144 2915 3430 2984 incorrigi-

1842 3007 1978 3061 biles
2001 3006 2367 3076 apparuerint,
2408 3015 2762 3078 segregentur
2801 3021 2830 3059 a
2871 3006 3118 3062 ﬁdelibus
3155 3020 3326 3075 usque
3360 3006 3430 3060 ad

1830 3095 2461 3166 .satisfactionetn,juxta
2496 3097 2703 3151 Domini
2747 3095 3046 3150 Salvatoris
3074 3097 3424 3160 sententiam,

1843 3201 1947 3255 qua
1972 3187 2114 3240 inter
2135 3195 2330 3241 cmtera
2355 3187 2422 3241 de
2440 3195 2695 3256 peccante
2721 3186 2772 3241 iu
2797 3201 2855 3241 se
2883 3185 3052 3241 fratre
3067 3186 3432 3256 pmcipiendo

1842 3277 1952 3331 ait:
1982 3276 2042 3331 Si
2071 3277 2364 3347 peccaverit
2390 3278 2444 3330 in
2479 3287 2527 3330 te
2553 3276 2718 3344 frater
2748 3286 2892 3340 tuus,
2922 3277 3122 3344 corripe
3151 3291 3266 3328 eum
3295 3275 3432 3328 inter

1840 3377 1890 3421 te
1911 3376 1957 3420 et
1985 3367 2153 3436 ipsum
2187 3367 2376 3420 solum.
2426 3366 2488 3421 Si
2520 3376 2568 3420 te
2609 3367 2872 3430 audierit,
2915 3366 3147 3419 lucratus
3187 3366 3290 3418 eris
3321 3364 3434 3432 {ra-

1841 3474 1972 3517 trem
1999 3469 2168 3513 tuum.
2198 3458 2255 3512 Si
2297 3463 2549 3513 autem'te
2595 3475 2697 3512 non
2743 3458 2994 3523 audierit,
3037 3457 3228 3511 adhibe
3261 3467 3432 3510 tecum

1843 3573 2027 3620 unum,
2052 3564 2143 3610 aut
2167 3554 2322 3616 duos,
2347 3564 2400 3606 ut
2443 3554 2497 3606 in
2539 3569 2626 3607 ore
2659 3553 2882 3618 duorum
2926 3551 3003 3606 uel
3042 3552 3200 3604 trium
3225 3551 3432 3604 testium

1841 3651 1936 3701 stet
1959 3661 2110 3699 omne
2131 3644 2358 3699 verbum.
2401 3642 2555 3708 Quod
2577 3645 2625 3697 si
2647 3661 2749 3708 non
2775 3643 3000 3696 audierit
3024 3658 3133 3706 eos,
3155 3641 3328 3713 700
3347 3642 3432 3694 dic

1843 3739 2118 3794 Ecclesiae.
2176 3738 2238 3793 Si
2280 3747 2456 3791 autem
2499 3746 2548 3789 et
2596 3737 2884 3796 Ecclesium
2928 3752 3031 3790 non
3074 3735 3324 3798 audierit,
3365 3743 3436 3788 sit

1842 3830 1936 3884 tibi
1957 3831 2092 3883 sicut
2113 3828 2347 3882 ethnicus
2369 3836 2418 3880 et
2457 3825 2767 3894 publicanus
2808 3824 3022 3895 (Matth.
3048 3840 3203 3890 xvm,
3225 3825 3435 3894 i5-l'l).

1843 3918 1939 3973 His
1966 3917 2166 3987 ergoet
2211 3917 2393 3970 multis
2428 3915 2550 3970 aliis
2586 3927 2897 3970 sanctorum
2939 3915 3162 3970 Patrum
3201 3918 3438 3972 auctori-

1842 4007 2046 4061 tatibus
2089 4003 2406 4076 segregandi
2447 4014 2572 4058 sunt
2611 4004 2738 4060 mali
2779 4020 2809 4056 a
2850 4005 3008 4058 bonis
3036 4045 3050 4068 ,
3095 4021 3162 4059 nc
3208 4015 3438 4074 pereant

1837 4097 1967 4166 justi
1992 4112 2089 4167 pro
2116 4093 2358 4162 injustis,
2379 4094 2518 4148 sicut
2542 4094 2800 4174 scriptum
2823 4103 2939 4148 est:
2971 4093 3119 4149 Perit
3139 4096 3320 4166 justus
3340 4114 3436 4165 pro

1842 4185 2001 4254 impio
2041 4182 2240 4254 (Eccle.
2273 4182 2508 4253 vn,16).
2539 4182 2706 4238 Debet
2737 4182 2882 4246 enim
2924 4198 3139 4253 semper
3180 4183 3438 4239 discretio

1843 4275 1961 4330 ﬁeri
1997 4275 2143 4328 inter
2171 4273 2340 4328 bonos
2363 4281 2418 4327 et
2446 4271 2640 4338 malos,
2679 4272 2821 4332 sicut
2843 4281 2926 4327 est
2955 4272 3099 4326 inter
3139 4272 3326 4327 bardos
3376 4283 3434 4326 et

1841 4383 1993 4422 oves.
2044 4365 2328 4419 Manifesta
2375 4379 2592 4434 quoque
2639 4372 2862 4433 peccata
2904 4380 3010 4418 non
3060 4372 3187 4419 sunt
3223 4364 3435 4419 occulta

1843 4457 2184 4512 correctione
2224 4455 2524 4527 purganda,
2562 4457 2656 4510 sed
2689 4455 2865 4525 palam
2898 4464 3024 4510 sunt
3049 4457 3309 4526 arguendi
3341 4457 3436 4526 qui

1843 4547 2020 4619 palam
2046 4557 2261 4612 nocent,
2287 4556 2346 4600 ut
2373 4547 2499 4601 dum
2525 4556 2712 4615 aperta
2737 4540 3116 4617 objurgatione
3147 4558 3440 4614 sanantur,

1846 4639 1897 4692 hi
1948 4639 2040 4708 qui
2084 4653 2176 4692 eos
2208 4638 2469 4692 imitando
2499 4638 2845 4708 deliquerant
2898 4639 3261 4710 corrigantur.
3299 4640 3436 4694 Dum

1849 4730 1996 4784 enim
2021 4745 2162 4783 unus
2178 4730 2490 4798 corripitur,
2520 4729 2734 4800 plurimi
2757 4732 3134 4785 emendantur.
3162 4733 3445 4786 Etmelius

1849 4828 1955 4882 est,
1986 4828 2044 4872 ut
2070 4834 2167 4888 pro
2193 4819 2482 4872 multorum
2514 4820 2812 4880 salvatioue
2842 4837 2982 4875 unus
3027 4803 3435 4886 condemnetur,

1851 4925 2014 4978 quam
2046 4923 2143 4976 per
2191 4910 2350 4963 unius
2392 4908 2668 4963 licentiam
2708 4910 2860 4964 multi
2899 4909 3292 4978 periclitentur.
3311 4910 3437 4966 'Nec

1850 5001 2047 5054 mirum
2072 4999 2117 5055 si
2159 4999 2302 5054 inter
2321 5001 2579 5055 homines
2608 5002 2722 5056 haec
2770 5001 2908 5056 ratio
2951 4991 3274 5064 custoditur,
3312 5011 3434 5054 cum

1848 5099 1902 5146 et
1929 5091 2067 5144 inter
2091 5077 2336 5159 jumenta
2370 5091 2483 5145 lucc
2530 5091 2642 5144 ﬁeri
2695 5105 2932 5160 persarpe
2979 5089 3353 5159 cognovimus,
3383 5099 3439 5141 ct

1848 5196 1911 5237 ea
1939 5197 2060 5249 quae
2099 5181 2336 5236 scabiem
2364 5186 2483 5235 'aut
2533 5181 2898 5251 impetiginem
2930 5180 3130 5233 habere
3161 5179 3434 5243 videntur,

1850 5284 2173 5344 separantur
2203 5291 2233 5329 a
2269 5275 2441 5338 sanis,
2470 5291 2538 5330 ne
2591 5275 2804 5328 illorum
2834 5275 3025 5327 inorbo
3053 5282 3248 5327 ca:tcra
3280 5267 3436 5327 dam;

1851 5376 2048 5421 neutur
2068 5367 2150 5421 vel
2182 5375 2426 5434 pereant.
2477 5365 2659 5420 Satius
2683 5374 2765 5418 est
2792 5355 3062 5440 enim,'ut
3105 5362 3229 5416 mali
3266 5362 3438 5416 mani-

1849 5457 1987 5512 l'este
2015 5458 2376 5526 corrigantur,
2409 5471 2569 5524 quam
2595 5471 2692 5524 pro
2715 5453 2820 5508 illis
2850 5453 2974 5509 boni
3000 5461 3242 5522 pereant.
3283 5451 3435 5507 Unde

1851 5546 2097 5602 volumus
2117 5561 2214 5600 vos
2235 5559 2426 5599 omnes
2457 5545 2510 5597 in
2542 5559 2709 5597 unum
2735 5543 3024 5597 convenire
3046 5543 3350 5612 episcopos,
3377 5547 3437 5594 ut

1852 5641 1919 5696 de
1940 5639 2305 5695 incidentibus
2333 5637 2513 5692 causis
2536 5635 2630 5690 ﬁat
2655 5635 3000 5704 disceptatio,
3031 5643 3086 5690 et
3105 5633 3340 5689 salubris
3364 5633 3432 5686 de

1847 5731 2206 5789 ecclesiastica
2250 5729 2627 5788 observatione
2663 5727 2914 5794 collatio,
2964 5736 3266 5797 (uiatenus,
3306 5725 3435 5780 dum
