  <div class='ocr_page' id='page_1' title='image "/cluster/home/n/w/nwhite01/storage/ocr_20150623/125/hvd.32044015471667/387.png"; bbox 0 0 4006 6338; ppageno 0'>
   <div class='ocr_carea' id='block_1_1' title="bbox 647 308 752 362">
    <p class='ocr_par' dir='ltr' id='par_1_1' title="bbox 647 308 752 362">
     <span class='ocr_line' id='line_1_1' title="bbox 647 308 752 362; baseline 0.019 -2"><span class='ocrx_word' id='word_1_1' title='bbox 647 308 752 362; x_wconf 78' lang='lat'><strong>763</strong></span> 
     </span>
    </p>
   </div>
   <div class='ocr_carea' id='block_1_2' title="bbox 1635 301 3806 377">
    <p class='ocr_par' dir='ltr' id='par_1_2' title="bbox 1635 301 3806 377">
     <span class='ocr_line' id='line_1_2' title="bbox 1635 301 3806 377; baseline -0.004 -19"><span class='ocrx_word' id='word_1_2' title='bbox 1635 303 1960 359; x_wconf 73' lang='lat' dir='ltr'><strong>lllNCMAlll</strong></span> <span class='ocrx_word' id='word_1_3' title='bbox 2004 302 2398 359; x_wconf 75' lang='lat' dir='ltr'><strong>llllEMENSlS</strong></span> <span class='ocrx_word' id='word_1_4' title='bbox 2435 301 2951 363; x_wconf 76' lang='lat' dir='ltr'><strong>ABCHIEPISCOPl</strong></span> <span class='ocrx_word' id='word_1_5' title='bbox 3734 318 3806 377; x_wconf 61' lang='lat' dir='ltr'><strong>m</strong></span> 
     </span>
    </p>
   </div>
   <div class='ocr_carea' id='block_1_3' title="bbox 644 413 3808 497">
    <p class='ocr_par' dir='ltr' id='par_1_3' title="bbox 644 413 3808 497">
     <span class='ocr_line' id='line_1_3' title="bbox 644 413 3808 497; baseline 0.003 -31"><span class='ocrx_word' id='word_1_6' title='bbox 644 428 743 484; x_wconf 84' lang='lat' dir='ltr'><strong>per</strong></span> <span class='ocrx_word' id='word_1_7' title='bbox 764 414 864 467; x_wconf 85' lang='lat' dir='ltr'><strong>hoc</strong></span> <span class='ocrx_word' id='word_1_8' title='bbox 894 419 948 467; x_wconf 91' lang='lat' dir='ltr'><strong>et</strong></span> <span class='ocrx_word' id='word_1_9' title='bbox 970 420 1243 483; x_wconf 73' lang='lat' dir='ltr'><strong>prmtertta</strong></span> <span class='ocrx_word' id='word_1_10' title='bbox 1272 413 1636 482; x_wconf 76' lang='lat' dir='ltr'><strong>corriguntur,</strong></span> <span class='ocrx_word' id='word_1_11' title='bbox 1660 422 1717 468; x_wconf 89' lang='lat' dir='ltr'><strong>et</strong></span> <span class='ocrx_word' id='word_1_12' title='bbox 1761 414 1998 485; x_wconf 78' lang='lat' dir='ltr'><strong>regulam</strong></span> <span class='ocrx_word' id='word_1_13' title='bbox 2052 414 2228 468; x_wconf 86' lang='lat' dir='ltr'><strong>futura</strong></span> <span class='ocrx_word' id='word_1_14' title='bbox 2261 420 2306 474; x_wconf 76' lang='grc' dir='ltr'><strong>Α</strong></span> <span class='ocrx_word' id='word_1_15' title='bbox 2341 422 2391 465; x_wconf 86' lang='lat' dir='ltr'><strong>te</strong></span> <span class='ocrx_word' id='word_1_16' title='bbox 2418 413 2535 468; x_wconf 85' lang='lat' dir='ltr'><strong>sine</strong></span> <span class='ocrx_word' id='word_1_17' title='bbox 2567 429 2689 468; x_wconf 92' lang='lat' dir='ltr'><strong>meo</strong></span> <span class='ocrx_word' id='word_1_18' title='bbox 2717 425 3002 484; x_wconf 87' lang='lat' dir='ltr'><strong>acceptum</strong></span> <span class='ocrx_word' id='word_1_19' title='bbox 3037 414 3146 469; x_wconf 89' lang='lat' dir='ltr'><strong>Deo</strong></span> <span class='ocrx_word' id='word_1_20' title='bbox 3185 431 3304 473; x_wconf 72' lang='lat' dir='ltr'><strong>esse</strong></span> <span class='ocrx_word' id='word_1_21' title='bbox 3337 428 3387 473; x_wconf 88' lang='lat' dir='ltr'><strong>et</strong></span> <span class='ocrx_word' id='word_1_22' title='bbox 3421 418 3672 489; x_wconf 78' lang='lat' dir='ltr'><strong>gloriosum</strong></span> <span class='ocrx_word' id='word_1_23' title='bbox 3708 435 3808 497; x_wconf 59' lang='lat' dir='ltr'><strong>peri.</strong></span> 
     </span>
    </p>
   </div>
   <div class='ocr_carea' id='block_1_4' title="bbox 645 505 2227 575">
    <p class='ocr_par' dir='ltr' id='par_1_4' title="bbox 645 505 2227 575">
     <span class='ocr_line' id='line_1_4' title="bbox 645 505 2227 575; baseline 0.001 -16"><span class='ocrx_word' id='word_1_24' title='bbox 645 506 989 574; x_wconf 81' lang='lat' dir='ltr'><strong>suscipiunt.</strong></span> <span class='ocrx_word' id='word_1_25' title='bbox 1047 506 1393 574; x_wconf 83' lang='lat' dir='ltr'><strong>omnipotens</strong></span> <span class='ocrx_word' id='word_1_26' title='bbox 1441 505 1639 575; x_wconf 89' lang='lat' dir='ltr'><strong>ubique</strong></span> <span class='ocrx_word' id='word_1_27' title='bbox 1693 505 1953 562; x_wconf 82' lang='lat' dir='ltr'><strong>Dominus</strong></span> <span class='ocrx_word' id='word_1_28' title='bbox 2000 506 2227 561; x_wconf 77' lang='lat' dir='ltr'><strong>fratrum</strong></span> 
     </span>
    </p>
   </div>
   <div class='ocr_carea' id='block_1_5' title="bbox 645 594 2230 669">
    <p class='ocr_par' dir='ltr' id='par_1_5' title="bbox 645 594 2230 669">
     <span class='ocr_line' id='line_1_5' title="bbox 645 594 2230 669; baseline 0.001 -19"><span class='ocrx_word' id='word_1_29' title='bbox 645 597 934 650; x_wconf 70' lang='lat' dir='ltr'><strong>concordia</strong></span> <span class='ocrx_word' id='word_1_30' title='bbox 987 596 1347 657; x_wconf 84' lang='lat' dir='ltr'><strong>collaudetur,</strong></span> <span class='ocrx_word' id='word_1_31' title='bbox 1380 594 1534 663; x_wconf 88' lang='lat' dir='ltr'><strong>cujus</strong></span> <span class='ocrx_word' id='word_1_32' title='bbox 1574 596 1727 652; x_wconf 87' lang='lat' dir='ltr'><strong>vobis</strong></span> <span class='ocrx_word' id='word_1_33' title='bbox 1755 598 1948 651; x_wconf 94' lang='lat' dir='ltr'><strong>adesse</strong></span> <span class='ocrx_word' id='word_1_34' title='bbox 1992 613 2230 669; x_wconf 65' lang='lat' dir='ltr'><strong>praesen-</strong></span> 
     </span>
    </p>
   </div>
   <div class='ocr_carea' id='block_1_6' title="bbox 646 686 2224 757">
    <p class='ocr_par' dir='ltr' id='par_1_6' title="bbox 646 686 2224 757">
     <span class='ocr_line' id='line_1_6' title="bbox 646 686 2224 757; baseline 0 -16"><span class='ocrx_word' id='word_1_35' title='bbox 646 688 776 741; x_wconf 69' lang='lat' dir='ltr'><strong>tiam</strong></span> <span class='ocrx_word' id='word_1_36' title='bbox 811 689 853 741; x_wconf 89' lang='lat' dir='ltr'><strong>si</strong></span> <span class='ocrx_word' id='word_1_37' title='bbox 885 688 997 741; x_wconf 76' lang='lat' dir='ltr'><strong>inec</strong></span> <span class='ocrx_word' id='word_1_38' title='bbox 1019 686 1376 741; x_wconf 86' lang='lat' dir='ltr'><strong>observabitis</strong></span> <span class='ocrx_word' id='word_1_39' title='bbox 1415 687 1626 753; x_wconf 90' lang='lat' dir='ltr'><strong>scitote,</strong></span> <span class='ocrx_word' id='word_1_40' title='bbox 1653 688 1778 757; x_wconf 92' lang='lat' dir='ltr'><strong>quia</strong></span> <span class='ocrx_word' id='word_1_41' title='bbox 1815 687 2076 756; x_wconf 90' lang='lat' dir='ltr'><strong>scriptum</strong></span> <span class='ocrx_word' id='word_1_42' title='bbox 2101 696 2224 741; x_wconf 82' lang='lat' dir='ltr'><strong>est:</strong></span> 
     </span>
    </p>
   </div>
   <div class='ocr_carea' id='block_1_7' title="bbox 648 775 2227 847">
    <p class='ocr_par' dir='ltr' id='par_1_7' title="bbox 648 775 2227 847">
     <span class='ocr_line' id='line_1_7' title="bbox 648 775 2227 847; baseline 0.001 -18"><span class='ocrx_word' id='word_1_43' title='bbox 648 775 748 829; x_wconf 73' lang='lat' dir='ltr'><strong>Ubi</strong></span> <span class='ocrx_word' id='word_1_44' title='bbox 771 777 858 845; x_wconf 81' lang='lat' dir='ltr'><strong>{ue</strong></span> <span class='ocrx_word' id='word_1_45' title='bbox 890 778 964 829; x_wconf 88' lang='lat' dir='ltr'><strong>int</strong></span> <span class='ocrx_word' id='word_1_46' title='bbox 995 778 1099 829; x_wconf 76' lang='lat' dir='ltr'><strong>(luo</strong></span> <span class='ocrx_word' id='word_1_47' title='bbox 1130 775 1206 831; x_wconf 80' lang='lat' dir='ltr'><strong>rel</strong></span> <span class='ocrx_word' id='word_1_48' title='bbox 1262 786 1364 831; x_wconf 87' lang='lat' dir='ltr'><strong>tres</strong></span> <span class='ocrx_word' id='word_1_49' title='bbox 1417 778 1714 847; x_wconf 80' lang='lat' dir='ltr'><strong>congregati</strong></span> <span class='ocrx_word' id='word_1_50' title='bbox 1748 778 1803 830; x_wconf 86' lang='lat' dir='ltr'><strong>in</strong></span> <span class='ocrx_word' id='word_1_51' title='bbox 1854 779 2062 830; x_wconf 78' lang='lat' dir='ltr'><strong>nomine</strong></span> <span class='ocrx_word' id='word_1_52' title='bbox 2091 794 2227 842; x_wconf 88' lang='lat' dir='ltr'><strong>meo,</strong></span> 
     </span>
    </p>
   </div>
   <div class='ocr_carea' id='block_1_8' title="bbox 646 869 2228 943">
    <p class='ocr_par' dir='ltr' id='par_1_8' title="bbox 646 869 2228 943">
     <span class='ocr_line' id='line_1_8' title="bbox 646 869 2228 943; baseline 0.003 -22"><span class='ocrx_word' id='word_1_53' title='bbox 646 869 718 921; x_wconf 87' lang='lat' dir='ltr'><strong>ibi</strong></span> <span class='ocrx_word' id='word_1_54' title='bbox 744 886 858 922; x_wconf 85' lang='lat' dir='ltr'><strong>sunt</strong></span> <span class='ocrx_word' id='word_1_55' title='bbox 905 870 959 922; x_wconf 87' lang='lat' dir='ltr'><strong>in</strong></span> <span class='ocrx_word' id='word_1_56' title='bbox 994 870 1163 923; x_wconf 79' lang='lat' dir='ltr'><strong>medio</strong></span> <span class='ocrx_word' id='word_1_57' title='bbox 1194 886 1373 922; x_wconf 86' lang='lat' dir='ltr'><strong>eorum</strong></span> <span class='ocrx_word' id='word_1_58' title='bbox 1422 870 1636 939; x_wconf 79' lang='lat' dir='ltr'><strong>(.llatth.</strong></span> <span class='ocrx_word' id='word_1_59' title='bbox 1664 888 1818 934; x_wconf 79' lang='lat' dir='ltr'><strong>xvttt,</strong></span> <span class='ocrx_word' id='word_1_60' title='bbox 1843 872 1956 943; x_wconf 71' lang='lat'><strong>20).</strong></span> <span class='ocrx_word' id='word_1_61' title='bbox 2007 871 2061 925; x_wconf 91' lang='lat' dir='ltr'><strong>Si</strong></span> <span class='ocrx_word' id='word_1_62' title='bbox 2099 888 2228 937; x_wconf 79' lang='lat' dir='ltr'><strong>ergo</strong></span> 
     </span>
    </p>
   </div>
   <div class='ocr_carea' id='block_1_9' title="bbox 645 960 2229 1032">
    <p class='ocr_par' dir='ltr' id='par_1_9' title="bbox 645 960 2229 1032">
     <span class='ocr_line' id='line_1_9' title="bbox 645 960 2229 1032; baseline 0.002 -19"><span class='ocrx_word' id='word_1_63' title='bbox 645 961 835 1015; x_wconf 79' lang='lat' dir='ltr'><strong>adesse</strong></span> <span class='ocrx_word' id='word_1_64' title='bbox 861 960 1109 1030; x_wconf 80' lang='lat' dir='ltr'><strong>dignatur</strong></span> <span class='ocrx_word' id='word_1_65' title='bbox 1139 960 1226 1014; x_wconf 91' lang='lat' dir='ltr'><strong>ubi</strong></span> <span class='ocrx_word' id='word_1_66' title='bbox 1266 963 1372 1015; x_wconf 91' lang='lat' dir='ltr'><strong>duo</strong></span> <span class='ocrx_word' id='word_1_67' title='bbox 1398 961 1481 1015; x_wconf 86' lang='lat' dir='ltr'><strong>vel</strong></span> <span class='ocrx_word' id='word_1_68' title='bbox 1513 970 1622 1016; x_wconf 88' lang='lat' dir='ltr'><strong>tres</strong></span> <span class='ocrx_word' id='word_1_69' title='bbox 1647 970 1795 1025; x_wconf 90' lang='lat' dir='ltr'><strong>sunt,</strong></span> <span class='ocrx_word' id='word_1_70' title='bbox 1830 971 2033 1031; x_wconf 89' lang='lat' dir='ltr'><strong>quanto</strong></span> <span class='ocrx_word' id='word_1_71' title='bbox 2060 963 2229 1032; x_wconf 83' lang='lat' dir='ltr'><strong>magis</strong></span> 
     </span>
    </p>
   </div>
   <div class='ocr_carea' id='block_1_10' title="bbox 646 1052 2230 1121">
    <p class='ocr_par' dir='ltr' id='par_1_10' title="bbox 646 1052 2230 1121">
     <span class='ocr_line' id='line_1_10' title="bbox 646 1052 2230 1121; baseline 0.003 -15"><span class='ocrx_word' id='word_1_72' title='bbox 646 1068 752 1106; x_wconf 86' lang='lat' dir='ltr'><strong>non</strong></span> <span class='ocrx_word' id='word_1_73' title='bbox 800 1052 971 1107; x_wconf 88' lang='lat' dir='ltr'><strong>deerit</strong></span> <span class='ocrx_word' id='word_1_74' title='bbox 1022 1053 1110 1106; x_wconf 90' lang='lat' dir='ltr'><strong>ubi</strong></span> <span class='ocrx_word' id='word_1_75' title='bbox 1163 1053 1343 1121; x_wconf 61' lang='lat' dir='ltr'><strong>[iures</strong></span> <span class='ocrx_word' id='word_1_76' title='bbox 1390 1054 1719 1108; x_wconf 84' lang='lat' dir='ltr'><strong>conveniunt</strong></span> <span class='ocrx_word' id='word_1_77' title='bbox 1765 1055 2118 1109; x_wconf 89' lang='lat' dir='ltr'><strong>sacerdotes?</strong></span> <span class='ocrx_word' id='word_1_78' title='bbox 2162 1056 2230 1110; x_wconf 84' lang='lat' dir='ltr'><strong>Et</strong></span> 
     </span>
    </p>
   </div>
   <div class='ocr_carea' id='block_1_11' title="bbox 648 1140 2226 1211">
    <p class='ocr_par' dir='ltr' id='par_1_11' title="bbox 648 1140 2226 1211">
     <span class='ocr_line' id='line_1_11' title="bbox 648 1140 2226 1211; baseline 0.002 -16"><span class='ocrx_word' id='word_1_79' title='bbox 648 1140 911 1209; x_wconf 85' lang='lat' dir='ltr'><strong>quidem,</strong></span> <span class='ocrx_word' id='word_1_80' title='bbox 953 1144 1077 1211; x_wconf 92' lang='lat' dir='ltr'><strong>quia</strong></span> <span class='ocrx_word' id='word_1_81' title='bbox 1129 1142 1492 1197; x_wconf 83' lang='lat' dir='ltr'><strong>adhibendum</strong></span> <span class='ocrx_word' id='word_1_82' title='bbox 1534 1144 1617 1198; x_wconf 90' lang='lat' dir='ltr'><strong>bis</strong></span> <span class='ocrx_word' id='word_1_83' title='bbox 1660 1144 1714 1198; x_wconf 89' lang='lat' dir='ltr'><strong>itt</strong></span> <span class='ocrx_word' id='word_1_84' title='bbox 1757 1159 1898 1198; x_wconf 90' lang='lat' dir='ltr'><strong>anno</strong></span> <span class='ocrx_word' id='word_1_85' title='bbox 1936 1145 2226 1199; x_wconf 82' lang='lat' dir='ltr'><strong>concilium</strong></span> 
     </span>
    </p>
   </div>
   <div class='ocr_carea' id='block_1_12' title="bbox 646 1231 2231 1305">
    <p class='ocr_par' dir='ltr' id='par_1_12' title="bbox 646 1231 2231 1305">
     <span class='ocr_line' id='line_1_12' title="bbox 646 1231 2231 1305; baseline 0.003 -19"><span class='ocrx_word' id='word_1_86' title='bbox 646 1231 864 1286; x_wconf 78' lang='lat' dir='ltr'><strong>Patrum</strong></span> <span class='ocrx_word' id='word_1_87' title='bbox 915 1235 986 1289; x_wconf 88' lang='lat' dir='ltr'><strong>sit</strong></span> <span class='ocrx_word' id='word_1_88' title='bbox 1033 1233 1230 1305; x_wconf 81' lang='lat' dir='ltr'><strong>regulis</strong></span> <span class='ocrx_word' id='word_1_89' title='bbox 1276 1235 1609 1300; x_wconf 88' lang='lat' dir='ltr'><strong>institutum,</strong></span> <span class='ocrx_word' id='word_1_90' title='bbox 1642 1252 1747 1290; x_wconf 90' lang='lat' dir='ltr'><strong>non</strong></span> <span class='ocrx_word' id='word_1_91' title='bbox 1803 1236 1952 1289; x_wconf 82' lang='lat' dir='ltr'><strong>latet.</strong></span> <span class='ocrx_word' id='word_1_92' title='bbox 2006 1235 2111 1289; x_wconf 89' lang='lat' dir='ltr'><strong>Sed</strong></span> <span class='ocrx_word' id='word_1_93' title='bbox 2161 1252 2231 1291; x_wconf 89' lang='lat' dir='ltr'><strong>ne</strong></span> 
     </span>
    </p>
   </div>
   <div class='ocr_carea' id='block_1_13' title="bbox 645 1325 2229 1396">
    <p class='ocr_par' dir='ltr' id='par_1_13' title="bbox 645 1325 2229 1396">
     <span class='ocr_line' id='line_1_13' title="bbox 645 1325 2229 1396; baseline 0.002 -18"><span class='ocrx_word' id='word_1_94' title='bbox 645 1325 783 1379; x_wconf 87' lang='lat' dir='ltr'><strong>forte</strong></span> <span class='ocrx_word' id='word_1_95' title='bbox 819 1326 998 1396; x_wconf 89' lang='lat' dir='ltr'><strong>aliqua</strong></span> <span class='ocrx_word' id='word_1_96' title='bbox 1037 1327 1315 1382; x_wconf 78' lang='lat' dir='ltr'><strong>excusatio</strong></span> <span class='ocrx_word' id='word_1_97' title='bbox 1365 1328 1451 1389; x_wconf 85' lang='lat' dir='ltr'><strong>sit,</strong></span> <span class='ocrx_word' id='word_1_98' title='bbox 1505 1328 1672 1382; x_wconf 80' lang='lat' dir='ltr'><strong>seznel</strong></span> <span class='ocrx_word' id='word_1_99' title='bbox 1708 1328 2051 1382; x_wconf 86' lang='lat' dir='ltr'><strong>decernimus</strong></span> <span class='ocrx_word' id='word_1_100' title='bbox 2096 1344 2229 1381; x_wconf 89' lang='lat' dir='ltr'><strong>con-</strong></span> 
     </span>
    </p>
   </div>
   <div class='ocr_carea' id='block_1_14' title="bbox 644 1419 2224 1489">
    <p class='ocr_par' dir='ltr' id='par_1_14' title="bbox 644 1419 2224 1489">
     <span class='ocr_line' id='line_1_14' title="bbox 644 1419 2224 1489; baseline 0.003 -21"><span class='ocrx_word' id='word_1_101' title='bbox 644 1430 889 1487; x_wconf 77' lang='lat' dir='ltr'><strong>gregare,</strong></span> <span class='ocrx_word' id='word_1_102' title='bbox 943 1425 1000 1471; x_wconf 93' lang='lat' dir='ltr'><strong>ut</strong></span> <span class='ocrx_word' id='word_1_103' title='bbox 1051 1419 1455 1487; x_wconf 79' lang='lat' dir='ltr'><strong>exspectatione</strong></span> <span class='ocrx_word' id='word_1_104' title='bbox 1505 1420 1720 1474; x_wconf 84' lang='lat' dir='ltr'><strong>concilii</strong></span> <span class='ocrx_word' id='word_1_105' title='bbox 1782 1419 1914 1473; x_wconf 88' lang='lat' dir='ltr'><strong>nihil</strong></span> <span class='ocrx_word' id='word_1_106' title='bbox 1974 1435 2224 1489; x_wconf 89' lang='lat' dir='ltr'><strong>pravum,</strong></span> 
     </span>
    </p>
   </div>
   <div class='ocr_carea' id='block_1_15' title="bbox 648 1510 2225 1582">
    <p class='ocr_par' dir='ltr' id='par_1_15' title="bbox 648 1510 2225 1582">
     <span class='ocr_line' id='line_1_15' title="bbox 648 1510 2225 1582; baseline 0.003 -22"><span class='ocrx_word' id='word_1_107' title='bbox 648 1510 778 1563; x_wconf 88' lang='lat' dir='ltr'><strong>nihil</strong></span> <span class='ocrx_word' id='word_1_108' title='bbox 804 1520 1159 1578; x_wconf 59' lang='lat' dir='ltr'><strong>praesumatur</strong></span> <span class='ocrx_word' id='word_1_109' title='bbox 1190 1511 1457 1565; x_wconf 71' lang='lat' dir='ltr'><strong>illicitum.</strong></span> <span class='ocrx_word' id='word_1_110' title='bbox 1501 1511 1633 1566; x_wconf 87' lang='lat' dir='ltr'><strong>Nam</strong></span> <span class='ocrx_word' id='word_1_111' title='bbox 1662 1512 1925 1582; x_wconf 79' lang='lat' dir='ltr'><strong>plerique,</strong></span> <span class='ocrx_word' id='word_1_112' title='bbox 1963 1521 2019 1565; x_wconf 78' lang='lat' dir='ltr'><strong>et</strong></span> <span class='ocrx_word' id='word_1_113' title='bbox 2047 1512 2089 1565; x_wconf 89' lang='lat' dir='ltr'><strong>si</strong></span> <span class='ocrx_word' id='word_1_114' title='bbox 2122 1527 2225 1565; x_wconf 87' lang='lat' dir='ltr'><strong>non</strong></span> 
     </span>
    </p>
   </div>
   <div class='ocr_carea' id='block_1_16' title="bbox 646 1600 2227 1668">
    <p class='ocr_par' dir='ltr' id='par_1_16' title="bbox 646 1600 2227 1668">
     <span class='ocr_line' id='line_1_16' title="bbox 646 1600 2227 1668; baseline 0.003 -17"><span class='ocrx_word' id='word_1_115' title='bbox 646 1614 831 1652; x_wconf 86' lang='lat' dir='ltr'><strong>amore</strong></span> <span class='ocrx_word' id='word_1_116' title='bbox 854 1600 1102 1668; x_wconf 69' lang='lat' dir='ltr'><strong>jttstitizc,</strong></span> <span class='ocrx_word' id='word_1_117' title='bbox 1130 1611 1274 1654; x_wconf 85' lang='lat' dir='ltr'><strong>metu</strong></span> <span class='ocrx_word' id='word_1_118' title='bbox 1322 1601 1738 1656; x_wconf 78' lang='lat' dir='ltr'><strong>examinatiouis</strong></span> <span class='ocrx_word' id='word_1_119' title='bbox 1788 1602 2127 1655; x_wconf 88' lang='lat' dir='ltr'><strong>abstinentur</strong></span> <span class='ocrx_word' id='word_1_120' title='bbox 2158 1601 2227 1655; x_wconf 88' lang='lat' dir='ltr'><strong>ab</strong></span> 
     </span>
    </p>
   </div>
   <div class='ocr_carea' id='block_1_17' title="bbox 647 1685 2224 1761">
    <p class='ocr_par' dir='ltr' id='par_1_17' title="bbox 647 1685 2224 1761">
     <span class='ocr_line' id='line_1_17' title="bbox 647 1685 2224 1761; baseline 0.004 -22"><span class='ocrx_word' id='word_1_121' title='bbox 647 1685 749 1740; x_wconf 91' lang='lat' dir='ltr'><strong>hoe</strong></span> <span class='ocrx_word' id='word_1_122' title='bbox 771 1689 910 1754; x_wconf 85' lang='lat' dir='ltr'><strong>quod</strong></span> <span class='ocrx_word' id='word_1_123' title='bbox 940 1691 1178 1744; x_wconf 88' lang='lat' dir='ltr'><strong>omnium</strong></span> <span class='ocrx_word' id='word_1_124' title='bbox 1223 1701 1408 1744; x_wconf 76' lang='lat' dir='ltr'><strong>notum</strong></span> <span class='ocrx_word' id='word_1_125' title='bbox 1451 1699 1532 1745; x_wconf 92' lang='lat' dir='ltr'><strong>cst</strong></span> <span class='ocrx_word' id='word_1_126' title='bbox 1578 1707 1736 1761; x_wconf 73' lang='lat' dir='ltr'><strong>posse</strong></span> <span class='ocrx_word' id='word_1_127' title='bbox 1775 1692 2055 1760; x_wconf 86' lang='lat' dir='ltr'><strong>displicere</strong></span> <span class='ocrx_word' id='word_1_128' title='bbox 2082 1692 2224 1758; x_wconf 85' lang='lat' dir='ltr'><strong>judi-</strong></span> 
     </span>
    </p>
   </div>
   <div class='ocr_carea' id='block_1_18' title="bbox 2335 502 3809 588">
    <p class='ocr_par' dir='ltr' id='par_1_18' title="bbox 2335 502 3809 588">
     <span class='ocr_line' id='line_1_18' title="bbox 2335 502 3809 588; baseline 0.012 -34"><span class='ocrx_word' id='word_1_129' title='bbox 2335 502 2477 557; x_wconf 91' lang='lat' dir='ltr'><strong>culo.</strong></span> <span class='ocrx_word' id='word_1_130' title='bbox 2533 502 2628 557; x_wconf 88' lang='lat' dir='ltr'><strong>Sin</strong></span> <span class='ocrx_word' id='word_1_131' title='bbox 2680 513 2901 569; x_wconf 89' lang='lat' dir='ltr'><strong>autem,</strong></span> <span class='ocrx_word' id='word_1_132' title='bbox 2951 506 3154 561; x_wconf 72' lang='lat' dir='ltr'><strong>silentii</strong></span> <span class='ocrx_word' id='word_1_133' title='bbox 3205 510 3307 562; x_wconf 87' lang='lat' dir='ltr'><strong>mei</strong></span> <span class='ocrx_word' id='word_1_134' title='bbox 3355 511 3809 588; x_wconf 81' lang='lat' dir='ltr'><strong>dissimulationisque</strong></span> 
     </span>
    </p>
   </div>
   <div class='ocr_carea' id='block_1_19' title="bbox 2332 594 3811 678">
    <p class='ocr_par' dir='ltr' id='par_1_19' title="bbox 2332 594 3811 678">
     <span class='ocr_line' id='line_1_19' title="bbox 2332 594 3811 678; baseline 0.005 -32"><span class='ocrx_word' id='word_1_135' title='bbox 2332 594 2487 662; x_wconf 91' lang='lat' dir='ltr'><strong>culpa</strong></span> <span class='ocrx_word' id='word_1_136' title='bbox 2522 602 2575 648; x_wconf 91' lang='lat' dir='ltr'><strong>et</strong></span> <span class='ocrx_word' id='word_1_137' title='bbox 2606 610 2694 648; x_wconf 88' lang='lat' dir='ltr'><strong>nte</strong></span> <span class='ocrx_word' id='word_1_138' title='bbox 2724 595 3004 665; x_wconf 80' lang='lat' dir='ltr'><strong>ingravat,</strong></span> <span class='ocrx_word' id='word_1_139' title='bbox 3038 613 3142 650; x_wconf 81' lang='lat' dir='ltr'><strong>nec</strong></span> <span class='ocrx_word' id='word_1_140' title='bbox 3180 608 3232 652; x_wconf 92' lang='lat' dir='ltr'><strong>te</strong></span> <span class='ocrx_word' id='word_1_141' title='bbox 3269 599 3480 663; x_wconf 80' lang='lat' dir='ltr'><strong>liberat,</strong></span> <span class='ocrx_word' id='word_1_142' title='bbox 3517 604 3638 658; x_wconf 88' lang='lat' dir='ltr'><strong>malo</strong></span> <span class='ocrx_word' id='word_1_143' title='bbox 3666 606 3811 678; x_wconf 78' lang='lat' dir='ltr'><strong>imper.</strong></span> 
     </span>
    </p>
   </div>
   <div class='ocr_carea' id='block_1_20' title="bbox 2332 684 3810 763">
    <p class='ocr_par' dir='ltr' id='par_1_20' title="bbox 2332 684 3810 763">
     <span class='ocr_line' id='line_1_20' title="bbox 2332 684 3810 763; baseline 0.003 -25"><span class='ocrx_word' id='word_1_144' title='bbox 2332 684 2601 739; x_wconf 87' lang='lat' dir='ltr'><strong>tuniorent</strong></span> <span class='ocrx_word' id='word_1_145' title='bbox 2636 700 2743 749; x_wconf 91' lang='lat' dir='ltr'><strong>me,</strong></span> <span class='ocrx_word' id='word_1_146' title='bbox 2771 701 2933 754; x_wconf 87' lang='lat' dir='ltr'><strong>quam</strong></span> <span class='ocrx_word' id='word_1_147' title='bbox 2968 687 3292 741; x_wconf 87' lang='lat' dir='ltr'><strong>inttliliorem</strong></span> <span class='ocrx_word' id='word_1_148' title='bbox 3320 701 3407 743; x_wconf 89' lang='lat' dir='ltr'><strong>aut</strong></span> <span class='ocrx_word' id='word_1_149' title='bbox 3436 694 3689 761; x_wconf 86' lang='lat' dir='ltr'><strong>turpiorem</strong></span> <span class='ocrx_word' id='word_1_150' title='bbox 3708 697 3810 763; x_wconf 80' lang='lat' dir='ltr'><strong>judi.</strong></span> 
     </span>
    </p>
   </div>
   <div class='ocr_carea' id='block_1_21' title="bbox 2331 775 3811 852">
    <p class='ocr_par' dir='ltr' id='par_1_21' title="bbox 2331 775 3811 852">
     <span class='ocr_line' id='line_1_21' title="bbox 2331 775 3811 852; baseline -0.001 -19"><span class='ocrx_word' id='word_1_151' title='bbox 2331 792 2442 833; x_wconf 91' lang='lat' dir='ltr'><strong>ces.</strong></span> <span class='ocrx_word' id='word_1_152' title='bbox 2475 775 2753 845; x_wconf 88' lang='lat' dir='ltr'><strong>Siquidem</strong></span> <span class='ocrx_word' id='word_1_153' title='bbox 2782 778 3041 843; x_wconf 89' lang='lat' dir='ltr'><strong>scriptum</strong></span> <span class='ocrx_word' id='word_1_154' title='bbox 3071 788 3151 830; x_wconf 80' lang='lat' dir='ltr'><strong>est</strong></span> <span class='ocrx_word' id='word_1_155' title='bbox 3170 819 3185 841; x_wconf 92' lang='lat'><strong>,</strong></span> <span class='ocrx_word' id='word_1_156' title='bbox 3211 779 3417 833; x_wconf 72' lang='lat' dir='ltr'><strong>dicente</strong></span> <span class='ocrx_word' id='word_1_157' title='bbox 3442 792 3610 834; x_wconf 86' lang='lat' dir='ltr'><strong>sancto</strong></span> <span class='ocrx_word' id='word_1_158' title='bbox 3633 789 3811 852; x_wconf 72' lang='lat' dir='ltr'><strong>aposttto</strong></span> 
     </span>
    </p>
   </div>
   <div class='ocr_carea' id='block_1_22' title="bbox 2332 865 3812 939">
    <p class='ocr_par' dir='ltr' id='par_1_22' title="bbox 2332 865 3812 939">
     <span class='ocr_line' id='line_1_22' title="bbox 2332 865 3812 939; baseline 0.007 -18"><span class='ocrx_word' id='word_1_159' title='bbox 2332 867 2531 931; x_wconf 93' lang='lat' dir='ltr'><strong>Paulo,</strong></span> <span class='ocrx_word' id='word_1_160' title='bbox 2576 865 2731 935; x_wconf 84' lang='lat' dir='ltr'><strong>cujus</strong></span> <span class='ocrx_word' id='word_1_161' title='bbox 2777 883 2884 921; x_wconf 88' lang='lat' dir='ltr'><strong>non</strong></span> <span class='ocrx_word' id='word_1_162' title='bbox 2924 879 3079 939; x_wconf 88' lang='lat' dir='ltr'><strong>potes</strong></span> <span class='ocrx_word' id='word_1_163' title='bbox 3108 870 3406 924; x_wconf 79' lang='lat' dir='ltr'><strong>doctrinam</strong></span> <span class='ocrx_word' id='word_1_164' title='bbox 3437 872 3680 929; x_wconf 77' lang='lat' dir='ltr'><strong>refellere:</strong></span> <span class='ocrx_word' id='word_1_165' title='bbox 3706 876 3812 932; x_wconf 65' lang='lat' dir='ltr'><strong>huic</strong></span> 
     </span>
    </p>
   </div>
   <div class='ocr_carea' id='block_1_23' title="bbox 2329 962 3807 1036">
    <p class='ocr_par' dir='ltr' id='par_1_23' title="bbox 2329 962 3807 1036">
     <span class='ocr_line' id='line_1_23' title="bbox 2329 962 3807 1036; baseline 0.007 -24"><span class='ocrx_word' id='word_1_166' title='bbox 2329 974 2647 1031; x_wconf 84' lang='lat' dir='ltr'><strong>opportune,</strong></span> <span class='ocrx_word' id='word_1_167' title='bbox 2694 962 3017 1030; x_wconf 84' lang='lat' dir='ltr'><strong>importune,</strong></span> <span class='ocrx_word' id='word_1_168' title='bbox 3068 979 3261 1031; x_wconf 79' lang='lat' dir='ltr'><strong>argue,</strong></span> <span class='ocrx_word' id='word_1_169' title='bbox 3307 964 3537 1027; x_wconf 80' lang='lat' dir='ltr'><strong>obsecra,</strong></span> <span class='ocrx_word' id='word_1_170' title='bbox 3568 968 3735 1036; x_wconf 78' lang='lat' dir='ltr'><strong>increpa</strong></span> <span class='ocrx_word' id='word_1_171' title='bbox 3769 973 3807 1025; x_wconf 72' lang='lat' dir='ltr'><strong>in</strong></span> 
     </span>
    </p>
   </div>
   <div class='ocr_carea' id='block_1_24' title="bbox 2329 1052 3809 1125">
    <p class='ocr_par' dir='ltr' id='par_1_24' title="bbox 2329 1052 3809 1125">
     <span class='ocr_line' id='line_1_24' title="bbox 2329 1052 3809 1125; baseline 0.008 -21"><span class='ocrx_word' id='word_1_172' title='bbox 2329 1054 2471 1105; x_wconf 87' lang='lat' dir='ltr'><strong>omni</strong></span> <span class='ocrx_word' id='word_1_173' title='bbox 2501 1054 2750 1120; x_wconf 78' lang='lat' dir='ltr'><strong>patientia</strong></span> <span class='ocrx_word' id='word_1_174' title='bbox 2779 1062 2828 1106; x_wconf 87' lang='lat' dir='ltr'><strong>et</strong></span> <span class='ocrx_word' id='word_1_175' title='bbox 2858 1052 3098 1106; x_wconf 80' lang='lat' dir='ltr'><strong>doctrina</strong></span> <span class='ocrx_word' id='word_1_176' title='bbox 3129 1054 3213 1125; x_wconf 85' lang='lat' dir='ltr'><strong>(II</strong></span> <span class='ocrx_word' id='word_1_177' title='bbox 3249 1053 3379 1109; x_wconf 77' lang='lat' dir='ltr'><strong>Tini.</strong></span> <span class='ocrx_word' id='word_1_178' title='bbox 3411 1070 3478 1119; x_wconf 88' lang='lat' dir='ltr'><strong>tv,</strong></span> <span class='ocrx_word' id='word_1_179' title='bbox 3506 1056 3574 1125; x_wconf 74' lang='lat'><strong>2).</strong></span> <span class='ocrx_word' id='word_1_180' title='bbox 3602 1058 3809 1117; x_wconf 79' lang='lat' dir='ltr'><strong>Habemus</strong></span> 
     </span>
    </p>
   </div>
   <div class='ocr_carea' id='block_1_25' title="bbox 2330 1144 3811 1219">
    <p class='ocr_par' dir='ltr' id='par_1_25' title="bbox 2330 1144 3811 1219">
     <span class='ocr_line' id='line_1_25' title="bbox 2330 1144 3811 1219; baseline 0.006 -22"><span class='ocrx_word' id='word_1_181' title='bbox 2330 1158 2458 1213; x_wconf 81' lang='lat' dir='ltr'><strong>ergo</strong></span> <span class='ocrx_word' id='word_1_182' title='bbox 2485 1152 2539 1197; x_wconf 88' lang='lat' dir='ltr'><strong>et</strong></span> <span class='ocrx_word' id='word_1_183' title='bbox 2568 1159 2664 1198; x_wconf 91' lang='lat' dir='ltr'><strong>nos</strong></span> <span class='ocrx_word' id='word_1_184' title='bbox 2695 1144 2778 1197; x_wconf 89' lang='lat' dir='ltr'><strong>cui</strong></span> <span class='ocrx_word' id='word_1_185' title='bbox 2812 1144 3101 1215; x_wconf 81' lang='lat' dir='ltr'><strong>displicere</strong></span> <span class='ocrx_word' id='word_1_186' title='bbox 3130 1146 3250 1215; x_wconf 87' lang='lat' dir='ltr'><strong>plus</strong></span> <span class='ocrx_word' id='word_1_187' title='bbox 3279 1148 3492 1217; x_wconf 83' lang='lat' dir='ltr'><strong>periculi</strong></span> <span class='ocrx_word' id='word_1_188' title='bbox 3522 1149 3616 1202; x_wconf 91' lang='lat' dir='ltr'><strong>sit:</strong></span> <span class='ocrx_word' id='word_1_189' title='bbox 3641 1166 3811 1219; x_wconf 64' lang='lat' dir='ltr'><strong>preser-</strong></span> 
     </span>
    </p>
   </div>
   <div class='ocr_carea' id='block_1_26' title="bbox 2332 1234 3814 1312">
    <p class='ocr_par' dir='ltr' id='par_1_26' title="bbox 2332 1234 3814 1312">
     <span class='ocr_line' id='line_1_26' title="bbox 2332 1234 3814 1312; baseline 0.007 -25"><span class='ocrx_word' id='word_1_190' title='bbox 2332 1234 2425 1287; x_wconf 90' lang='lat' dir='ltr'><strong>tim</strong></span> <span class='ocrx_word' id='word_1_191' title='bbox 2446 1249 2568 1287; x_wconf 87' lang='lat' dir='ltr'><strong>eum</strong></span> <span class='ocrx_word' id='word_1_192' title='bbox 2585 1234 2749 1289; x_wconf 85' lang='lat' dir='ltr'><strong>etiam</strong></span> <span class='ocrx_word' id='word_1_193' title='bbox 2767 1237 3180 1304; x_wconf 77' lang='lat' dir='ltr'><strong>imperatoribus</strong></span> <span class='ocrx_word' id='word_1_194' title='bbox 3196 1253 3300 1291; x_wconf 89' lang='lat' dir='ltr'><strong>non</strong></span> <span class='ocrx_word' id='word_1_195' title='bbox 3322 1238 3581 1307; x_wconf 69' lang='lat' dir='ltr'><strong>displiceat</strong></span> <span class='ocrx_word' id='word_1_196' title='bbox 3596 1256 3676 1295; x_wconf 90' lang='lat' dir='ltr'><strong>suo</strong></span> <span class='ocrx_word' id='word_1_197' title='bbox 3687 1259 3814 1312; x_wconf 57' lang='lat' dir='ltr'><strong>quem.</strong></span> 
     </span>
    </p>
   </div>
   <div class='ocr_carea' id='block_1_27' title="bbox 2329 1323 3812 1404">
    <p class='ocr_par' dir='ltr' id='par_1_27' title="bbox 2329 1323 3812 1404">
     <span class='ocr_line' id='line_1_27' title="bbox 2329 1323 3812 1404; baseline 0.009 -30"><span class='ocrx_word' id='word_1_198' title='bbox 2329 1337 2433 1393; x_wconf 78' lang='lat' dir='ltr'><strong>quc</strong></span> <span class='ocrx_word' id='word_1_199' title='bbox 2450 1323 2590 1394; x_wconf 83' lang='lat' dir='ltr'><strong>fungi</strong></span> <span class='ocrx_word' id='word_1_200' title='bbox 2611 1340 2852 1387; x_wconf 77' lang='lat' dir='ltr'><strong>munere,</strong></span> <span class='ocrx_word' id='word_1_201' title='bbox 2870 1336 2924 1380; x_wconf 91' lang='lat' dir='ltr'><strong>et</strong></span> <span class='ocrx_word' id='word_1_202' title='bbox 2937 1328 3200 1396; x_wconf 85' lang='lat' dir='ltr'><strong>patienter</strong></span> <span class='ocrx_word' id='word_1_203' title='bbox 3220 1329 3446 1383; x_wconf 87' lang='lat' dir='ltr'><strong>audiatis</strong></span> <span class='ocrx_word' id='word_1_204' title='bbox 3471 1346 3812 1404; x_wconf 80' lang='lat' dir='ltr'><strong>unumquemque</strong></span> 
     </span>
    </p>
   </div>
   <div class='ocr_carea' id='block_1_28' title="bbox 2329 1415 3813 1488">
    <p class='ocr_par' dir='ltr' id='par_1_28' title="bbox 2329 1415 3813 1488">
     <span class='ocr_line' id='line_1_28' title="bbox 2329 1415 3813 1488; baseline 0.006 -21"><span class='ocrx_word' id='word_1_205' title='bbox 2329 1429 2427 1483; x_wconf 88' lang='lat' dir='ltr'><strong>pro</strong></span> <span class='ocrx_word' id='word_1_206' title='bbox 2441 1430 2538 1468; x_wconf 82' lang='lat' dir='ltr'><strong>suo</strong></span> <span class='ocrx_word' id='word_1_207' title='bbox 2554 1425 2929 1484; x_wconf 83' lang='lat' dir='ltr'><strong>suggerentem</strong></span> <span class='ocrx_word' id='word_1_208' title='bbox 2946 1415 3140 1478; x_wconf 82' lang='lat' dir='ltr'><strong>officio,</strong></span> <span class='ocrx_word' id='word_1_209' title='bbox 3163 1418 3270 1471; x_wconf 82' lang='lat' dir='ltr'><strong>into</strong></span> <span class='ocrx_word' id='word_1_210' title='bbox 3284 1419 3419 1474; x_wconf 85' lang='lat' dir='ltr'><strong>corri</strong></span> <span class='ocrx_word' id='word_1_211' title='bbox 3427 1420 3576 1488; x_wconf 87' lang='lat' dir='ltr'><strong>piatis</strong></span> <span class='ocrx_word' id='word_1_212' title='bbox 3588 1421 3626 1475; x_wconf 90' lang='lat' dir='ltr'><strong>si</strong></span> <span class='ocrx_word' id='word_1_213' title='bbox 3642 1438 3720 1476; x_wconf 82' lang='lat' dir='ltr'><strong>non</strong></span> <span class='ocrx_word' id='word_1_214' title='bbox 3732 1434 3813 1476; x_wconf 75' lang='lat' dir='ltr'><strong>ut:-</strong></span> 
     </span>
    </p>
   </div>
   <div class='ocr_carea' id='block_1_29' title="bbox 2332 1507 3813 1579">
    <p class='ocr_par' dir='ltr' id='par_1_29' title="bbox 2332 1507 3813 1579">
     <span class='ocr_line' id='line_1_29' title="bbox 2332 1507 3813 1579; baseline 0.005 -20"><span class='ocrx_word' id='word_1_215' title='bbox 2332 1515 2419 1559; x_wconf 92' lang='lat' dir='ltr'><strong>tur</strong></span> <span class='ocrx_word' id='word_1_216' title='bbox 2452 1507 2654 1559; x_wconf 71' lang='lat' dir='ltr'><strong>militia:</strong></span> <span class='ocrx_word' id='word_1_217' title='bbox 2678 1522 2786 1561; x_wconf 75' lang='lat' dir='ltr'><strong>sua:</strong></span> <span class='ocrx_word' id='word_1_218' title='bbox 2809 1508 3018 1561; x_wconf 89' lang='lat' dir='ltr'><strong>ordine.</strong></span> <span class='ocrx_word' id='word_1_219' title='bbox 3047 1508 3198 1575; x_wconf 87' lang='lat' dir='ltr'><strong>Quod</strong></span> <span class='ocrx_word' id='word_1_220' title='bbox 3225 1526 3352 1579; x_wconf 75' lang='lat' dir='ltr'><strong>ergo</strong></span> <span class='ocrx_word' id='word_1_221' title='bbox 3388 1512 3436 1564; x_wconf 88' lang='lat' dir='ltr'><strong>itt</strong></span> <span class='ocrx_word' id='word_1_222' title='bbox 3467 1512 3813 1568; x_wconf 79' lang='lat' dir='ltr'><strong>ltislibentrrac-</strong></span> 
     </span>
    </p>
   </div>
   <div class='ocr_carea' id='block_1_30' title="bbox 2328 1594 3812 1671">
    <p class='ocr_par' dir='ltr' id='par_1_30' title="bbox 2328 1594 3812 1671">
     <span class='ocr_line' id='line_1_30' title="bbox 2328 1594 3812 1671; baseline 0.008 -27"><span class='ocrx_word' id='word_1_223' title='bbox 2328 1594 2506 1661; x_wconf 85' lang='lat' dir='ltr'><strong>cipitis</strong></span> <span class='ocrx_word' id='word_1_224' title='bbox 2530 1595 2617 1663; x_wconf 90' lang='lat' dir='ltr'><strong>qtti</strong></span> <span class='ocrx_word' id='word_1_225' title='bbox 2644 1596 2792 1651; x_wconf 84' lang='lat' dir='ltr'><strong>vobis</strong></span> <span class='ocrx_word' id='word_1_226' title='bbox 2809 1598 3059 1662; x_wconf 84' lang='lat' dir='ltr'><strong>militant,</strong></span> <span class='ocrx_word' id='word_1_227' title='bbox 3076 1615 3201 1651; x_wconf 88' lang='lat' dir='ltr'><strong>nutu</strong></span> <span class='ocrx_word' id='word_1_228' title='bbox 3231 1599 3332 1655; x_wconf 89' lang='lat' dir='ltr'><strong>hoc</strong></span> <span class='ocrx_word' id='word_1_229' title='bbox 3356 1600 3405 1652; x_wconf 87' lang='lat' dir='ltr'><strong>itt</strong></span> <span class='ocrx_word' id='word_1_230' title='bbox 3431 1602 3739 1656; x_wconf 77' lang='lat' dir='ltr'><strong>sacerdotibus</strong></span> <span class='ocrx_word' id='word_1_231' title='bbox 3757 1619 3812 1671; x_wconf 83' lang='lat' dir='ltr'><strong>po—</strong></span> 
     </span>
    </p>
   </div>
   <div class='ocr_carea' id='block_1_31' title="bbox 2332 1686 3813 1759">
    <p class='ocr_par' dir='ltr' id='par_1_31' title="bbox 2332 1686 3813 1759">
     <span class='ocr_line' id='line_1_31' title="bbox 2332 1686 3813 1759; baseline 0.006 -22"><span class='ocrx_word' id='word_1_232' title='bbox 2332 1694 2435 1739; x_wconf 90' lang='lat' dir='ltr'><strong>test</strong></span> <span class='ocrx_word' id='word_1_233' title='bbox 2451 1686 2730 1741; x_wconf 88' lang='lat' dir='ltr'><strong>molestum</strong></span> <span class='ocrx_word' id='word_1_234' title='bbox 2748 1687 2935 1753; x_wconf 84' lang='lat' dir='ltr'><strong>videri,</strong></span> <span class='ocrx_word' id='word_1_235' title='bbox 2952 1703 3074 1743; x_wconf 92' lang='lat' dir='ltr'><strong>cum</strong></span> <span class='ocrx_word' id='word_1_236' title='bbox 3094 1688 3144 1742; x_wconf 88' lang='lat' dir='ltr'><strong>id</strong></span> <span class='ocrx_word' id='word_1_237' title='bbox 3162 1688 3458 1757; x_wconf 84' lang='lat' dir='ltr'><strong>loquamur,</strong></span> <span class='ocrx_word' id='word_1_238' title='bbox 3475 1706 3568 1744; x_wconf 92' lang='lat' dir='ltr'><strong>non</strong></span> <span class='ocrx_word' id='word_1_239' title='bbox 3590 1694 3703 1759; x_wconf 82' lang='lat' dir='ltr'><strong>quod</strong></span> <span class='ocrx_word' id='word_1_240' title='bbox 3717 1695 3813 1746; x_wconf 74' lang='lat' dir='ltr'><strong>tolu-</strong></span> 
     </span>
    </p>
   </div>
   <div class='ocr_carea' id='block_1_32' title="bbox 645 1758 3814 1851">
    <p class='ocr_par' dir='ltr' id='par_1_32' title="bbox 645 1758 3814 1851">
     <span class='ocr_line' id='line_1_32' title="bbox 645 1758 3814 1851; baseline 0.003 -23"><span class='ocrx_word' id='word_1_241' title='bbox 645 1776 748 1829; x_wconf 84' lang='lat' dir='ltr'><strong>cio.</strong></span> <span class='ocrx_word' id='word_1_242' title='bbox 782 1797 798 1826; x_wconf 78' lang='lat' dir='ltr'><strong>t</strong></span> <span class='ocrx_word' id='word_1_243' title='bbox 822 1778 885 1831; x_wconf 79' lang='lat' dir='ltr'><strong>Et</strong></span> <span class='ocrx_word' id='word_1_244' title='bbox 906 1758 1756 1849; x_wconf 70' lang='lat' dir='ltr'><strong>sanctusAtnbrosiusinepistola</strong></span> <span class='ocrx_word' id='word_1_245' title='bbox 1779 1785 1844 1835; x_wconf 87' lang='lat' dir='ltr'><strong>ad</strong></span> <span class='ocrx_word' id='word_1_246' title='bbox 1860 1758 2224 1838; x_wconf 65' lang='lat' dir='ltr'><strong>Theodosium</strong></span> <span class='ocrx_word' id='word_1_247' title='bbox 2260 1758 2302 1816; x_wconf 75' lang='grc' dir='ltr'>Β</span> <span class='ocrx_word' id='word_1_248' title='bbox 2333 1794 2466 1839; x_wconf 90' lang='lat' dir='ltr'><strong>tuus,</strong></span> <span class='ocrx_word' id='word_1_249' title='bbox 2485 1780 3035 1851; x_wconf 86' lang='lat' dir='ltr'><strong>sedquodjubemur?</strong></span> <span class='ocrx_word' id='word_1_250' title='bbox 3059 1782 3178 1838; x_wconf 92' lang='lat' dir='ltr'><strong>Scis</strong></span> <span class='ocrx_word' id='word_1_251' title='bbox 3196 1784 3338 1837; x_wconf 88' lang='lat' dir='ltr'><strong>enim</strong></span> <span class='ocrx_word' id='word_1_252' title='bbox 3357 1784 3538 1836; x_wconf 75' lang='lat' dir='ltr'><strong>lectum</strong></span> <span class='ocrx_word' id='word_1_253' title='bbox 3559 1782 3689 1837; x_wconf 82' lang='lat' dir='ltr'><strong>:Cum</strong></span> <span class='ocrx_word' id='word_1_254' title='bbox 3708 1787 3814 1839; x_wconf 78' lang='lat' dir='ltr'><strong>stabi-</strong></span> 
     </span>
    </p>
   </div>
   <div class='ocr_carea' id='block_1_33' title="bbox 649 1866 2231 1945">
    <p class='ocr_par' dir='ltr' id='par_1_33' title="bbox 649 1866 2231 1945">
     <span class='ocr_line' id='line_1_33' title="bbox 649 1866 2231 1945; baseline 0.008 -28"><span class='ocrx_word' id='word_1_255' title='bbox 649 1866 1030 1936; x_wconf 84' lang='lat' dir='ltr'><strong>intperatorem</strong></span> <span class='ocrx_word' id='word_1_256' title='bbox 1078 1871 1237 1927; x_wconf 89' lang='lat' dir='ltr'><strong>dicit:</strong></span> <span class='ocrx_word' id='word_1_257' title='bbox 1283 1891 1301 1924; x_wconf 75' lang='grc' dir='ltr'>ι</span> <span class='ocrx_word' id='word_1_258' title='bbox 1329 1873 1617 1942; x_wconf 81' lang='lat' dir='ltr'><strong>Exercitiis</strong></span> <span class='ocrx_word' id='word_1_259' title='bbox 1644 1890 1879 1943; x_wconf 74' lang='lat' dir='ltr'><strong>semper,</strong></span> <span class='ocrx_word' id='word_1_260' title='bbox 1920 1884 1975 1928; x_wconf 92' lang='lat' dir='ltr'><strong>et</strong></span> <span class='ocrx_word' id='word_1_261' title='bbox 2009 1875 2141 1945; x_wconf 77' lang='lat' dir='ltr'><strong>jugit</strong></span> <span class='ocrx_word' id='word_1_262' title='bbox 2167 1892 2231 1930; x_wconf 91' lang='lat' dir='ltr'><strong>us</strong></span> 
     </span>
    </p>
   </div>
   <div class='ocr_carea' id='block_1_34' title="bbox 647 1958 2229 2034">
    <p class='ocr_par' dir='ltr' id='par_1_34' title="bbox 647 1958 2229 2034">
     <span class='ocr_line' id='line_1_34' title="bbox 647 1958 2229 2034; baseline 0.006 -23"><span class='ocrx_word' id='word_1_263' title='bbox 647 1958 762 2013; x_wconf 89' lang='lat' dir='ltr'><strong>fere</strong></span> <span class='ocrx_word' id='word_1_264' title='bbox 784 1962 930 2015; x_wconf 89' lang='lat' dir='ltr'><strong>curis</strong></span> <span class='ocrx_word' id='word_1_265' title='bbox 974 1978 1114 2026; x_wconf 90' lang='lat' dir='ltr'><strong>sum,</strong></span> <span class='ocrx_word' id='word_1_266' title='bbox 1149 1964 1443 2034; x_wconf 84' lang='lat' dir='ltr'><strong>imperator</strong></span> <span class='ocrx_word' id='word_1_267' title='bbox 1472 1964 1808 2029; x_wconf 87' lang='lat' dir='ltr'><strong>beatissime,</strong></span> <span class='ocrx_word' id='word_1_268' title='bbox 1848 1966 2080 2020; x_wconf 89' lang='lat' dir='ltr'><strong>deditus.</strong></span> <span class='ocrx_word' id='word_1_269' title='bbox 2123 1967 2229 2020; x_wconf 87' lang='lat' dir='ltr'><strong>Sed</strong></span> 
     </span>
    </p>
   </div>
   <div class='ocr_carea' id='block_1_35' title="bbox 649 2055 2230 2123">
    <p class='ocr_par' dir='ltr' id='par_1_35' title="bbox 649 2055 2230 2123">
     <span class='ocr_line' id='line_1_35' title="bbox 649 2055 2230 2123; baseline 0.005 -20"><span class='ocrx_word' id='word_1_270' title='bbox 649 2066 921 2122; x_wconf 88' lang='lat' dir='ltr'><strong>nunquam</strong></span> <span class='ocrx_word' id='word_1_271' title='bbox 948 2063 1098 2108; x_wconf 88' lang='lat' dir='ltr'><strong>tanto</strong></span> <span class='ocrx_word' id='word_1_272' title='bbox 1122 2056 1172 2108; x_wconf 91' lang='lat' dir='ltr'><strong>in</strong></span> <span class='ocrx_word' id='word_1_273' title='bbox 1200 2064 1334 2109; x_wconf 75' lang='lat' dir='ltr'><strong>testu</strong></span> <span class='ocrx_word' id='word_1_274' title='bbox 1360 2055 1457 2120; x_wconf 86' lang='lat' dir='ltr'><strong>fni,</strong></span> <span class='ocrx_word' id='word_1_275' title='bbox 1495 2064 1703 2123; x_wconf 89' lang='lat' dir='ltr'><strong>quanto</strong></span> <span class='ocrx_word' id='word_1_276' title='bbox 1732 2072 1893 2119; x_wconf 90' lang='lat' dir='ltr'><strong>nunc,</strong></span> <span class='ocrx_word' id='word_1_277' title='bbox 1926 2072 2048 2110; x_wconf 88' lang='lat' dir='ltr'><strong>cum</strong></span> <span class='ocrx_word' id='word_1_278' title='bbox 2074 2057 2230 2111; x_wconf 91' lang='lat' dir='ltr'><strong>video</strong></span> 
     </span>
    </p>
   </div>
   <div class='ocr_carea' id='block_1_36' title="bbox 645 2143 2233 2216">
    <p class='ocr_par' dir='ltr' id='par_1_36' title="bbox 645 2143 2233 2216">
     <span class='ocr_line' id='line_1_36' title="bbox 645 2143 2233 2216; baseline 0 -17"><span class='ocrx_word' id='word_1_279' title='bbox 645 2143 944 2199; x_wconf 76' lang='lat' dir='ltr'><strong>Cavendum</strong></span> <span class='ocrx_word' id='word_1_280' title='bbox 971 2161 1037 2199; x_wconf 90' lang='lat' dir='ltr'><strong>ne</strong></span> <span class='ocrx_word' id='word_1_281' title='bbox 1076 2146 1203 2214; x_wconf 89' lang='lat' dir='ltr'><strong>qttid</strong></span> <span class='ocrx_word' id='word_1_282' title='bbox 1230 2146 1299 2200; x_wconf 87' lang='lat' dir='ltr'><strong>sit</strong></span> <span class='ocrx_word' id='word_1_283' title='bbox 1322 2146 1465 2216; x_wconf 88' lang='lat' dir='ltr'><strong>quod</strong></span> <span class='ocrx_word' id='word_1_284' title='bbox 1493 2146 1796 2201; x_wconf 87' lang='lat' dir='ltr'><strong>ascribatur</strong></span> <span class='ocrx_word' id='word_1_285' title='bbox 1825 2147 1955 2201; x_wconf 90' lang='lat' dir='ltr'><strong>mihi</strong></span> <span class='ocrx_word' id='word_1_286' title='bbox 1982 2147 2143 2201; x_wconf 88' lang='lat' dir='ltr'><strong>etiam</strong></span> <span class='ocrx_word' id='word_1_287' title='bbox 2167 2147 2233 2201; x_wconf 87' lang='lat' dir='ltr'><strong>de</strong></span> 
     </span>
    </p>
   </div>
   <div class='ocr_carea' id='block_1_37' title="bbox 650 2234 2229 2308">
    <p class='ocr_par' dir='ltr' id='par_1_37' title="bbox 650 2234 2229 2308">
     <span class='ocr_line' id='line_1_37' title="bbox 650 2234 2229 2308; baseline 0.004 -22"><span class='ocrx_word' id='word_1_288' title='bbox 650 2234 915 2305; x_wconf 80' lang='lat' dir='ltr'><strong>sacrilegii</strong></span> <span class='ocrx_word' id='word_1_289' title='bbox 962 2237 1223 2304; x_wconf 89' lang='lat' dir='ltr'><strong>periculo.</strong></span> <span class='ocrx_word' id='word_1_290' title='bbox 1258 2237 1439 2306; x_wconf 77' lang='lat' dir='ltr'><strong>Itaque</strong></span> <span class='ocrx_word' id='word_1_291' title='bbox 1468 2246 1591 2308; x_wconf 88' lang='lat' dir='ltr'><strong>peto</strong></span> <span class='ocrx_word' id='word_1_292' title='bbox 1631 2248 1687 2291; x_wconf 81' lang='grc' dir='ltr'><strong>ιιι</strong></span> <span class='ocrx_word' id='word_1_293' title='bbox 1732 2239 1999 2308; x_wconf 89' lang='lat' dir='ltr'><strong>patienter</strong></span> <span class='ocrx_word' id='word_1_294' title='bbox 2021 2255 2229 2293; x_wconf 88' lang='lat' dir='ltr'><strong>sermo-</strong></span> 
     </span>
    </p>
   </div>
   <div class='ocr_carea' id='block_1_38' title="bbox 657 2328 2231 2399">
    <p class='ocr_par' dir='ltr' id='par_1_38' title="bbox 657 2328 2231 2399">
     <span class='ocr_line' id='line_1_38' title="bbox 657 2328 2231 2399; baseline 0.003 -20"><span class='ocrx_word' id='word_1_295' title='bbox 657 2340 778 2379; x_wconf 86' lang='lat' dir='ltr'><strong>nem</strong></span> <span class='ocrx_word' id='word_1_296' title='bbox 842 2342 1020 2382; x_wconf 88' lang='lat' dir='ltr'><strong>meum</strong></span> <span class='ocrx_word' id='word_1_297' title='bbox 1074 2329 1281 2382; x_wconf 86' lang='lat' dir='ltr'><strong>audias.</strong></span> <span class='ocrx_word' id='word_1_298' title='bbox 1348 2328 1482 2383; x_wconf 83' lang='lat' dir='ltr'><strong>Nam</strong></span> <span class='ocrx_word' id='word_1_299' title='bbox 1560 2330 1603 2385; x_wconf 89' lang='lat' dir='ltr'><strong>si</strong></span> <span class='ocrx_word' id='word_1_300' title='bbox 1662 2329 1911 2399; x_wconf 75' lang='lat' dir='ltr'><strong>indignus</strong></span> <span class='ocrx_word' id='word_1_301' title='bbox 1969 2346 2085 2384; x_wconf 88' lang='lat' dir='ltr'><strong>sum</strong></span> <span class='ocrx_word' id='word_1_302' title='bbox 2140 2329 2231 2399; x_wconf 90' lang='lat' dir='ltr'><strong>qui</strong></span> 
     </span>
    </p>
   </div>
   <div class='ocr_carea' id='block_1_39' title="bbox 649 2418 2229 2491">
    <p class='ocr_par' dir='ltr' id='par_1_39' title="bbox 649 2418 2229 2491">
     <span class='ocr_line' id='line_1_39' title="bbox 649 2418 2229 2491; baseline 0.005 -24"><span class='ocrx_word' id='word_1_303' title='bbox 649 2430 680 2467; x_wconf 94' lang='lat' dir='ltr'><strong>a</strong></span> <span class='ocrx_word' id='word_1_304' title='bbox 736 2424 786 2470; x_wconf 91' lang='lat' dir='ltr'><strong>te</strong></span> <span class='ocrx_word' id='word_1_305' title='bbox 832 2418 1043 2483; x_wconf 90' lang='lat' dir='ltr'><strong>audiar,</strong></span> <span class='ocrx_word' id='word_1_306' title='bbox 1080 2419 1327 2490; x_wconf 79' lang='lat' dir='ltr'><strong>indignus</strong></span> <span class='ocrx_word' id='word_1_307' title='bbox 1380 2436 1497 2475; x_wconf 89' lang='lat' dir='ltr'><strong>sum</strong></span> <span class='ocrx_word' id='word_1_308' title='bbox 1528 2422 1616 2489; x_wconf 91' lang='lat' dir='ltr'><strong>qui</strong></span> <span class='ocrx_word' id='word_1_309' title='bbox 1645 2437 1742 2491; x_wconf 89' lang='lat' dir='ltr'><strong>pro</strong></span> <span class='ocrx_word' id='word_1_310' title='bbox 1769 2430 1821 2476; x_wconf 91' lang='lat' dir='ltr'><strong>te</strong></span> <span class='ocrx_word' id='word_1_311' title='bbox 1861 2418 2105 2487; x_wconf 69' lang='lat' dir='ltr'><strong>offeram,</strong></span> <span class='ocrx_word' id='word_1_312' title='bbox 2145 2422 2229 2475; x_wconf 90' lang='lat' dir='ltr'><strong>cui</strong></span> 
     </span>
    </p>
   </div>
   <div class='ocr_carea' id='block_1_40' title="bbox 651 2513 2232 2584">
    <p class='ocr_par' dir='ltr' id='par_1_40' title="bbox 651 2513 2232 2584">
     <span class='ocr_line' id='line_1_40' title="bbox 651 2513 2232 2584; baseline 0.003 -21"><span class='ocrx_word' id='word_1_313' title='bbox 651 2518 741 2564; x_wconf 89' lang='lat' dir='ltr'><strong>tua</strong></span> <span class='ocrx_word' id='word_1_314' title='bbox 794 2521 917 2567; x_wconf 88' lang='lat' dir='ltr'><strong>vota</strong></span> <span class='ocrx_word' id='word_1_315' title='bbox 950 2553 965 2577; x_wconf 91' lang='lat'><strong>,</strong></span> <span class='ocrx_word' id='word_1_316' title='bbox 1013 2513 1099 2568; x_wconf 88' lang='lat' dir='ltr'><strong>cui</strong></span> <span class='ocrx_word' id='word_1_317' title='bbox 1146 2522 1267 2567; x_wconf 90' lang='lat' dir='ltr'><strong>tuas</strong></span> <span class='ocrx_word' id='word_1_318' title='bbox 1307 2514 1613 2568; x_wconf 87' lang='lat' dir='ltr'><strong>committas</strong></span> <span class='ocrx_word' id='word_1_319' title='bbox 1673 2530 1878 2584; x_wconf 84' lang='lat' dir='ltr'><strong>preces.</strong></span> <span class='ocrx_word' id='word_1_320' title='bbox 1934 2514 2052 2583; x_wconf 78' lang='lat' dir='ltr'><strong>Ipse</strong></span> <span class='ocrx_word' id='word_1_321' title='bbox 2103 2528 2232 2581; x_wconf 80' lang='lat' dir='ltr'><strong>ergo</strong></span> 
     </span>
    </p>
   </div>
   <div class='ocr_carea' id='block_1_41' title="bbox 648 2604 2230 2675">
    <p class='ocr_par' dir='ltr' id='par_1_41' title="bbox 648 2604 2230 2675">
     <span class='ocr_line' id='line_1_41' title="bbox 648 2604 2230 2675; baseline 0.004 -20"><span class='ocrx_word' id='word_1_322' title='bbox 648 2618 755 2656; x_wconf 89' lang='lat' dir='ltr'><strong>non</strong></span> <span class='ocrx_word' id='word_1_323' title='bbox 802 2604 989 2659; x_wconf 87' lang='lat' dir='ltr'><strong>audies</strong></span> <span class='ocrx_word' id='word_1_324' title='bbox 1031 2620 1192 2669; x_wconf 90' lang='lat' dir='ltr'><strong>eum,</strong></span> <span class='ocrx_word' id='word_1_325' title='bbox 1236 2620 1394 2673; x_wconf 87' lang='lat' dir='ltr'><strong>quem</strong></span> <span class='ocrx_word' id='word_1_326' title='bbox 1438 2621 1537 2675; x_wconf 88' lang='lat' dir='ltr'><strong>pro</strong></span> <span class='ocrx_word' id='word_1_327' title='bbox 1581 2615 1632 2659; x_wconf 92' lang='lat' dir='ltr'><strong>te</strong></span> <span class='ocrx_word' id='word_1_328' title='bbox 1678 2608 1851 2661; x_wconf 85' lang='lat' dir='ltr'><strong>audiri</strong></span> <span class='ocrx_word' id='word_1_329' title='bbox 1900 2607 2073 2661; x_wconf 89' lang='lat' dir='ltr'><strong>velis?</strong></span> <span class='ocrx_word' id='word_1_330' title='bbox 2114 2606 2230 2662; x_wconf 80' lang='lat' dir='ltr'><strong>Non</strong></span> 
     </span>
    </p>
   </div>
   <div class='ocr_carea' id='block_1_42' title="bbox 647 2694 2232 2767">
    <p class='ocr_par' dir='ltr' id='par_1_42' title="bbox 647 2694 2232 2767">
     <span class='ocr_line' id='line_1_42' title="bbox 647 2694 2232 2767; baseline 0.003 -20"><span class='ocrx_word' id='word_1_331' title='bbox 647 2694 834 2749; x_wconf 87' lang='lat' dir='ltr'><strong>audies</strong></span> <span class='ocrx_word' id='word_1_332' title='bbox 882 2710 980 2764; x_wconf 91' lang='lat' dir='ltr'><strong>pro</strong></span> <span class='ocrx_word' id='word_1_333' title='bbox 1028 2711 1086 2751; x_wconf 90' lang='lat' dir='ltr'><strong>se</strong></span> <span class='ocrx_word' id='word_1_334' title='bbox 1126 2704 1374 2765; x_wconf 83' lang='lat' dir='ltr'><strong>agentem</strong></span> <span class='ocrx_word' id='word_1_335' title='bbox 1407 2737 1422 2761; x_wconf 94' lang='lat'><strong>,</strong></span> <span class='ocrx_word' id='word_1_336' title='bbox 1476 2712 1634 2767; x_wconf 84' lang='lat' dir='ltr'><strong>quem</strong></span> <span class='ocrx_word' id='word_1_337' title='bbox 1677 2713 1775 2767; x_wconf 92' lang='lat' dir='ltr'><strong>pro</strong></span> <span class='ocrx_word' id='word_1_338' title='bbox 1821 2698 1943 2752; x_wconf 88' lang='lat' dir='ltr'><strong>aliis</strong></span> <span class='ocrx_word' id='word_1_339' title='bbox 1990 2698 2232 2752; x_wconf 85' lang='lat' dir='ltr'><strong>audisti?</strong></span> 
     </span>
    </p>
   </div>
   <div class='ocr_carea' id='block_1_43' title="bbox 646 2782 2228 2858">
    <p class='ocr_par' dir='ltr' id='par_1_43' title="bbox 646 2782 2228 2858">
     <span class='ocr_line' id='line_1_43' title="bbox 646 2782 2228 2858; baseline 0.002 -20"><span class='ocrx_word' id='word_1_340' title='bbox 646 2782 758 2840; x_wconf 84' lang='lat' dir='ltr'><strong>Nec</strong></span> <span class='ocrx_word' id='word_1_341' title='bbox 782 2786 989 2840; x_wconf 87' lang='lat' dir='ltr'><strong>vereris</strong></span> <span class='ocrx_word' id='word_1_342' title='bbox 1022 2785 1282 2854; x_wconf 87' lang='lat' dir='ltr'><strong>judicium</strong></span> <span class='ocrx_word' id='word_1_343' title='bbox 1327 2795 1500 2850; x_wconf 90' lang='lat' dir='ltr'><strong>tuum,</strong></span> <span class='ocrx_word' id='word_1_344' title='bbox 1548 2804 1616 2841; x_wconf 85' lang='lat' dir='ltr'><strong>tte</strong></span> <span class='ocrx_word' id='word_1_345' title='bbox 1662 2804 1783 2843; x_wconf 91' lang='lat' dir='ltr'><strong>cum</strong></span> <span class='ocrx_word' id='word_1_346' title='bbox 1828 2789 2101 2858; x_wconf 78' lang='lat' dir='ltr'><strong>indignum</strong></span> <span class='ocrx_word' id='word_1_347' title='bbox 2134 2803 2228 2857; x_wconf 67' lang='grc' dir='ltr'><strong>ρης</strong></span> 
     </span>
    </p>
   </div>
   <div class='ocr_carea' id='block_1_44' title="bbox 650 2875 2231 2948">
    <p class='ocr_par' dir='ltr' id='par_1_44' title="bbox 650 2875 2231 2948">
     <span class='ocr_line' id='line_1_44' title="bbox 650 2875 2231 2948; baseline 0.002 -20"><span class='ocrx_word' id='word_1_348' title='bbox 650 2875 784 2929; x_wconf 89' lang='lat' dir='ltr'><strong>laris</strong></span> <span class='ocrx_word' id='word_1_349' title='bbox 802 2891 960 2943; x_wconf 85' lang='lat' dir='ltr'><strong>quem</strong></span> <span class='ocrx_word' id='word_1_350' title='bbox 983 2877 1187 2935; x_wconf 85' lang='lat' dir='ltr'><strong>audias,</strong></span> <span class='ocrx_word' id='word_1_351' title='bbox 1224 2876 1501 2947; x_wconf 80' lang='lat' dir='ltr'><strong>indignum</strong></span> <span class='ocrx_word' id='word_1_352' title='bbox 1543 2877 1737 2932; x_wconf 75' lang='lat' dir='ltr'><strong>feceris</strong></span> <span class='ocrx_word' id='word_1_353' title='bbox 1766 2879 1854 2948; x_wconf 89' lang='lat' dir='ltr'><strong>qui</strong></span> <span class='ocrx_word' id='word_1_354' title='bbox 1911 2895 2008 2948; x_wconf 88' lang='lat' dir='ltr'><strong>pro</strong></span> <span class='ocrx_word' id='word_1_355' title='bbox 2052 2889 2103 2933; x_wconf 92' lang='lat' dir='ltr'><strong>te</strong></span> <span class='ocrx_word' id='word_1_356' title='bbox 2130 2894 2231 2931; x_wconf 79' lang='lat' dir='ltr'><strong>au-</strong></span> 
     </span>
    </p>
   </div>
   <div class='ocr_carea' id='block_1_45' title="bbox 648 2964 2230 3035">
    <p class='ocr_par' dir='ltr' id='par_1_45' title="bbox 648 2964 2230 3035">
     <span class='ocr_line' id='line_1_45' title="bbox 648 2964 2230 3035; baseline 0.004 -18"><span class='ocrx_word' id='word_1_357' title='bbox 648 2964 865 3017; x_wconf 87' lang='lat' dir='ltr'><strong>diatur?</strong></span> <span class='ocrx_word' id='word_1_358' title='bbox 892 2966 996 3020; x_wconf 86' lang='lat' dir='ltr'><strong>Sed</strong></span> <span class='ocrx_word' id='word_1_359' title='bbox 1025 2982 1199 3035; x_wconf 84' lang='lat' dir='ltr'><strong>neque</strong></span> <span class='ocrx_word' id='word_1_360' title='bbox 1236 2968 1511 3035; x_wconf 76' lang='lat' dir='ltr'><strong>imperiale</strong></span> <span class='ocrx_word' id='word_1_361' title='bbox 1554 2980 1637 3023; x_wconf 78' lang='lat' dir='ltr'><strong>est</strong></span> <span class='ocrx_word' id='word_1_362' title='bbox 1664 2969 1968 3023; x_wconf 87' lang='lat' dir='ltr'><strong>libertatem</strong></span> <span class='ocrx_word' id='word_1_363' title='bbox 2016 2969 2230 3024; x_wconf 83' lang='lat' dir='ltr'><strong>dicendi</strong></span> 
     </span>
    </p>
   </div>
   <div class='ocr_carea' id='block_1_46' title="bbox 649 3058 2228 3125">
    <p class='ocr_par' dir='ltr' id='par_1_46' title="bbox 649 3058 2228 3125">
     <span class='ocr_line' id='line_1_46' title="bbox 649 3058 2228 3125; baseline 0.006 -20"><span class='ocrx_word' id='word_1_364' title='bbox 649 3069 872 3120; x_wconf 76' lang='lat' dir='ltr'><strong>negare,</strong></span> <span class='ocrx_word' id='word_1_365' title='bbox 896 3071 1068 3124; x_wconf 80' lang='lat' dir='ltr'><strong>neque</strong></span> <span class='ocrx_word' id='word_1_366' title='bbox 1093 3058 1431 3111; x_wconf 88' lang='lat' dir='ltr'><strong>sacerdotale</strong></span> <span class='ocrx_word' id='word_1_367' title='bbox 1454 3060 1595 3125; x_wconf 88' lang='lat' dir='ltr'><strong>quod</strong></span> <span class='ocrx_word' id='word_1_368' title='bbox 1638 3059 1843 3114; x_wconf 84' lang='lat' dir='ltr'><strong>sentias</strong></span> <span class='ocrx_word' id='word_1_369' title='bbox 1883 3074 1987 3112; x_wconf 89' lang='lat' dir='ltr'><strong>non</strong></span> <span class='ocrx_word' id='word_1_370' title='bbox 2028 3060 2228 3115; x_wconf 80' lang='lat' dir='ltr'><strong>dicere.</strong></span> 
     </span>
    </p>
   </div>
   <div class='ocr_carea' id='block_1_47' title="bbox 651 3141 2228 3219">
    <p class='ocr_par' dir='ltr' id='par_1_47' title="bbox 651 3141 2228 3219">
     <span class='ocr_line' id='line_1_47' title="bbox 651 3141 2228 3219; baseline 0.005 -22"><span class='ocrx_word' id='word_1_371' title='bbox 651 3141 795 3198; x_wconf 83' lang='lat' dir='ltr'><strong>Nihil</strong></span> <span class='ocrx_word' id='word_1_372' title='bbox 824 3143 967 3197; x_wconf 91' lang='lat' dir='ltr'><strong>enim</strong></span> <span class='ocrx_word' id='word_1_373' title='bbox 1010 3145 1061 3197; x_wconf 90' lang='lat' dir='ltr'><strong>in</strong></span> <span class='ocrx_word' id='word_1_374' title='bbox 1094 3145 1244 3199; x_wconf 90' lang='lat' dir='ltr'><strong>vobis</strong></span> <span class='ocrx_word' id='word_1_375' title='bbox 1279 3146 1699 3215; x_wconf 85' lang='lat' dir='ltr'><strong>imperatoribus</strong></span> <span class='ocrx_word' id='word_1_376' title='bbox 1733 3158 1837 3201; x_wconf 87' lang='lat' dir='ltr'><strong>tam</strong></span> <span class='ocrx_word' id='word_1_377' title='bbox 1878 3149 2136 3219; x_wconf 88' lang='lat' dir='ltr'><strong>populare</strong></span> <span class='ocrx_word' id='word_1_378' title='bbox 2173 3162 2228 3205; x_wconf 84' lang='lat' dir='ltr'><strong>et</strong></span> 
     </span>
    </p>
   </div>
   <div class='ocr_carea' id='block_1_48' title="bbox 651 3236 2229 3305">
    <p class='ocr_par' dir='ltr' id='par_1_48' title="bbox 651 3236 2229 3305">
     <span class='ocr_line' id='line_1_48' title="bbox 651 3236 2229 3305; baseline 0.003 -15"><span class='ocrx_word' id='word_1_379' title='bbox 651 3246 762 3290; x_wconf 88' lang='lat' dir='ltr'><strong>tam</strong></span> <span class='ocrx_word' id='word_1_380' title='bbox 790 3236 1021 3291; x_wconf 86' lang='lat' dir='ltr'><strong>amabile</strong></span> <span class='ocrx_word' id='word_1_381' title='bbox 1051 3246 1156 3300; x_wconf 88' lang='lat' dir='ltr'><strong>est,</strong></span> <span class='ocrx_word' id='word_1_382' title='bbox 1183 3252 1343 3305; x_wconf 83' lang='lat' dir='ltr'><strong>quant</strong></span> <span class='ocrx_word' id='word_1_383' title='bbox 1371 3238 1674 3293; x_wconf 87' lang='lat' dir='ltr'><strong>libertatem</strong></span> <span class='ocrx_word' id='word_1_384' title='bbox 1699 3240 1860 3293; x_wconf 89' lang='lat' dir='ltr'><strong>etiam</strong></span> <span class='ocrx_word' id='word_1_385' title='bbox 1895 3240 1946 3293; x_wconf 88' lang='lat' dir='ltr'><strong>itt</strong></span> <span class='ocrx_word' id='word_1_386' title='bbox 1974 3240 2058 3294; x_wconf 90' lang='lat' dir='ltr'><strong>his</strong></span> <span class='ocrx_word' id='word_1_387' title='bbox 2104 3241 2229 3295; x_wconf 88' lang='lat' dir='ltr'><strong>dili-</strong></span> 
     </span>
    </p>
   </div>
   <div class='ocr_carea' id='block_1_49' title="bbox 650 3327 2233 3399">
    <p class='ocr_par' dir='ltr' id='par_1_49' title="bbox 650 3327 2233 3399">
     <span class='ocr_line' id='line_1_49' title="bbox 650 3327 2233 3399; baseline 0.002 -19"><span class='ocrx_word' id='word_1_388' title='bbox 650 3342 799 3397; x_wconf 74' lang='lat' dir='ltr'><strong>gere,</strong></span> <span class='ocrx_word' id='word_1_389' title='bbox 829 3328 919 3396; x_wconf 91' lang='lat' dir='ltr'><strong>qui</strong></span> <span class='ocrx_word' id='word_1_390' title='bbox 950 3328 1208 3395; x_wconf 75' lang='lat' dir='ltr'><strong>obsequio</strong></span> <span class='ocrx_word' id='word_1_391' title='bbox 1234 3327 1437 3381; x_wconf 72' lang='lat' dir='ltr'><strong>militia:</strong></span> <span class='ocrx_word' id='word_1_392' title='bbox 1468 3329 1618 3382; x_wconf 89' lang='lat' dir='ltr'><strong>vobis</strong></span> <span class='ocrx_word' id='word_1_393' title='bbox 1648 3329 1847 3382; x_wconf 88' lang='lat' dir='ltr'><strong>subditi</strong></span> <span class='ocrx_word' id='word_1_394' title='bbox 1878 3339 2023 3384; x_wconf 91' lang='lat' dir='ltr'><strong>sunt.</strong></span> <span class='ocrx_word' id='word_1_395' title='bbox 2060 3330 2233 3399; x_wconf 88' lang='lat' dir='ltr'><strong>Siqui-</strong></span> 
     </span>
    </p>
   </div>
   <div class='ocr_carea' id='block_1_50' title="bbox 647 3418 2230 3490">
    <p class='ocr_par' dir='ltr' id='par_1_50' title="bbox 647 3418 2230 3490">
     <span class='ocr_line' id='line_1_50' title="bbox 647 3418 2230 3490; baseline 0.002 -17"><span class='ocrx_word' id='word_1_396' title='bbox 647 3418 767 3473; x_wconf 88' lang='lat' dir='ltr'><strong>dem</strong></span> <span class='ocrx_word' id='word_1_397' title='bbox 793 3420 894 3473; x_wconf 87' lang='lat' dir='ltr'><strong>boc</strong></span> <span class='ocrx_word' id='word_1_398' title='bbox 915 3420 1140 3473; x_wconf 87' lang='lat' dir='ltr'><strong>interest</strong></span> <span class='ocrx_word' id='word_1_399' title='bbox 1162 3421 1301 3473; x_wconf 88' lang='lat' dir='ltr'><strong>inter</strong></span> <span class='ocrx_word' id='word_1_400' title='bbox 1321 3420 1489 3474; x_wconf 88' lang='lat' dir='ltr'><strong>bonos</strong></span> <span class='ocrx_word' id='word_1_401' title='bbox 1511 3430 1567 3475; x_wconf 89' lang='lat' dir='ltr'><strong>et</strong></span> <span class='ocrx_word' id='word_1_402' title='bbox 1591 3421 1759 3475; x_wconf 89' lang='lat' dir='ltr'><strong>malos</strong></span> <span class='ocrx_word' id='word_1_403' title='bbox 1780 3422 2068 3490; x_wconf 78' lang='lat' dir='ltr'><strong>principes,</strong></span> <span class='ocrx_word' id='word_1_404' title='bbox 2088 3423 2230 3490; x_wconf 89' lang='lat' dir='ltr'><strong>quod</strong></span> 
     </span>
    </p>
   </div>
   <div class='ocr_carea' id='block_1_51' title="bbox 646 3509 2231 3581">
    <p class='ocr_par' dir='ltr' id='par_1_51' title="bbox 646 3509 2231 3581">
     <span class='ocr_line' id='line_1_51' title="bbox 646 3509 2231 3581; baseline 0.003 -17"><span class='ocrx_word' id='word_1_405' title='bbox 646 3510 774 3564; x_wconf 84' lang='lat' dir='ltr'><strong>boui</strong></span> <span class='ocrx_word' id='word_1_406' title='bbox 804 3509 1105 3564; x_wconf 83' lang='lat' dir='ltr'><strong>libertatem</strong></span> <span class='ocrx_word' id='word_1_407' title='bbox 1152 3521 1357 3576; x_wconf 91' lang='lat' dir='ltr'><strong>amant,</strong></span> <span class='ocrx_word' id='word_1_408' title='bbox 1407 3512 1722 3567; x_wconf 86' lang='lat' dir='ltr'><strong>servitutem</strong></span> <span class='ocrx_word' id='word_1_409' title='bbox 1776 3513 2029 3581; x_wconf 86' lang='lat' dir='ltr'><strong>improbi.</strong></span> <span class='ocrx_word' id='word_1_410' title='bbox 2087 3514 2231 3568; x_wconf 80' lang='lat' dir='ltr'><strong>Nihil</strong></span> 
     </span>
    </p>
   </div>
   <div class='ocr_carea' id='block_1_52' title="bbox 649 3598 2227 3671">
    <p class='ocr_par' dir='ltr' id='par_1_52' title="bbox 649 3598 2227 3671">
     <span class='ocr_line' id='line_1_52' title="bbox 649 3598 2227 3671; baseline 0.004 -21"><span class='ocrx_word' id='word_1_411' title='bbox 649 3598 814 3652; x_wconf 86' lang='lat' dir='ltr'><strong>etiam</strong></span> <span class='ocrx_word' id='word_1_412' title='bbox 838 3599 889 3651; x_wconf 91' lang='lat' dir='ltr'><strong>in</strong></span> <span class='ocrx_word' id='word_1_413' title='bbox 911 3600 1192 3654; x_wconf 80' lang='lat' dir='ltr'><strong>sacer-dote</strong></span> <span class='ocrx_word' id='word_1_414' title='bbox 1216 3608 1322 3653; x_wconf 85' lang='lat' dir='ltr'><strong>tant</strong></span> <span class='ocrx_word' id='word_1_415' title='bbox 1348 3601 1711 3670; x_wconf 81' lang='lat' dir='ltr'><strong>periculosum</strong></span> <span class='ocrx_word' id='word_1_416' title='bbox 1731 3603 1871 3671; x_wconf 89' lang='lat' dir='ltr'><strong>apud</strong></span> <span class='ocrx_word' id='word_1_417' title='bbox 1902 3602 2092 3667; x_wconf 90' lang='lat' dir='ltr'><strong>Deum,</strong></span> <span class='ocrx_word' id='word_1_418' title='bbox 2120 3612 2227 3657; x_wconf 87' lang='lat' dir='ltr'><strong>tam</strong></span> 
     </span>
    </p>
   </div>
   <div class='ocr_carea' id='block_1_53' title="bbox 650 3691 2229 3763">
    <p class='ocr_par' dir='ltr' id='par_1_53' title="bbox 650 3691 2229 3763">
     <span class='ocr_line' id='line_1_53' title="bbox 650 3691 2229 3763; baseline 0.006 -24"><span class='ocrx_word' id='word_1_419' title='bbox 650 3696 809 3756; x_wconf 91' lang='lat' dir='ltr'><strong>turpe</strong></span> <span class='ocrx_word' id='word_1_420' title='bbox 847 3691 987 3756; x_wconf 89' lang='lat' dir='ltr'><strong>apud</strong></span> <span class='ocrx_word' id='word_1_421' title='bbox 1030 3691 1296 3755; x_wconf 89' lang='lat' dir='ltr'><strong>homines,</strong></span> <span class='ocrx_word' id='word_1_422' title='bbox 1329 3709 1491 3761; x_wconf 88' lang='lat' dir='ltr'><strong>quam</strong></span> <span class='ocrx_word' id='word_1_423' title='bbox 1528 3694 1669 3763; x_wconf 75' lang='lat' dir='ltr'><strong>quod</strong></span> <span class='ocrx_word' id='word_1_424' title='bbox 1702 3695 1899 3748; x_wconf 90' lang='lat' dir='ltr'><strong>sentiat</strong></span> <span class='ocrx_word' id='word_1_425' title='bbox 1927 3709 2032 3747; x_wconf 88' lang='lat' dir='ltr'><strong>non</strong></span> <span class='ocrx_word' id='word_1_426' title='bbox 2059 3696 2229 3749; x_wconf 75' lang='lat' dir='ltr'><strong>libere</strong></span> 
     </span>
    </p>
   </div>
   <div class='ocr_carea' id='block_1_54' title="bbox 650 3777 2231 3853">
    <p class='ocr_par' dir='ltr' id='par_1_54' title="bbox 650 3777 2231 3853">
     <span class='ocr_line' id='line_1_54' title="bbox 650 3777 2231 3853; baseline 0.006 -25"><span class='ocrx_word' id='word_1_427' title='bbox 650 3777 807 3847; x_wconf 80' lang='lat'><strong>701</strong></span> <span class='ocrx_word' id='word_1_428' title='bbox 838 3778 1173 3832; x_wconf 73' lang='lat' dir='ltr'><strong>denuntiare.</strong></span> <span class='ocrx_word' id='word_1_429' title='bbox 1202 3780 1476 3849; x_wconf 88' lang='lat' dir='ltr'><strong>Siquidem</strong></span> <span class='ocrx_word' id='word_1_430' title='bbox 1508 3782 1769 3851; x_wconf 88' lang='lat' dir='ltr'><strong>scriptum</strong></span> <span class='ocrx_word' id='word_1_431' title='bbox 1798 3790 1883 3836; x_wconf 92' lang='lat' dir='ltr'><strong>est</strong></span> <span class='ocrx_word' id='word_1_432' title='bbox 1915 3801 1926 3835; x_wconf 94' lang='lat'>:</span> <span class='ocrx_word' id='word_1_433' title='bbox 1959 3783 2024 3835; x_wconf 76' lang='lat' dir='ltr'><strong>Et</strong></span> <span class='ocrx_word' id='word_1_434' title='bbox 2050 3782 2231 3853; x_wconf 86' lang='lat' dir='ltr'><strong>loque-</strong></span> 
     </span>
    </p>
   </div>
   <div class='ocr_carea' id='block_1_55' title="bbox 649 3866 2230 3939">
    <p class='ocr_par' dir='ltr' id='par_1_55' title="bbox 649 3866 2230 3939">
     <span class='ocr_line' id='line_1_55' title="bbox 649 3866 2230 3939; baseline 0.004 -20"><span class='ocrx_word' id='word_1_435' title='bbox 649 3866 746 3919; x_wconf 89' lang='lat' dir='ltr'><strong>bar</strong></span> <span class='ocrx_word' id='word_1_436' title='bbox 773 3868 825 3919; x_wconf 86' lang='lat' dir='ltr'><strong>in</strong></span> <span class='ocrx_word' id='word_1_437' title='bbox 851 3868 1159 3921; x_wconf 81' lang='lat' dir='ltr'><strong>testimoniis</strong></span> <span class='ocrx_word' id='word_1_438' title='bbox 1182 3869 1283 3921; x_wconf 89' lang='lat' dir='ltr'><strong>tuis</strong></span> <span class='ocrx_word' id='word_1_439' title='bbox 1306 3870 1358 3922; x_wconf 91' lang='lat' dir='ltr'><strong>in</strong></span> <span class='ocrx_word' id='word_1_440' title='bbox 1380 3880 1653 3939; x_wconf 83' lang='lat' dir='ltr'><strong>conspectu</strong></span> <span class='ocrx_word' id='word_1_441' title='bbox 1682 3887 1879 3939; x_wconf 81' lang='lat' dir='ltr'><strong>regum,</strong></span> <span class='ocrx_word' id='word_1_442' title='bbox 1904 3882 1948 3923; x_wconf 90' lang='lat' dir='ltr'><strong>et</strong></span> <span class='ocrx_word' id='word_1_443' title='bbox 1975 3888 2077 3926; x_wconf 85' lang='lat' dir='ltr'><strong>non</strong></span> <span class='ocrx_word' id='word_1_444' title='bbox 2107 3890 2230 3926; x_wconf 86' lang='lat' dir='ltr'><strong>con-</strong></span> 
     </span>
    </p>
   </div>
   <div class='ocr_carea' id='block_1_56' title="bbox 648 3956 2226 4029">
    <p class='ocr_par' dir='ltr' id='par_1_56' title="bbox 648 3956 2226 4029">
     <span class='ocr_line' id='line_1_56' title="bbox 648 3956 2226 4029; baseline 0.004 -19"><span class='ocrx_word' id='word_1_445' title='bbox 648 3957 908 4025; x_wconf 80' lang='lat' dir='ltr'><strong>fundebar</strong></span> <span class='ocrx_word' id='word_1_446' title='bbox 952 3956 1121 4027; x_wconf 75' lang='lat' dir='ltr'><strong>(l’sal.</strong></span> <span class='ocrx_word' id='word_1_447' title='bbox 1152 3975 1339 4022; x_wconf 84' lang='lat' dir='ltr'><strong>cxvttt,</strong></span> <span class='ocrx_word' id='word_1_448' title='bbox 1368 3960 1479 4029; x_wconf 76' lang='grc'>46).</span> <span class='ocrx_word' id='word_1_449' title='bbox 1526 3961 1590 4013; x_wconf 84' lang='lat' dir='ltr'><strong>Et</strong></span> <span class='ocrx_word' id='word_1_450' title='bbox 1618 3962 1741 4016; x_wconf 85' lang='lat' dir='ltr'><strong>alibi</strong></span> <span class='ocrx_word' id='word_1_451' title='bbox 1787 3979 1799 4013; x_wconf 93' lang='lat'>:</span> <span class='ocrx_word' id='word_1_452' title='bbox 1845 3960 1953 4014; x_wconf 62' lang='lat' dir='ltr'><strong>Fili</strong></span> <span class='ocrx_word' id='word_1_453' title='bbox 1980 3963 2226 4027; x_wconf 78' lang='lat' dir='ltr'><strong>hominis,</strong></span> 
     </span>
    </p>
   </div>
   <div class='ocr_carea' id='block_1_57' title="bbox 646 4048 2229 4124">
    <p class='ocr_par' dir='ltr' id='par_1_57' title="bbox 646 4048 2229 4124">
     <span class='ocr_line' id='line_1_57' title="bbox 646 4048 2229 4124; baseline 0.005 -21"><span class='ocrx_word' id='word_1_454' title='bbox 646 4048 1019 4117; x_wconf 81' lang='lat' dir='ltr'><strong>speculatorem</strong></span> <span class='ocrx_word' id='word_1_455' title='bbox 1041 4059 1088 4102; x_wconf 87' lang='lat' dir='ltr'><strong>te</strong></span> <span class='ocrx_word' id='word_1_456' title='bbox 1112 4052 1261 4118; x_wconf 85' lang='lat' dir='ltr'><strong>posui</strong></span> <span class='ocrx_word' id='word_1_457' title='bbox 1286 4051 1463 4105; x_wconf 86' lang='lat' dir='ltr'><strong>domui</strong></span> <span class='ocrx_word' id='word_1_458' title='bbox 1488 4051 1674 4119; x_wconf 86' lang='lat' dir='ltr'><strong>Israel,</strong></span> <span class='ocrx_word' id='word_1_459' title='bbox 1698 4054 1750 4107; x_wconf 88' lang='lat' dir='ltr'><strong>in</strong></span> <span class='ocrx_word' id='word_1_460' title='bbox 1775 4070 1853 4116; x_wconf 86' lang='lat' dir='ltr'><strong>eo,</strong></span> <span class='ocrx_word' id='word_1_461' title='bbox 1881 4055 2075 4124; x_wconf 88' lang='lat' dir='ltr'><strong>ittquit,</strong></span> <span class='ocrx_word' id='word_1_462' title='bbox 2105 4067 2160 4110; x_wconf 90' lang='lat' dir='ltr'><strong>ut</strong></span> <span class='ocrx_word' id='word_1_463' title='bbox 2184 4059 2229 4111; x_wconf 90' lang='lat' dir='ltr'><strong>si</strong></span> 
     </span>
    </p>
   </div>
   <div class='ocr_carea' id='block_1_58' title="bbox 647 4142 2226 4213">
    <p class='ocr_par' dir='ltr' id='par_1_58' title="bbox 647 4142 2226 4213">
     <span class='ocr_line' id='line_1_58' title="bbox 647 4142 2226 4213; baseline 0.003 -17"><span class='ocrx_word' id='word_1_464' title='bbox 647 4150 912 4196; x_wconf 78' lang='lat' dir='ltr'><strong>avertatur</strong></span> <span class='ocrx_word' id='word_1_465' title='bbox 945 4142 1124 4209; x_wconf 83' lang='lat' dir='ltr'><strong>justus</strong></span> <span class='ocrx_word' id='word_1_466' title='bbox 1164 4160 1195 4195; x_wconf 90' lang='lat' dir='ltr'><strong>a</strong></span> <span class='ocrx_word' id='word_1_467' title='bbox 1221 4143 1445 4212; x_wconf 86' lang='lat' dir='ltr'><strong>justitiis</strong></span> <span class='ocrx_word' id='word_1_468' title='bbox 1484 4144 1615 4208; x_wconf 89' lang='lat' dir='ltr'><strong>suis,</strong></span> <span class='ocrx_word' id='word_1_469' title='bbox 1658 4155 1703 4198; x_wconf 88' lang='lat' dir='ltr'><strong>et</strong></span> <span class='ocrx_word' id='word_1_470' title='bbox 1746 4145 1923 4213; x_wconf 78' lang='lat' dir='ltr'><strong>fecerit</strong></span> <span class='ocrx_word' id='word_1_471' title='bbox 1960 4146 2226 4213; x_wconf 86' lang='lat' dir='ltr'><strong>delictum,</strong></span> 
     </span>
    </p>
   </div>
   <div class='ocr_carea' id='block_1_59' title="bbox 642 4231 2230 4305">
    <p class='ocr_par' dir='ltr' id='par_1_59' title="bbox 642 4231 2230 4305">
     <span class='ocr_line' id='line_1_59' title="bbox 642 4231 2230 4305; baseline 0.005 -23"><span class='ocrx_word' id='word_1_472' title='bbox 642 4231 768 4299; x_wconf 83' lang='lat' dir='ltr'><strong>quia</strong></span> <span class='ocrx_word' id='word_1_473' title='bbox 811 4247 912 4284; x_wconf 83' lang='lat' dir='ltr'><strong>non</strong></span> <span class='ocrx_word' id='word_1_474' title='bbox 953 4231 1237 4287; x_wconf 58' lang='lat' dir='ltr'><strong>distinatistt</strong></span> <span class='ocrx_word' id='word_1_475' title='bbox 1278 4234 1346 4297; x_wconf 87' lang='lat' dir='ltr'><strong>ei,</strong></span> <span class='ocrx_word' id='word_1_476' title='bbox 1387 4233 1482 4285; x_wconf 87' lang='lat' dir='ltr'><strong>hoc</strong></span> <span class='ocrx_word' id='word_1_477' title='bbox 1539 4243 1613 4286; x_wconf 86' lang='lat' dir='ltr'><strong>est</strong></span> <span class='ocrx_word' id='word_1_478' title='bbox 1658 4250 1761 4288; x_wconf 89' lang='lat' dir='ltr'><strong>non</strong></span> <span class='ocrx_word' id='word_1_479' title='bbox 1790 4235 1973 4289; x_wconf 69' lang='lat' dir='ltr'><strong>dixisti</strong></span> <span class='ocrx_word' id='word_1_480' title='bbox 1998 4236 2124 4305; x_wconf 87' lang='lat' dir='ltr'><strong>quid</strong></span> <span class='ocrx_word' id='word_1_481' title='bbox 2163 4238 2230 4290; x_wconf 86' lang='lat' dir='ltr'><strong>sit</strong></span> 
     </span>
    </p>
   </div>
   <div class='ocr_carea' id='block_1_60' title="bbox 644 4322 2227 4396">
    <p class='ocr_par' dir='ltr' id='par_1_60' title="bbox 644 4322 2227 4396">
     <span class='ocr_line' id='line_1_60' title="bbox 644 4322 2227 4396; baseline 0.004 -21"><span class='ocrx_word' id='word_1_482' title='bbox 644 4322 950 4386; x_wconf 72' lang='lat' dir='ltr'><strong>cavendum,</strong></span> <span class='ocrx_word' id='word_1_483' title='bbox 987 4339 1089 4375; x_wconf 87' lang='lat' dir='ltr'><strong>non</strong></span> <span class='ocrx_word' id='word_1_484' title='bbox 1129 4324 1430 4377; x_wconf 80' lang='lat' dir='ltr'><strong>retinebitur</strong></span> <span class='ocrx_word' id='word_1_485' title='bbox 1469 4326 1717 4396; x_wconf 58' lang='lat' dir='ltr'><strong>memoria</strong></span> <span class='ocrx_word' id='word_1_486' title='bbox 1749 4326 1973 4395; x_wconf 79' lang='lat' dir='ltr'><strong>justititc</strong></span> <span class='ocrx_word' id='word_1_487' title='bbox 2011 4327 2147 4396; x_wconf 85' lang='lat' dir='ltr'><strong>ejus,</strong></span> <span class='ocrx_word' id='word_1_488' title='bbox 2179 4338 2227 4382; x_wconf 84' lang='lat' dir='ltr'><strong>et</strong></span> 
     </span>
    </p>
   </div>
   <div class='ocr_carea' id='block_1_61' title="bbox 642 4412 2225 4485">
    <p class='ocr_par' dir='ltr' id='par_1_61' title="bbox 642 4412 2225 4485">
     <span class='ocr_line' id='line_1_61' title="bbox 642 4412 2225 4485; baseline 0.004 -20"><span class='ocrx_word' id='word_1_489' title='bbox 642 4412 948 4478; x_wconf 78' lang='lat' dir='ltr'><strong>sanguinem</strong></span> <span class='ocrx_word' id='word_1_490' title='bbox 974 4413 1091 4480; x_wconf 77' lang='lat' dir='ltr'><strong>ejus</strong></span> <span class='ocrx_word' id='word_1_491' title='bbox 1133 4412 1197 4465; x_wconf 85' lang='lat' dir='ltr'><strong>de</strong></span> <span class='ocrx_word' id='word_1_492' title='bbox 1227 4430 1382 4467; x_wconf 89' lang='lat' dir='ltr'><strong>manu</strong></span> <span class='ocrx_word' id='word_1_493' title='bbox 1415 4423 1504 4467; x_wconf 88' lang='lat' dir='ltr'><strong>tua</strong></span> <span class='ocrx_word' id='word_1_494' title='bbox 1538 4417 1829 4485; x_wconf 77' lang='lat' dir='ltr'><strong>exquiram.</strong></span> <span class='ocrx_word' id='word_1_495' title='bbox 1879 4416 1956 4469; x_wconf 87' lang='lat' dir='ltr'><strong>Tu</strong></span> <span class='ocrx_word' id='word_1_496' title='bbox 1980 4427 2152 4471; x_wconf 83' lang='lat' dir='ltr'><strong>autent</strong></span> <span class='ocrx_word' id='word_1_497' title='bbox 2180 4419 2225 4471; x_wconf 91' lang='lat' dir='ltr'><strong>si</strong></span> 
     </span>
    </p>
   </div>
   <div class='ocr_carea' id='block_1_62' title="bbox 643 4500 2221 4574">
    <p class='ocr_par' dir='ltr' id='par_1_62' title="bbox 643 4500 2221 4574">
     <span class='ocr_line' id='line_1_62' title="bbox 643 4500 2221 4574; baseline 0.004 -22"><span class='ocrx_word' id='word_1_498' title='bbox 643 4500 943 4554; x_wconf 78' lang='lat' dir='ltr'><strong>distinxeris</strong></span> <span class='ocrx_word' id='word_1_499' title='bbox 963 4501 1111 4569; x_wconf 87' lang='lat' dir='ltr'><strong>justo</strong></span> <span class='ocrx_word' id='word_1_500' title='bbox 1138 4512 1191 4554; x_wconf 87' lang='lat' dir='ltr'><strong>ut</strong></span> <span class='ocrx_word' id='word_1_501' title='bbox 1218 4519 1320 4555; x_wconf 88' lang='lat' dir='ltr'><strong>non</strong></span> <span class='ocrx_word' id='word_1_502' title='bbox 1353 4513 1542 4568; x_wconf 76' lang='lat' dir='ltr'><strong>peccet,</strong></span> <span class='ocrx_word' id='word_1_503' title='bbox 1576 4514 1621 4557; x_wconf 87' lang='lat' dir='ltr'><strong>et</strong></span> <span class='ocrx_word' id='word_1_504' title='bbox 1655 4504 1761 4573; x_wconf 85' lang='lat' dir='ltr'><strong>ipse</strong></span> <span class='ocrx_word' id='word_1_505' title='bbox 1787 4522 1888 4558; x_wconf 86' lang='lat' dir='ltr'><strong>non</strong></span> <span class='ocrx_word' id='word_1_506' title='bbox 1918 4510 2221 4574; x_wconf 77' lang='lat' dir='ltr'><strong>peccaverit,</strong></span> 
     </span>
    </p>
   </div>
   <div class='ocr_carea' id='block_1_63' title="bbox 638 4588 2220 4658">
    <p class='ocr_par' dir='ltr' id='par_1_63' title="bbox 638 4588 2220 4658">
     <span class='ocr_line' id='line_1_63' title="bbox 638 4588 2220 4658; baseline 0.004 -17"><span class='ocrx_word' id='word_1_507' title='bbox 638 4588 815 4658; x_wconf 82' lang='lat' dir='ltr'><strong>justus</strong></span> <span class='ocrx_word' id='word_1_508' title='bbox 854 4591 955 4642; x_wconf 80' lang='lat' dir='ltr'><strong>vita</strong></span> <span class='ocrx_word' id='word_1_509' title='bbox 984 4592 1107 4643; x_wconf 77' lang='lat' dir='ltr'><strong>riret</strong></span> <span class='ocrx_word' id='word_1_510' title='bbox 1128 4631 1140 4651; x_wconf 88' lang='lat'><strong>,</strong></span> <span class='ocrx_word' id='word_1_511' title='bbox 1179 4594 1300 4656; x_wconf 85' lang='lat' dir='ltr'><strong>quia</strong></span> <span class='ocrx_word' id='word_1_512' title='bbox 1332 4594 1511 4645; x_wconf 70' lang='lat' dir='ltr'><strong>dixisti</strong></span> <span class='ocrx_word' id='word_1_513' title='bbox 1546 4595 1616 4654; x_wconf 88' lang='lat' dir='ltr'><strong>ei,</strong></span> <span class='ocrx_word' id='word_1_514' title='bbox 1653 4606 1699 4647; x_wconf 89' lang='lat' dir='ltr'><strong>et</strong></span> <span class='ocrx_word' id='word_1_515' title='bbox 1727 4605 1782 4647; x_wconf 89' lang='lat' dir='ltr'><strong>tu</strong></span> <span class='ocrx_word' id='word_1_516' title='bbox 1814 4597 2220 4657; x_wconf 64' lang='lat' dir='ltr'><strong>(tttittttttttJtt&#39;ttﬂ</strong></span> 
     </span>
    </p>
   </div>
   <div class='ocr_carea' id='block_1_64' title="bbox 642 4677 2222 4755">
    <p class='ocr_par' dir='ltr' id='par_1_64' title="bbox 642 4677 2222 4755">
     <span class='ocr_line' id='line_1_64' title="bbox 642 4677 2222 4755; baseline 0.006 -26"><span class='ocrx_word' id='word_1_517' title='bbox 642 4677 885 4731; x_wconf 85' lang='lat' dir='ltr'><strong>liberabis</strong></span> <span class='ocrx_word' id='word_1_518' title='bbox 917 4678 1135 4747; x_wconf 66' lang='grc' dir='ltr'><strong>(Εἶτα-ἠ.</strong></span> <span class='ocrx_word' id='word_1_519' title='bbox 1162 4697 1242 4746; x_wconf 83' lang='grc' dir='ltr'><strong>ιιι,</strong></span> <span class='ocrx_word' id='word_1_520' title='bbox 1276 4683 1475 4753; x_wconf 87' lang='lat' dir='ltr'><strong>l7-t9).</strong></span> <span class='ocrx_word' id='word_1_521' title='bbox 1525 4684 1662 4737; x_wconf 80' lang='lat' dir='ltr'><strong>Malo</strong></span> <span class='ocrx_word' id='word_1_522' title='bbox 1697 4686 1879 4755; x_wconf 78' lang='lat' dir='ltr'><strong>igitur,</strong></span> <span class='ocrx_word' id='word_1_523' title='bbox 1908 4687 2222 4755; x_wconf 82' lang='lat' dir='ltr'><strong>imperator,</strong></span> 
     </span>
    </p>
   </div>
   <div class='ocr_carea' id='block_1_65' title="bbox 645 4767 2223 4844">
    <p class='ocr_par' dir='ltr' id='par_1_65' title="bbox 645 4767 2223 4844">
     <span class='ocr_line' id='line_1_65' title="bbox 645 4767 2223 4844; baseline 0.007 -24"><span class='ocrx_word' id='word_1_524' title='bbox 645 4767 909 4822; x_wconf 86' lang='lat' dir='ltr'><strong>honorum</strong></span> <span class='ocrx_word' id='word_1_525' title='bbox 949 4770 1079 4824; x_wconf 84' lang='lat' dir='ltr'><strong>mihi</strong></span> <span class='ocrx_word' id='word_1_526' title='bbox 1114 4786 1236 4826; x_wconf 82' lang='lat' dir='ltr'><strong>esse</strong></span> <span class='ocrx_word' id='word_1_527' title='bbox 1274 4781 1445 4827; x_wconf 84' lang='lat' dir='ltr'><strong>tecum</strong></span> <span class='ocrx_word' id='word_1_528' title='bbox 1494 4790 1655 4844; x_wconf 90' lang='lat' dir='ltr'><strong>quam</strong></span> <span class='ocrx_word' id='word_1_529' title='bbox 1696 4777 1959 4830; x_wconf 89' lang='lat' dir='ltr'><strong>malorum</strong></span> <span class='ocrx_word' id='word_1_530' title='bbox 2000 4794 2223 4832; x_wconf 86' lang='lat' dir='ltr'><strong>consor-</strong></span> 
     </span>
    </p>
   </div>
   <div class='ocr_carea' id='block_1_66' title="bbox 644 4857 2218 4937">
    <p class='ocr_par' dir='ltr' id='par_1_66' title="bbox 644 4857 2218 4937">
     <span class='ocr_line' id='line_1_66' title="bbox 644 4857 2218 4937; baseline 0.01 -27"><span class='ocrx_word' id='word_1_531' title='bbox 644 4857 780 4911; x_wconf 89' lang='lat' dir='ltr'><strong>tium</strong></span> <span class='ocrx_word' id='word_1_532' title='bbox 815 4873 829 4912; x_wconf 90' lang='lat'><strong>:</strong></span> <span class='ocrx_word' id='word_1_533' title='bbox 879 4869 936 4914; x_wconf 92' lang='lat' dir='ltr'><strong>et</strong></span> <span class='ocrx_word' id='word_1_534' title='bbox 967 4862 1089 4917; x_wconf 89' lang='lat' dir='ltr'><strong>ideo</strong></span> <span class='ocrx_word' id='word_1_535' title='bbox 1127 4862 1425 4918; x_wconf 75' lang='lat' dir='ltr'><strong>clementia:</strong></span> <span class='ocrx_word' id='word_1_536' title='bbox 1461 4872 1566 4920; x_wconf 74' lang='lat' dir='ltr'><strong>tua:</strong></span> <span class='ocrx_word' id='word_1_537' title='bbox 1605 4867 1893 4937; x_wconf 89' lang='lat' dir='ltr'><strong>displicere</strong></span> <span class='ocrx_word' id='word_1_538' title='bbox 1926 4870 2089 4924; x_wconf 89' lang='lat' dir='ltr'><strong>debet</strong></span> <span class='ocrx_word' id='word_1_539' title='bbox 2127 4886 2218 4924; x_wconf 87' lang='lat' dir='ltr'><strong>sa-</strong></span> 
     </span>
    </p>
   </div>
   <div class='ocr_carea' id='block_1_67' title="bbox 643 4948 2218 5027">
    <p class='ocr_par' dir='ltr' id='par_1_67' title="bbox 643 4948 2218 5027">
     <span class='ocr_line' id='line_1_67' title="bbox 643 4948 2218 5027; baseline 0.008 -26"><span class='ocrx_word' id='word_1_540' title='bbox 643 4948 885 5005; x_wconf 89' lang='lat' dir='ltr'><strong>cerdotis</strong></span> <span class='ocrx_word' id='word_1_541' title='bbox 920 4950 1226 5017; x_wconf 89' lang='lat' dir='ltr'><strong>silentium,</strong></span> <span class='ocrx_word' id='word_1_542' title='bbox 1268 4954 1489 5010; x_wconf 89' lang='lat' dir='ltr'><strong>libertas</strong></span> <span class='ocrx_word' id='word_1_543' title='bbox 1533 4956 1769 5027; x_wconf 83' lang='lat' dir='ltr'><strong>placere.</strong></span> <span class='ocrx_word' id='word_1_544' title='bbox 1827 4958 1961 5012; x_wconf 88' lang='lat' dir='ltr'><strong>Nam</strong></span> <span class='ocrx_word' id='word_1_545' title='bbox 2017 4959 2218 5014; x_wconf 85' lang='lat' dir='ltr'><strong>silentii</strong></span> 
     </span>
    </p>
   </div>
   <div class='ocr_carea' id='block_1_68' title="bbox 646 5038 2219 5118">
    <p class='ocr_par' dir='ltr' id='par_1_68' title="bbox 646 5038 2219 5118">
     <span class='ocr_line' id='line_1_68' title="bbox 646 5038 2219 5118; baseline 0.01 -27"><span class='ocrx_word' id='word_1_546' title='bbox 646 5038 753 5091; x_wconf 88' lang='lat' dir='ltr'><strong>tuci</strong></span> <span class='ocrx_word' id='word_1_547' title='bbox 781 5040 1020 5117; x_wconf 79' lang='lat' dir='ltr'><strong>periculo</strong></span> <span class='ocrx_word' id='word_1_548' title='bbox 1043 5043 1351 5110; x_wconf 84' lang='lat' dir='ltr'><strong>ittvolveris,</strong></span> <span class='ocrx_word' id='word_1_549' title='bbox 1385 5044 1653 5103; x_wconf 87' lang='lat' dir='ltr'><strong>libertatis</strong></span> <span class='ocrx_word' id='word_1_550' title='bbox 1684 5049 1822 5104; x_wconf 90' lang='lat' dir='ltr'><strong>bono</strong></span> <span class='ocrx_word' id='word_1_551' title='bbox 1841 5047 2071 5118; x_wconf 84' lang='lat' dir='ltr'><strong>juvaris.</strong></span> <span class='ocrx_word' id='word_1_552' title='bbox 2102 5051 2219 5106; x_wconf 85' lang='lat' dir='ltr'><strong>Non</strong></span> 
     </span>
    </p>
   </div>
   <div class='ocr_carea' id='block_1_69' title="bbox 647 5130 2220 5204">
    <p class='ocr_par' dir='ltr' id='par_1_69' title="bbox 647 5130 2220 5204">
     <span class='ocr_line' id='line_1_69' title="bbox 647 5130 2220 5204; baseline 0.01 -23"><span class='ocrx_word' id='word_1_553' title='bbox 647 5143 776 5198; x_wconf 76' lang='lat' dir='ltr'><strong>ergo</strong></span> <span class='ocrx_word' id='word_1_554' title='bbox 804 5130 1138 5200; x_wconf 90' lang='lat' dir='ltr'><strong>importunus</strong></span> <span class='ocrx_word' id='word_1_555' title='bbox 1171 5135 1425 5190; x_wconf 89' lang='lat' dir='ltr'><strong>indebitis</strong></span> <span class='ocrx_word' id='word_1_556' title='bbox 1454 5153 1539 5192; x_wconf 90' lang='lat' dir='ltr'><strong>me</strong></span> <span class='ocrx_word' id='word_1_557' title='bbox 1582 5138 1883 5204; x_wconf 88' lang='lat' dir='ltr'><strong>itttersero,</strong></span> <span class='ocrx_word' id='word_1_558' title='bbox 1918 5140 2109 5195; x_wconf 88' lang='lat' dir='ltr'><strong>alienis</strong></span> <span class='ocrx_word' id='word_1_559' title='bbox 2138 5142 2220 5195; x_wconf 89' lang='lat' dir='ltr'><strong>in-</strong></span> 
     </span>
    </p>
   </div>
   <div class='ocr_carea' id='block_1_70' title="bbox 648 5224 2217 5297">
    <p class='ocr_par' dir='ltr' id='par_1_70' title="bbox 648 5224 2217 5297">
     <span class='ocr_line' id='line_1_70' title="bbox 648 5224 2217 5297; baseline 0.009 -23"><span class='ocrx_word' id='word_1_560' title='bbox 648 5235 819 5291; x_wconf 76' lang='lat' dir='ltr'><strong>gere:</strong></span> <span class='ocrx_word' id='word_1_561' title='bbox 857 5224 948 5277; x_wconf 87' lang='lat' dir='ltr'><strong>sed</strong></span> <span class='ocrx_word' id='word_1_562' title='bbox 982 5224 1176 5280; x_wconf 89' lang='lat' dir='ltr'><strong>debitis</strong></span> <span class='ocrx_word' id='word_1_563' title='bbox 1214 5227 1561 5297; x_wconf 88' lang='lat' dir='ltr'><strong>obtempero,</strong></span> <span class='ocrx_word' id='word_1_564' title='bbox 1599 5231 1869 5286; x_wconf 87' lang='lat' dir='ltr'><strong>mandatis</strong></span> <span class='ocrx_word' id='word_1_565' title='bbox 1910 5232 2001 5286; x_wconf 86' lang='lat' dir='ltr'><strong>Dei</strong></span> <span class='ocrx_word' id='word_1_566' title='bbox 2048 5234 2217 5288; x_wconf 89' lang='lat' dir='ltr'><strong>nostri</strong></span> 
     </span>
    </p>
   </div>
   <div class='ocr_carea' id='block_1_71' title="bbox 640 5312 2216 5392">
    <p class='ocr_par' dir='ltr' id='par_1_71' title="bbox 640 5312 2216 5392">
     <span class='ocr_line' id='line_1_71' title="bbox 640 5312 2216 5392; baseline 0.008 -26"><span class='ocrx_word' id='word_1_567' title='bbox 640 5312 858 5366; x_wconf 87' lang='lat' dir='ltr'><strong>obedio.</strong></span> <span class='ocrx_word' id='word_1_568' title='bbox 902 5312 1053 5379; x_wconf 85' lang='lat' dir='ltr'><strong>Quod</strong></span> <span class='ocrx_word' id='word_1_569' title='bbox 1089 5315 1231 5371; x_wconf 82' lang='lat' dir='ltr'><strong>facio</strong></span> <span class='ocrx_word' id='word_1_570' title='bbox 1269 5318 1501 5387; x_wconf 87' lang='lat' dir='ltr'><strong>prittttttn</strong></span> <span class='ocrx_word' id='word_1_571' title='bbox 1537 5322 1610 5373; x_wconf 90' lang='lat' dir='ltr'><strong>tni</strong></span> <span class='ocrx_word' id='word_1_572' title='bbox 1644 5337 1864 5386; x_wconf 88' lang='lat' dir='ltr'><strong>amore,</strong></span> <span class='ocrx_word' id='word_1_573' title='bbox 1898 5327 1974 5376; x_wconf 88' lang='lat' dir='ltr'><strong>tui</strong></span> <span class='ocrx_word' id='word_1_574' title='bbox 2005 5324 2177 5392; x_wconf 78' lang='lat' dir='ltr'><strong>gratia</strong></span> <span class='ocrx_word' id='word_1_575' title='bbox 2200 5365 2216 5389; x_wconf 94' lang='lat'><strong>,</strong></span> 
     </span>
    </p>
   </div>
   <div class='ocr_carea' id='block_1_72' title="bbox 650 5409 2217 5473">
    <p class='ocr_par' dir='ltr' id='par_1_72' title="bbox 650 5409 2217 5473">
     <span class='ocr_line' id='line_1_72' title="bbox 650 5409 2217 5473; baseline 0.007 -11"><span class='ocrx_word' id='word_1_576' title='bbox 650 5412 758 5463; x_wconf 72' lang='lat' dir='ltr'><strong>tua:</strong></span> <span class='ocrx_word' id='word_1_577' title='bbox 786 5409 966 5461; x_wconf 88' lang='lat' dir='ltr'><strong>studio</strong></span> <span class='ocrx_word' id='word_1_578' title='bbox 995 5413 1377 5465; x_wconf 71' lang='lat' dir='ltr'><strong>conservandae</strong></span> <span class='ocrx_word' id='word_1_579' title='bbox 1405 5413 1597 5467; x_wconf 88' lang='lat' dir='ltr'><strong>salutis</strong></span> <span class='ocrx_word' id='word_1_580' title='bbox 1626 5433 1637 5466; x_wconf 89' lang='lat'><strong>:</strong></span> <span class='ocrx_word' id='word_1_581' title='bbox 1672 5417 1714 5469; x_wconf 91' lang='lat' dir='ltr'><strong>si</strong></span> <span class='ocrx_word' id='word_1_582' title='bbox 1750 5417 1799 5469; x_wconf 93' lang='lat' dir='ltr'><strong>id</strong></span> <span class='ocrx_word' id='word_1_583' title='bbox 1834 5417 1967 5471; x_wconf 89' lang='lat' dir='ltr'><strong>ntilti</strong></span> <span class='ocrx_word' id='word_1_584' title='bbox 2001 5419 2081 5472; x_wconf 91' lang='lat' dir='ltr'><strong>vel</strong></span> <span class='ocrx_word' id='word_1_585' title='bbox 2112 5436 2217 5473; x_wconf 90' lang='lat' dir='ltr'><strong>non</strong></span> 
     </span>
    </p>
   </div>
   <div class='ocr_carea' id='block_1_73' title="bbox 639 5501 2220 5569">
    <p class='ocr_par' dir='ltr' id='par_1_73' title="bbox 639 5501 2220 5569">
     <span class='ocr_line' id='line_1_73' title="bbox 639 5501 2220 5569; baseline 0.009 -15"><span class='ocrx_word' id='word_1_586' title='bbox 639 5501 898 5564; x_wconf 88' lang='lat' dir='ltr'><strong>creditur,</strong></span> <span class='ocrx_word' id='word_1_587' title='bbox 928 5503 1011 5556; x_wconf 88' lang='lat' dir='ltr'><strong>vel</strong></span> <span class='ocrx_word' id='word_1_588' title='bbox 1043 5504 1406 5569; x_wconf 89' lang='lat' dir='ltr'><strong>interdicitur,</strong></span> <span class='ocrx_word' id='word_1_589' title='bbox 1449 5508 1570 5561; x_wconf 90' lang='lat' dir='ltr'><strong>dico</strong></span> <span class='ocrx_word' id='word_1_590' title='bbox 1609 5525 1742 5565; x_wconf 86' lang='lat' dir='ltr'><strong>sane</strong></span> <span class='ocrx_word' id='word_1_591' title='bbox 1776 5512 1970 5565; x_wconf 65' lang='lat' dir='ltr'><strong>divinae</strong></span> <span class='ocrx_word' id='word_1_592' title='bbox 1999 5512 2220 5569; x_wconf 77' lang='lat' dir='ltr'><strong>olleusa:</strong></span> 
     </span>
    </p>
   </div>
   <div class='ocr_carea' id='block_1_74' title="bbox 650 5589 2215 5669">
    <p class='ocr_par' dir='ltr' id='par_1_74' title="bbox 650 5589 2215 5669">
     <span class='ocr_line' id='line_1_74' title="bbox 650 5589 2215 5669; baseline 0.008 -26"><span class='ocrx_word' id='word_1_593' title='bbox 650 5598 818 5643; x_wconf 86' lang='lat' dir='ltr'><strong>metu.</strong></span> <span class='ocrx_word' id='word_1_594' title='bbox 855 5589 987 5643; x_wconf 69' lang='lat' dir='ltr'><strong>Nam</strong></span> <span class='ocrx_word' id='word_1_595' title='bbox 1016 5593 1058 5645; x_wconf 88' lang='lat' dir='ltr'><strong>si</strong></span> <span class='ocrx_word' id='word_1_596' title='bbox 1092 5608 1270 5648; x_wconf 90' lang='lat' dir='ltr'><strong>meum</strong></span> <span class='ocrx_word' id='word_1_597' title='bbox 1298 5596 1593 5665; x_wconf 88' lang='lat' dir='ltr'><strong>periculunt</strong></span> <span class='ocrx_word' id='word_1_598' title='bbox 1630 5606 1681 5652; x_wconf 88' lang='lat' dir='ltr'><strong>te</strong></span> <span class='ocrx_word' id='word_1_599' title='bbox 1719 5609 1971 5664; x_wconf 76' lang='lat' dir='ltr'><strong>exueret,</strong></span> <span class='ocrx_word' id='word_1_600' title='bbox 2003 5602 2215 5669; x_wconf 87' lang='lat' dir='ltr'><strong>patien-</strong></span> 
     </span>
    </p>
   </div>
   <div class='ocr_carea' id='block_1_75' title="bbox 645 5681 2213 5750">
    <p class='ocr_par' dir='ltr' id='par_1_75' title="bbox 645 5681 2213 5750">
     <span class='ocr_line' id='line_1_75' title="bbox 645 5681 2213 5750; baseline 0.01 -21"><span class='ocrx_word' id='word_1_601' title='bbox 645 5686 724 5730; x_wconf 85' lang='lat' dir='ltr'><strong>ter</strong></span> <span class='ocrx_word' id='word_1_602' title='bbox 753 5692 839 5731; x_wconf 87' lang='lat' dir='ltr'><strong>me</strong></span> <span class='ocrx_word' id='word_1_603' title='bbox 868 5694 966 5749; x_wconf 89' lang='lat' dir='ltr'><strong>pro</strong></span> <span class='ocrx_word' id='word_1_604' title='bbox 994 5689 1044 5735; x_wconf 90' lang='lat' dir='ltr'><strong>te</strong></span> <span class='ocrx_word' id='word_1_605' title='bbox 1076 5681 1345 5750; x_wconf 82' lang='lat' dir='ltr'><strong>ollerrcm,</strong></span> <span class='ocrx_word' id='word_1_606' title='bbox 1371 5685 1463 5740; x_wconf 90' lang='lat' dir='ltr'><strong>sed</strong></span> <span class='ocrx_word' id='word_1_607' title='bbox 1494 5702 1598 5741; x_wconf 87' lang='lat' dir='ltr'><strong>non</strong></span> <span class='ocrx_word' id='word_1_608' title='bbox 1626 5687 1871 5743; x_wconf 86' lang='lat' dir='ltr'><strong>libenter.</strong></span> <span class='ocrx_word' id='word_1_609' title='bbox 1907 5689 2046 5745; x_wconf 82' lang='lat' dir='ltr'><strong>Malo</strong></span> <span class='ocrx_word' id='word_1_610' title='bbox 2071 5690 2213 5746; x_wconf 87' lang='lat' dir='ltr'><strong>enim</strong></span> 
     </span>
    </p>
   </div>
   <div class='ocr_carea' id='block_1_76' title="bbox 2329 1873 3811 1953">
    <p class='ocr_par' dir='ltr' id='par_1_76' title="bbox 2329 1873 3811 1953">
     <span class='ocr_line' id='line_1_76' title="bbox 2329 1873 3811 1953; baseline 0.006 -31"><span class='ocrx_word' id='word_1_611' title='bbox 2329 1873 2393 1925; x_wconf 87' lang='lat' dir='ltr'><strong>tis</strong></span> <span class='ocrx_word' id='word_1_612' title='bbox 2411 1883 2529 1926; x_wconf 87' lang='lat' dir='ltr'><strong>ante</strong></span> <span class='ocrx_word' id='word_1_613' title='bbox 2544 1889 2683 1942; x_wconf 84' lang='lat' dir='ltr'><strong>rcges</strong></span> <span class='ocrx_word' id='word_1_614' title='bbox 2698 1883 2743 1927; x_wconf 87' lang='lat' dir='ltr'><strong>et</strong></span> <span class='ocrx_word' id='word_1_615' title='bbox 2769 1874 3039 1943; x_wconf 65' lang='lat' dir='ltr'><strong>pra’sidcs,</strong></span> <span class='ocrx_word' id='word_1_616' title='bbox 3056 1876 3216 1931; x_wconf 78' lang='lat' dir='ltr'><strong>nolite</strong></span> <span class='ocrx_word' id='word_1_617' title='bbox 3229 1877 3451 1945; x_wconf 83' lang='lat' dir='ltr'><strong>cogitare</strong></span> <span class='ocrx_word' id='word_1_618' title='bbox 3462 1876 3575 1953; x_wconf 85' lang='lat' dir='ltr'><strong>quid</strong></span> <span class='ocrx_word' id='word_1_619' title='bbox 3587 1876 3811 1945; x_wconf 69' lang='lat' dir='ltr'><strong>loquamini.</strong></span> 
     </span>
    </p>
   </div>
   <div class='ocr_carea' id='block_1_77' title="bbox 2332 1963 3813 2036">
    <p class='ocr_par' dir='ltr' id='par_1_77' title="bbox 2332 1963 3813 2036">
     <span class='ocr_line' id='line_1_77' title="bbox 2332 1963 3813 2036; baseline -0.001 -15"><span class='ocrx_word' id='word_1_620' title='bbox 2332 1963 2455 2021; x_wconf 88' lang='lat' dir='ltr'><strong>Non</strong></span> <span class='ocrx_word' id='word_1_621' title='bbox 2489 1966 2625 2018; x_wconf 87' lang='lat' dir='ltr'><strong>enim</strong></span> <span class='ocrx_word' id='word_1_622' title='bbox 2662 1981 2747 2018; x_wconf 74' lang='lat' dir='ltr'><strong>vos</strong></span> <span class='ocrx_word' id='word_1_623' title='bbox 2780 1966 2903 2017; x_wconf 82' lang='lat' dir='ltr'><strong>estis</strong></span> <span class='ocrx_word' id='word_1_624' title='bbox 2936 1966 3027 2035; x_wconf 87' lang='lat' dir='ltr'><strong>qui</strong></span> <span class='ocrx_word' id='word_1_625' title='bbox 3052 1965 3358 2035; x_wconf 82' lang='lat' dir='ltr'><strong>loquimini,</strong></span> <span class='ocrx_word' id='word_1_626' title='bbox 3388 1968 3472 2019; x_wconf 85' lang='lat' dir='ltr'><strong>sed</strong></span> <span class='ocrx_word' id='word_1_627' title='bbox 3492 1967 3672 2036; x_wconf 71' lang='lat' dir='ltr'><strong>spiritus</strong></span> <span class='ocrx_word' id='word_1_628' title='bbox 3693 1964 3813 2020; x_wconf 70' lang='lat' dir='ltr'><strong>Patris</strong></span> 
     </span>
    </p>
   </div>
   <div class='ocr_carea' id='block_1_78' title="bbox 2330 2056 3810 2127">
    <p class='ocr_par' dir='ltr' id='par_1_78' title="bbox 2330 2056 3810 2127">
     <span class='ocr_line' id='line_1_78' title="bbox 2330 2056 3810 2127; baseline -0.001 -17"><span class='ocrx_word' id='word_1_629' title='bbox 2330 2058 2483 2111; x_wconf 81' lang='lat' dir='ltr'><strong>vestri</strong></span> <span class='ocrx_word' id='word_1_630' title='bbox 2504 2058 2595 2127; x_wconf 86' lang='lat' dir='ltr'><strong>qui</strong></span> <span class='ocrx_word' id='word_1_631' title='bbox 2611 2056 2838 2126; x_wconf 88' lang='lat' dir='ltr'><strong>loquitur</strong></span> <span class='ocrx_word' id='word_1_632' title='bbox 2852 2058 2905 2110; x_wconf 86' lang='lat' dir='ltr'><strong>in</strong></span> <span class='ocrx_word' id='word_1_633' title='bbox 2922 2057 3063 2111; x_wconf 82' lang='lat' dir='ltr'><strong>vobis</strong></span> <span class='ocrx_word' id='word_1_634' title='bbox 3088 2056 3302 2127; x_wconf 83' lang='lat' dir='ltr'><strong>(Matth.</strong></span> <span class='ocrx_word' id='word_1_635' title='bbox 3320 2058 3494 2126; x_wconf 72' lang='lat' dir='ltr'><strong>x,19).</strong></span> <span class='ocrx_word' id='word_1_636' title='bbox 3522 2059 3578 2111; x_wconf 83' lang='lat' dir='ltr'><strong>Et</strong></span> <span class='ocrx_word' id='word_1_637' title='bbox 3591 2067 3726 2109; x_wconf 71' lang='lat' dir='ltr'><strong>ltttltt‘ll</strong></span> <span class='ocrx_word' id='word_1_638' title='bbox 3739 2058 3810 2109; x_wconf 83' lang='lat' dir='ltr'><strong>siin</strong></span> 
     </span>
    </p>
   </div>
   <div class='ocr_carea' id='block_1_79' title="bbox 2332 2146 3812 2216">
    <p class='ocr_par' dir='ltr' id='par_1_79' title="bbox 2332 2146 3812 2216">
     <span class='ocr_line' id='line_1_79' title="bbox 2332 2146 3812 2216; baseline -0.002 -14"><span class='ocrx_word' id='word_1_639' title='bbox 2332 2146 2511 2202; x_wconf 90' lang='lat' dir='ltr'><strong>causis</strong></span> <span class='ocrx_word' id='word_1_640' title='bbox 2538 2146 2845 2216; x_wconf 85' lang='lat' dir='ltr'><strong>reipublicae</strong></span> <span class='ocrx_word' id='word_1_641' title='bbox 2872 2146 3082 2216; x_wconf 87' lang='lat' dir='ltr'><strong>loquar,</strong></span> <span class='ocrx_word' id='word_1_642' title='bbox 3109 2148 3358 2216; x_wconf 91' lang='lat' dir='ltr'><strong>quamvis</strong></span> <span class='ocrx_word' id='word_1_643' title='bbox 3386 2148 3540 2203; x_wconf 85' lang='lat' dir='ltr'><strong>etiam</strong></span> <span class='ocrx_word' id='word_1_644' title='bbox 3566 2147 3654 2200; x_wconf 88' lang='lat' dir='ltr'><strong>illic</strong></span> <span class='ocrx_word' id='word_1_645' title='bbox 3669 2146 3812 2212; x_wconf 73' lang='lat' dir='ltr'><strong>justiti:</strong></span> 
     </span>
    </p>
   </div>
   <div class='ocr_carea' id='block_1_80' title="bbox 2331 2239 3812 2310">
    <p class='ocr_par' dir='ltr' id='par_1_80' title="bbox 2331 2239 3812 2310">
     <span class='ocr_line' id='line_1_80' title="bbox 2331 2239 3812 2310; baseline -0.002 -18"><span class='ocrx_word' id='word_1_646' title='bbox 2331 2239 2597 2292; x_wconf 85' lang='lat' dir='ltr'><strong>servanda</strong></span> <span class='ocrx_word' id='word_1_647' title='bbox 2639 2239 2729 2301; x_wconf 87' lang='lat' dir='ltr'><strong>sit,</strong></span> <span class='ocrx_word' id='word_1_648' title='bbox 2764 2254 2870 2293; x_wconf 91' lang='lat' dir='ltr'><strong>non</strong></span> <span class='ocrx_word' id='word_1_649' title='bbox 2911 2246 3060 2294; x_wconf 89' lang='lat' dir='ltr'><strong>tanto</strong></span> <span class='ocrx_word' id='word_1_650' title='bbox 3103 2240 3376 2310; x_wconf 75' lang='lat' dir='ltr'><strong>astringor</strong></span> <span class='ocrx_word' id='word_1_651' title='bbox 3405 2250 3560 2305; x_wconf 90' lang='lat' dir='ltr'><strong>metu,</strong></span> <span class='ocrx_word' id='word_1_652' title='bbox 3588 2241 3625 2293; x_wconf 89' lang='lat' dir='ltr'><strong>si</strong></span> <span class='ocrx_word' id='word_1_653' title='bbox 3650 2256 3728 2292; x_wconf 83' lang='lat' dir='ltr'><strong>non</strong></span> <span class='ocrx_word' id='word_1_654' title='bbox 3750 2254 3812 2290; x_wconf 81' lang='lat' dir='ltr'><strong>att-</strong></span> 
     </span>
    </p>
   </div>
   <div class='ocr_carea' id='block_1_81' title="bbox 2331 2328 3811 2401">
    <p class='ocr_par' dir='ltr' id='par_1_81' title="bbox 2331 2328 3811 2401">
     <span class='ocr_line' id='line_1_81' title="bbox 2331 2328 3811 2401; baseline 0.001 -20"><span class='ocrx_word' id='word_1_655' title='bbox 2331 2328 2465 2381; x_wconf 88' lang='lat' dir='ltr'><strong>diar.</strong></span> <span class='ocrx_word' id='word_1_656' title='bbox 2497 2329 2553 2383; x_wconf 90' lang='lat' dir='ltr'><strong>ltt</strong></span> <span class='ocrx_word' id='word_1_657' title='bbox 2583 2345 2744 2384; x_wconf 91' lang='lat' dir='ltr'><strong>causa</strong></span> <span class='ocrx_word' id='word_1_658' title='bbox 2774 2344 2904 2385; x_wconf 91' lang='lat' dir='ltr'><strong>vero</strong></span> <span class='ocrx_word' id='word_1_659' title='bbox 2931 2331 3046 2393; x_wconf 89' lang='lat' dir='ltr'><strong>Dei,</strong></span> <span class='ocrx_word' id='word_1_660' title='bbox 3078 2346 3243 2401; x_wconf 90' lang='lat' dir='ltr'><strong>quem</strong></span> <span class='ocrx_word' id='word_1_661' title='bbox 3272 2333 3475 2394; x_wconf 89' lang='lat' dir='ltr'><strong>audies,</strong></span> <span class='ocrx_word' id='word_1_662' title='bbox 3502 2331 3542 2385; x_wconf 90' lang='lat' dir='ltr'><strong>si</strong></span> <span class='ocrx_word' id='word_1_663' title='bbox 3564 2331 3811 2384; x_wconf 69' lang='lat' dir='ltr'><strong>sacerdotem</strong></span> 
     </span>
    </p>
   </div>
   <div class='ocr_carea' id='block_1_82' title="bbox 2331 2418 3813 2503">
    <p class='ocr_par' dir='ltr' id='par_1_82' title="bbox 2331 2418 3813 2503">
     <span class='ocr_line' id='line_1_82' title="bbox 2331 2418 3813 2503; baseline -0.001 -31"><span class='ocrx_word' id='word_1_664' title='bbox 2331 2434 2439 2472; x_wconf 87' lang='lat' dir='ltr'><strong>non</strong></span> <span class='ocrx_word' id='word_1_665' title='bbox 2469 2420 2657 2476; x_wconf 88' lang='lat' dir='ltr'><strong>audies</strong></span> <span class='ocrx_word' id='word_1_666' title='bbox 2679 2460 2694 2485; x_wconf 92' lang='lat'><strong>,</strong></span> <span class='ocrx_word' id='word_1_667' title='bbox 2746 2418 2900 2487; x_wconf 87' lang='lat' dir='ltr'><strong>cujus</strong></span> <span class='ocrx_word' id='word_1_668' title='bbox 2934 2422 3138 2491; x_wconf 86' lang='lat' dir='ltr'><strong>majore</strong></span> <span class='ocrx_word' id='word_1_669' title='bbox 3174 2432 3429 2491; x_wconf 86' lang='lat' dir='ltr'><strong>peccatur</strong></span> <span class='ocrx_word' id='word_1_670' title='bbox 3463 2420 3695 2503; x_wconf 74' lang='lat' dir='ltr'><strong>periculo?</strong></span> <span class='ocrx_word' id='word_1_671' title='bbox 3725 2418 3813 2484; x_wconf 75' lang='lat' dir='ltr'><strong>Quis</strong></span> 
     </span>
    </p>
   </div>
   <div class='ocr_carea' id='block_1_83' title="bbox 2335 2509 3815 2576">
    <p class='ocr_par' dir='ltr' id='par_1_83' title="bbox 2335 2509 3815 2576">
     <span class='ocr_line' id='line_1_83' title="bbox 2335 2509 3815 2576; baseline -0.001 -15"><span class='ocrx_word' id='word_1_672' title='bbox 2335 2510 2428 2563; x_wconf 92' lang='lat' dir='ltr'><strong>tibi</strong></span> <span class='ocrx_word' id='word_1_673' title='bbox 2461 2525 2644 2564; x_wconf 90' lang='lat' dir='ltr'><strong>verum</strong></span> <span class='ocrx_word' id='word_1_674' title='bbox 2675 2511 2894 2564; x_wconf 87' lang='lat' dir='ltr'><strong>audebit</strong></span> <span class='ocrx_word' id='word_1_675' title='bbox 2922 2511 3121 2576; x_wconf 88' lang='lat' dir='ltr'><strong>dicere,</strong></span> <span class='ocrx_word' id='word_1_676' title='bbox 3158 2513 3202 2566; x_wconf 90' lang='lat' dir='ltr'><strong>si</strong></span> <span class='ocrx_word' id='word_1_677' title='bbox 3245 2513 3493 2568; x_wconf 89' lang='lat' dir='ltr'><strong>sacerdos</strong></span> <span class='ocrx_word' id='word_1_678' title='bbox 3532 2528 3623 2565; x_wconf 87' lang='lat' dir='ltr'><strong>non</strong></span> <span class='ocrx_word' id='word_1_679' title='bbox 3648 2509 3815 2562; x_wconf 78' lang='lat' dir='ltr'><strong>audeat?</strong></span> 
     </span>
    </p>
   </div>
   <div class='ocr_carea' id='block_1_84' title="bbox 2332 2598 3809 2671">
    <p class='ocr_par' dir='ltr' id='par_1_84' title="bbox 2332 2598 3809 2671">
     <span class='ocr_line' id='line_1_84' title="bbox 2332 2598 3809 2671; baseline -0.002 -18"><span class='ocrx_word' id='word_1_680' title='bbox 2332 2599 2464 2653; x_wconf 84' lang='lat' dir='ltr'><strong>Novi</strong></span> <span class='ocrx_word' id='word_1_681' title='bbox 2492 2607 2541 2653; x_wconf 91' lang='lat' dir='ltr'><strong>te</strong></span> <span class='ocrx_word' id='word_1_682' title='bbox 2564 2599 2733 2668; x_wconf 90' lang='lat' dir='ltr'><strong>pium,</strong></span> <span class='ocrx_word' id='word_1_683' title='bbox 2764 2598 3108 2663; x_wconf 84' lang='lat' dir='ltr'><strong>clementem,</strong></span> <span class='ocrx_word' id='word_1_684' title='bbox 3140 2602 3326 2656; x_wconf 89' lang='lat' dir='ltr'><strong>mitem</strong></span> <span class='ocrx_word' id='word_1_685' title='bbox 3352 2610 3504 2671; x_wconf 88' lang='lat' dir='ltr'><strong>atque</strong></span> <span class='ocrx_word' id='word_1_686' title='bbox 3534 2598 3809 2667; x_wconf 86' lang='lat' dir='ltr'><strong>tranquillum,</strong></span> 
     </span>
    </p>
   </div>
   <div class='ocr_carea' id='block_1_85' title="bbox 2335 2691 3810 2758">
    <p class='ocr_par' dir='ltr' id='par_1_85' title="bbox 2335 2691 3810 2758">
     <span class='ocr_line' id='line_1_85' title="bbox 2335 2691 3810 2758; baseline -0.001 -13"><span class='ocrx_word' id='word_1_687' title='bbox 2335 2693 2492 2746; x_wconf 84' lang='lat' dir='ltr'><strong>fidem</strong></span> <span class='ocrx_word' id='word_1_688' title='bbox 2526 2708 2587 2747; x_wconf 89' lang='lat' dir='ltr'><strong>ac</strong></span> <span class='ocrx_word' id='word_1_689' title='bbox 2620 2694 2865 2745; x_wconf 89' lang='lat' dir='ltr'><strong>timorem</strong></span> <span class='ocrx_word' id='word_1_690' title='bbox 2900 2693 3110 2748; x_wconf 88' lang='lat' dir='ltr'><strong>Domini</strong></span> <span class='ocrx_word' id='word_1_691' title='bbox 3144 2694 3299 2749; x_wconf 91' lang='lat' dir='ltr'><strong>cordi</strong></span> <span class='ocrx_word' id='word_1_692' title='bbox 3329 2695 3613 2757; x_wconf 79' lang='lat' dir='ltr'><strong>habentem,</strong></span> <span class='ocrx_word' id='word_1_693' title='bbox 3642 2692 3713 2747; x_wconf 76' lang='lat' dir='ltr'><strong>sed</strong></span> <span class='ocrx_word' id='word_1_694' title='bbox 3739 2691 3810 2758; x_wconf 81' lang='lat' dir='ltr'><strong>ple-</strong></span> 
     </span>
    </p>
   </div>
   <div class='ocr_carea' id='block_1_86' title="bbox 2335 2782 3812 2861">
    <p class='ocr_par' dir='ltr' id='par_1_86' title="bbox 2335 2782 3812 2861">
     <span class='ocr_line' id='line_1_86' title="bbox 2335 2782 3812 2861; baseline 0.002 -24"><span class='ocrx_word' id='word_1_695' title='bbox 2335 2799 2561 2854; x_wconf 90' lang='lat' dir='ltr'><strong>rumque</strong></span> <span class='ocrx_word' id='word_1_696' title='bbox 2590 2784 2769 2852; x_wconf 88' lang='lat' dir='ltr'><strong>aliqua</strong></span> <span class='ocrx_word' id='word_1_697' title='bbox 2799 2799 2895 2837; x_wconf 83' lang='lat' dir='ltr'><strong>nos</strong></span> <span class='ocrx_word' id='word_1_698' title='bbox 2922 2785 3133 2861; x_wconf 80' lang='lat' dir='ltr'><strong>fallunt.</strong></span> <span class='ocrx_word' id='word_1_699' title='bbox 3161 2784 3375 2840; x_wconf 83' lang='lat' dir='ltr'><strong>[labent</strong></span> <span class='ocrx_word' id='word_1_700' title='bbox 3403 2785 3555 2854; x_wconf 89' lang='lat' dir='ltr'><strong>aliqui</strong></span> <span class='ocrx_word' id='word_1_701' title='bbox 3582 2784 3715 2838; x_wconf 80' lang='lat' dir='ltr'><strong>zelum</strong></span> <span class='ocrx_word' id='word_1_702' title='bbox 3734 2782 3812 2840; x_wconf 76' lang='lat' dir='ltr'><strong>Dei.</strong></span> 
     </span>
    </p>
   </div>
   <div class='ocr_carea' id='block_1_87' title="bbox 2332 2875 3809 2945">
    <p class='ocr_par' dir='ltr' id='par_1_87' title="bbox 2332 2875 3809 2945">
     <span class='ocr_line' id='line_1_87' title="bbox 2332 2875 3809 2945; baseline -0.001 -16"><span class='ocrx_word' id='word_1_703' title='bbox 2332 2878 2426 2929; x_wconf 89' lang='lat' dir='ltr'><strong>sed</strong></span> <span class='ocrx_word' id='word_1_704' title='bbox 2464 2892 2568 2930; x_wconf 91' lang='lat' dir='ltr'><strong>non</strong></span> <span class='ocrx_word' id='word_1_705' title='bbox 2598 2877 2891 2930; x_wconf 86' lang='lat' dir='ltr'><strong>secundum</strong></span> <span class='ocrx_word' id='word_1_706' title='bbox 2924 2878 3231 2932; x_wconf 84' lang='lat' dir='ltr'><strong>scientiam.</strong></span> <span class='ocrx_word' id='word_1_707' title='bbox 3275 2878 3353 2934; x_wconf 87' lang='lat' dir='ltr'><strong>Ne</strong></span> <span class='ocrx_word' id='word_1_708' title='bbox 3395 2879 3546 2945; x_wconf 83' lang='lat' dir='ltr'><strong>igitur</strong></span> <span class='ocrx_word' id='word_1_709' title='bbox 3584 2876 3667 2929; x_wconf 85' lang='lat' dir='ltr'><strong>hoc</strong></span> <span class='ocrx_word' id='word_1_710' title='bbox 3700 2875 3809 2927; x_wconf 79' lang='lat' dir='ltr'><strong>etiam</strong></span> 
     </span>
    </p>
   </div>
   <div class='ocr_carea' id='block_1_88' title="bbox 2336 2964 3809 3038">
    <p class='ocr_par' dir='ltr' id='par_1_88' title="bbox 2336 2964 3809 3038">
     <span class='ocr_line' id='line_1_88' title="bbox 2336 2964 3809 3038; baseline -0.002 -19"><span class='ocrx_word' id='word_1_711' title='bbox 2336 2968 2581 3023; x_wconf 79' lang='lat' dir='ltr'><strong>ﬁdelibus</strong></span> <span class='ocrx_word' id='word_1_712' title='bbox 2615 2969 2811 3023; x_wconf 89' lang='lat' dir='ltr'><strong>animis</strong></span> <span class='ocrx_word' id='word_1_713' title='bbox 2837 2969 3095 3038; x_wconf 89' lang='lat' dir='ltr'><strong>obrepat,</strong></span> <span class='ocrx_word' id='word_1_714' title='bbox 3131 2972 3431 3026; x_wconf 87' lang='lat' dir='ltr'><strong>cavendum</strong></span> <span class='ocrx_word' id='word_1_715' title='bbox 3474 2969 3688 3022; x_wconf 88' lang='lat' dir='ltr'><strong>arbitror.</strong></span> <span class='ocrx_word' id='word_1_716' title='bbox 3722 2964 3809 3019; x_wconf 68' lang='lat' dir='ltr'><strong>Noti</strong></span> 
     </span>
    </p>
   </div>
   <div class='ocr_carea' id='block_1_89' title="bbox 2334 3054 3809 3129">
    <p class='ocr_par' dir='ltr' id='par_1_89' title="bbox 2334 3054 3809 3129">
     <span class='ocr_line' id='line_1_89' title="bbox 2334 3054 3809 3129; baseline -0.007 -18"><span class='ocrx_word' id='word_1_717' title='bbox 2334 3059 2589 3127; x_wconf 75' lang='lat' dir='ltr'><strong>pietatem</strong></span> <span class='ocrx_word' id='word_1_718' title='bbox 2634 3068 2780 3112; x_wconf 89' lang='lat' dir='ltr'><strong>tuam</strong></span> <span class='ocrx_word' id='word_1_719' title='bbox 2829 3074 2958 3129; x_wconf 79' lang='lat' dir='ltr'><strong>erga</strong></span> <span class='ocrx_word' id='word_1_720' title='bbox 3006 3059 3198 3125; x_wconf 87' lang='lat' dir='ltr'><strong>Deum,</strong></span> <span class='ocrx_word' id='word_1_721' title='bbox 3237 3059 3502 3114; x_wconf 88' lang='lat' dir='ltr'><strong>lenitatem</strong></span> <span class='ocrx_word' id='word_1_722' title='bbox 3532 3058 3576 3111; x_wconf 91' lang='lat' dir='ltr'><strong>in</strong></span> <span class='ocrx_word' id='word_1_723' title='bbox 3602 3054 3809 3109; x_wconf 69' lang='lat' dir='ltr'><strong>homines:</strong></span> 
     </span>
    </p>
   </div>
   <div class='ocr_carea' id='block_1_90' title="bbox 2286 3144 3811 3219">
    <p class='ocr_par' dir='ltr' id='par_1_90' title="bbox 2286 3144 3811 3219">
     <span class='ocr_line' id='line_1_90' title="bbox 2286 3144 3811 3219; baseline -0.007 -19"><span class='ocrx_word' id='word_1_724' title='bbox 2286 3147 2300 3166; x_wconf 85' lang='lat'>‘</span> <span class='ocrx_word' id='word_1_725' title='bbox 2335 3150 2601 3219; x_wconf 81' lang='lat' dir='ltr'><strong>obligatus</strong></span> <span class='ocrx_word' id='word_1_726' title='bbox 2630 3164 2747 3203; x_wconf 89' lang='lat' dir='ltr'><strong>sum</strong></span> <span class='ocrx_word' id='word_1_727' title='bbox 2776 3147 3052 3203; x_wconf 79' lang='lat' dir='ltr'><strong>beneﬁciis</strong></span> <span class='ocrx_word' id='word_1_728' title='bbox 3084 3157 3298 3203; x_wconf 89' lang='lat' dir='ltr'><strong>tuarum</strong></span> <span class='ocrx_word' id='word_1_729' title='bbox 3350 3144 3811 3215; x_wconf 77' lang='lat' dir='ltr'><strong>intlttlgetttiarttttt,et</strong></span> 
     </span>
    </p>
   </div>
   <div class='ocr_carea' id='block_1_91' title="bbox 2335 3232 3811 3309">
    <p class='ocr_par' dir='ltr' id='par_1_91' title="bbox 2335 3232 3811 3309">
     <span class='ocr_line' id='line_1_91' title="bbox 2335 3232 3811 3309; baseline -0.007 -16"><span class='ocrx_word' id='word_1_730' title='bbox 2335 3240 2455 3294; x_wconf 38' lang='lat' dir='ltr'><strong>i&#39;leo</strong></span> <span class='ocrx_word' id='word_1_731' title='bbox 2485 3240 2606 3309; x_wconf 87' lang='lat' dir='ltr'><strong>plus</strong></span> <span class='ocrx_word' id='word_1_732' title='bbox 2651 3247 2851 3293; x_wconf 90' lang='lat' dir='ltr'><strong>metuo.</strong></span> <span class='ocrx_word' id='word_1_733' title='bbox 2899 3239 3145 3307; x_wconf 84' lang='lat' dir='ltr'><strong>Amplius</strong></span> <span class='ocrx_word' id='word_1_734' title='bbox 3194 3239 3452 3294; x_wconf 87' lang='lat' dir='ltr'><strong>sollicitor</strong></span> <span class='ocrx_word' id='word_1_735' title='bbox 3494 3254 3554 3291; x_wconf 86' lang='lat' dir='ltr'><strong>tte</strong></span> <span class='ocrx_word' id='word_1_736' title='bbox 3582 3237 3709 3290; x_wconf 85' lang='lat' dir='ltr'><strong>etiam</strong></span> <span class='ocrx_word' id='word_1_737' title='bbox 3737 3232 3811 3299; x_wconf 73' lang='lat' dir='ltr'><strong>ipse</strong></span> 
     </span>
    </p>
   </div>
   <div class='ocr_carea' id='block_1_92' title="bbox 2335 3330 3811 3401">
    <p class='ocr_par' dir='ltr' id='par_1_92' title="bbox 2335 3330 3811 3401">
     <span class='ocr_line' id='line_1_92' title="bbox 2335 3330 3811 3401; baseline 0.001 -17"><span class='ocrx_word' id='word_1_738' title='bbox 2335 3340 2427 3385; x_wconf 91' lang='lat' dir='ltr'><strong>tuo</strong></span> <span class='ocrx_word' id='word_1_739' title='bbox 2471 3346 2557 3385; x_wconf 91' lang='lat' dir='ltr'><strong>me</strong></span> <span class='ocrx_word' id='word_1_740' title='bbox 2605 3342 2790 3400; x_wconf 88' lang='lat' dir='ltr'><strong>postea</strong></span> <span class='ocrx_word' id='word_1_741' title='bbox 2816 3331 3023 3401; x_wconf 86' lang='lat' dir='ltr'><strong>judicio</strong></span> <span class='ocrx_word' id='word_1_742' title='bbox 3057 3332 3391 3388; x_wconf 87' lang='lat' dir='ltr'><strong>condemnes</strong></span> <span class='ocrx_word' id='word_1_743' title='bbox 3414 3372 3428 3395; x_wconf 91' lang='lat'><strong>,</strong></span> <span class='ocrx_word' id='word_1_744' title='bbox 3471 3330 3597 3400; x_wconf 71' lang='grc' dir='ltr'><strong>(μω-Ι</strong></span> <span class='ocrx_word' id='word_1_745' title='bbox 3637 3342 3724 3381; x_wconf 70' lang='lat' dir='ltr'><strong>mea</strong></span> <span class='ocrx_word' id='word_1_746' title='bbox 3750 3331 3811 3376; x_wconf 66' lang='grc' dir='ltr'><strong>ειη</strong></span> 
     </span>
    </p>
   </div>
   <div class='ocr_carea' id='block_1_93' title="bbox 2332 3421 3808 3492">
    <p class='ocr_par' dir='ltr' id='par_1_93' title="bbox 2332 3421 3808 3492">
     <span class='ocr_line' id='line_1_93' title="bbox 2332 3421 3808 3492; baseline -0.007 -16"><span class='ocrx_word' id='word_1_747' title='bbox 2332 3422 2793 3486; x_wconf 86' lang='lat' dir='ltr'><strong>dissimulatione,</strong></span> <span class='ocrx_word' id='word_1_748' title='bbox 2844 3431 2939 3476; x_wconf 89' lang='lat' dir='ltr'><strong>aut</strong></span> <span class='ocrx_word' id='word_1_749' title='bbox 2980 3422 3314 3488; x_wconf 89' lang='lat' dir='ltr'><strong>adulatione,</strong></span> <span class='ocrx_word' id='word_1_750' title='bbox 3360 3421 3703 3492; x_wconf 89' lang='lat' dir='ltr'><strong>prolapsiouem</strong></span> <span class='ocrx_word' id='word_1_751' title='bbox 3740 3429 3808 3467; x_wconf 85' lang='lat' dir='ltr'><strong>non</strong></span> 
     </span>
    </p>
   </div>
   <div class='ocr_carea' id='block_1_94' title="bbox 2333 3510 3811 3583">
    <p class='ocr_par' dir='ltr' id='par_1_94' title="bbox 2333 3510 3811 3583">
     <span class='ocr_line' id='line_1_94' title="bbox 2333 3510 3811 3583; baseline -0.003 -17"><span class='ocrx_word' id='word_1_752' title='bbox 2333 3513 2642 3568; x_wconf 87' lang='lat' dir='ltr'><strong>evitaveris.</strong></span> <span class='ocrx_word' id='word_1_753' title='bbox 2689 3512 2746 3566; x_wconf 93' lang='lat' dir='ltr'><strong>Si</strong></span> <span class='ocrx_word' id='word_1_754' title='bbox 2780 3512 2831 3566; x_wconf 91' lang='lat' dir='ltr'><strong>itt</strong></span> <span class='ocrx_word' id='word_1_755' title='bbox 2870 3528 2954 3566; x_wconf 91' lang='lat' dir='ltr'><strong>me</strong></span> <span class='ocrx_word' id='word_1_756' title='bbox 2988 3516 3203 3583; x_wconf 84' lang='lat' dir='ltr'><strong>peccari</strong></span> <span class='ocrx_word' id='word_1_757' title='bbox 3228 3515 3481 3577; x_wconf 87' lang='lat' dir='ltr'><strong>viderem,</strong></span> <span class='ocrx_word' id='word_1_758' title='bbox 3508 3528 3600 3567; x_wconf 89' lang='lat' dir='ltr'><strong>non</strong></span> <span class='ocrx_word' id='word_1_759' title='bbox 3632 3510 3811 3564; x_wconf 80' lang='lat' dir='ltr'><strong>deberem</strong></span> 
     </span>
    </p>
   </div>
   <div class='ocr_carea' id='block_1_95' title="bbox 2334 3600 3807 3673">
    <p class='ocr_par' dir='ltr' id='par_1_95' title="bbox 2334 3600 3807 3673">
     <span class='ocr_line' id='line_1_95' title="bbox 2334 3600 3807 3673; baseline -0.003 -19"><span class='ocrx_word' id='word_1_760' title='bbox 2334 3608 2533 3656; x_wconf 86' lang='lat' dir='ltr'><strong>tacere.</strong></span> <span class='ocrx_word' id='word_1_761' title='bbox 2568 3602 2839 3671; x_wconf 90' lang='lat' dir='ltr'><strong>Scriptum</strong></span> <span class='ocrx_word' id='word_1_762' title='bbox 2868 3611 2955 3655; x_wconf 92' lang='lat' dir='ltr'><strong>est</strong></span> <span class='ocrx_word' id='word_1_763' title='bbox 2978 3603 3121 3657; x_wconf 90' lang='lat' dir='ltr'><strong>enim</strong></span> <span class='ocrx_word' id='word_1_764' title='bbox 3153 3621 3168 3657; x_wconf 93' lang='lat'>:</span> <span class='ocrx_word' id='word_1_765' title='bbox 3210 3602 3269 3659; x_wconf 90' lang='lat' dir='ltr'><strong>Si</strong></span> <span class='ocrx_word' id='word_1_766' title='bbox 3292 3604 3452 3673; x_wconf 78' lang='lat' dir='ltr'><strong>frater</strong></span> <span class='ocrx_word' id='word_1_767' title='bbox 3481 3613 3588 3656; x_wconf 80' lang='lat' dir='ltr'><strong>tuus</strong></span> <span class='ocrx_word' id='word_1_768' title='bbox 3611 3600 3656 3653; x_wconf 82' lang='lat' dir='ltr'><strong>in</strong></span> <span class='ocrx_word' id='word_1_769' title='bbox 3676 3608 3807 3661; x_wconf 68' lang='lat' dir='ltr'><strong>terte-</strong></span> 
     </span>
    </p>
   </div>
   <div class='ocr_carea' id='block_1_96' title="bbox 2332 3692 3807 3761">
    <p class='ocr_par' dir='ltr' id='par_1_96' title="bbox 2332 3692 3807 3761">
     <span class='ocr_line' id='line_1_96' title="bbox 2332 3692 3807 3761; baseline -0.005 -15"><span class='ocrx_word' id='word_1_770' title='bbox 2332 3692 2545 3757; x_wconf 66' lang='lat' dir='ltr'><strong>cat&#39;erit,</strong></span> <span class='ocrx_word' id='word_1_771' title='bbox 2593 3693 2795 3761; x_wconf 85' lang='lat' dir='ltr'><strong>corripe</strong></span> <span class='ocrx_word' id='word_1_772' title='bbox 2834 3692 2983 3745; x_wconf 89' lang='lat' dir='ltr'><strong>illum</strong></span> <span class='ocrx_word' id='word_1_773' title='bbox 3027 3694 3220 3761; x_wconf 85' lang='lat' dir='ltr'><strong>primo,</strong></span> <span class='ocrx_word' id='word_1_774' title='bbox 3265 3694 3447 3748; x_wconf 81' lang='lat' dir='ltr'><strong>deinde</strong></span> <span class='ocrx_word' id='word_1_775' title='bbox 3483 3695 3659 3759; x_wconf 77' lang='lat' dir='ltr'><strong>increpa</strong></span> <span class='ocrx_word' id='word_1_776' title='bbox 3690 3697 3807 3739; x_wconf 63' lang='lat' dir='ltr'><strong>corr!</strong></span> 
     </span>
    </p>
   </div>
   <div class='ocr_carea' id='block_1_97' title="bbox 2332 3774 3807 3847">
    <p class='ocr_par' dir='ltr' id='par_1_97' title="bbox 2332 3774 3807 3847">
     <span class='ocr_line' id='line_1_97' title="bbox 2332 3774 3807 3847; baseline 0.002 -9"><span class='ocrx_word' id='word_1_777' title='bbox 2332 3785 2536 3839; x_wconf 84' lang='lat' dir='ltr'><strong>duobus</strong></span> <span class='ocrx_word' id='word_1_778' title='bbox 2564 3795 2658 3838; x_wconf 85' lang='lat' dir='ltr'><strong>aut</strong></span> <span class='ocrx_word' id='word_1_779' title='bbox 2686 3784 2852 3838; x_wconf 85' lang='lat' dir='ltr'><strong>tribus</strong></span> <span class='ocrx_word' id='word_1_780' title='bbox 2879 3785 3112 3839; x_wconf 86' lang='lat' dir='ltr'><strong>testibus.</strong></span> <span class='ocrx_word' id='word_1_781' title='bbox 3157 3785 3222 3842; x_wconf 89' lang='lat' dir='ltr'><strong>Si</strong></span> <span class='ocrx_word' id='word_1_782' title='bbox 3249 3797 3298 3840; x_wconf 85' lang='lat' dir='ltr'><strong>te</strong></span> <span class='ocrx_word' id='word_1_783' title='bbox 3331 3803 3430 3841; x_wconf 86' lang='lat' dir='ltr'><strong>non</strong></span> <span class='ocrx_word' id='word_1_784' title='bbox 3464 3783 3673 3843; x_wconf 83' lang='lat' dir='ltr'><strong>audierit,</strong></span> <span class='ocrx_word' id='word_1_785' title='bbox 3700 3774 3807 3847; x_wconf 70' lang='grc'><strong>702</strong></span> 
     </span>
    </p>
   </div>
   <div class='ocr_carea' id='block_1_98' title="bbox 2332 3863 3805 3945">
    <p class='ocr_par' dir='ltr' id='par_1_98' title="bbox 2332 3863 3805 3945">
     <span class='ocr_line' id='line_1_98' title="bbox 2332 3863 3805 3945; baseline -0.002 -17"><span class='ocrx_word' id='word_1_786' title='bbox 2332 3876 2417 3929; x_wconf 87' lang='lat' dir='ltr'><strong>dic</strong></span> <span class='ocrx_word' id='word_1_787' title='bbox 2442 3873 2691 3930; x_wconf 75' lang='lat' dir='ltr'><strong>Ecclesia:</strong></span> <span class='ocrx_word' id='word_1_788' title='bbox 2718 3874 2930 3943; x_wconf 77' lang='lat' dir='ltr'><strong>(Matth.</strong></span> <span class='ocrx_word' id='word_1_789' title='bbox 2960 3892 3116 3941; x_wconf 85' lang='lat' dir='ltr'><strong>xvm,</strong></span> <span class='ocrx_word' id='word_1_790' title='bbox 3147 3879 3241 3943; x_wconf 72' lang='lat'><strong>{6,</strong></span> <span class='ocrx_word' id='word_1_791' title='bbox 3270 3879 3376 3945; x_wconf 81' lang='lat' dir='ltr'><strong>t7).</strong></span> <span class='ocrx_word' id='word_1_792' title='bbox 3405 3876 3610 3931; x_wconf 82' lang='lat' dir='ltr'><strong>Causam</strong></span> <span class='ocrx_word' id='word_1_793' title='bbox 3634 3863 3805 3938; x_wconf 59' lang='lat' dir='ltr'><strong>(argolici</strong></span> 
     </span>
    </p>
   </div>
   <div class='ocr_carea' id='block_1_99' title="bbox 2335 3958 3806 4039">
    <p class='ocr_par' dir='ltr' id='par_1_99' title="bbox 2335 3958 3806 4039">
     <span class='ocr_line' id='line_1_99' title="bbox 2335 3958 3806 4039; baseline -0.006 -20"><span class='ocrx_word' id='word_1_794' title='bbox 2335 3965 2559 4020; x_wconf 89' lang='lat' dir='ltr'><strong>tacebo?</strong></span> <span class='ocrx_word' id='word_1_795' title='bbox 2589 3985 2606 4017; x_wconf 74' lang='grc' dir='ltr'><strong>ι</strong></span> <span class='ocrx_word' id='word_1_796' title='bbox 2648 3966 2716 4020; x_wconf 84' lang='grc' dir='ltr'><strong>Ει</strong></span> <span class='ocrx_word' id='word_1_797' title='bbox 2744 3966 2871 4021; x_wconf 87' lang='lat' dir='ltr'><strong>item</strong></span> <span class='ocrx_word' id='word_1_798' title='bbox 2901 3968 2967 4021; x_wconf 91' lang='lat' dir='ltr'><strong>ad</strong></span> <span class='ocrx_word' id='word_1_799' title='bbox 2994 3967 3172 4023; x_wconf 90' lang='lat' dir='ltr'><strong>locum</strong></span> <span class='ocrx_word' id='word_1_800' title='bbox 3218 3986 3230 4022; x_wconf 87' lang='lat'><strong>:</strong></span> <span class='ocrx_word' id='word_1_801' title='bbox 3278 3988 3296 4020; x_wconf 75' lang='grc' dir='ltr'>ι</span> <span class='ocrx_word' id='word_1_802' title='bbox 3339 3969 3446 4039; x_wconf 82' lang='lat' dir='ltr'><strong>Ego</strong></span> <span class='ocrx_word' id='word_1_803' title='bbox 3471 3976 3603 4022; x_wconf 86' lang='lat' dir='ltr'><strong>certe</strong></span> <span class='ocrx_word' id='word_1_804' title='bbox 3624 3958 3806 4031; x_wconf 54' lang='lat' dir='ltr'><strong>quodiis</strong></span> 
     </span>
    </p>
   </div>
   <div class='ocr_carea' id='block_1_100' title="bbox 2332 4047 3807 4127">
    <p class='ocr_par' dir='ltr' id='par_1_100' title="bbox 2332 4047 3807 4127">
     <span class='ocr_line' id='line_1_100' title="bbox 2332 4047 3807 4127; baseline -0.001 -18"><span class='ocrx_word' id='word_1_805' title='bbox 2332 4055 2703 4111; x_wconf 89' lang='lat' dir='ltr'><strong>norilicentius</strong></span> <span class='ocrx_word' id='word_1_806' title='bbox 2728 4056 2840 4112; x_wconf 89' lang='lat' dir='ltr'><strong>fieri</strong></span> <span class='ocrx_word' id='word_1_807' title='bbox 2862 4058 3034 4127; x_wconf 87' lang='lat' dir='ltr'><strong>potui,</strong></span> <span class='ocrx_word' id='word_1_808' title='bbox 3062 4057 3189 4123; x_wconf 84' lang='lat' dir='ltr'><strong>feci,</strong></span> <span class='ocrx_word' id='word_1_809' title='bbox 3217 4068 3276 4115; x_wconf 93' lang='lat' dir='ltr'><strong>ut</strong></span> <span class='ocrx_word' id='word_1_810' title='bbox 3308 4074 3392 4115; x_wconf 88' lang='lat' dir='ltr'><strong>me</strong></span> <span class='ocrx_word' id='word_1_811' title='bbox 3421 4058 3576 4125; x_wconf 84' lang='lat' dir='ltr'><strong>magis</strong></span> <span class='ocrx_word' id='word_1_812' title='bbox 3594 4053 3756 4108; x_wconf 80' lang='lat' dir='ltr'><strong>audires</strong></span> <span class='ocrx_word' id='word_1_813' title='bbox 3773 4047 3807 4098; x_wconf 81' lang='grc' dir='ltr'><strong>ίη</strong></span> 
     </span>
    </p>
   </div>
   <div class='ocr_carea' id='block_1_101' title="bbox 2335 4141 3808 4217">
    <p class='ocr_par' dir='ltr' id='par_1_101' title="bbox 2335 4141 3808 4217">
     <span class='ocr_line' id='line_1_101' title="bbox 2335 4141 3808 4217; baseline -0.001 -14"><span class='ocrx_word' id='word_1_814' title='bbox 2335 4148 2502 4217; x_wconf 81' lang='lat' dir='ltr'><strong>regia,</strong></span> <span class='ocrx_word' id='word_1_815' title='bbox 2520 4164 2587 4203; x_wconf 90' lang='lat' dir='ltr'><strong>ne</strong></span> <span class='ocrx_word' id='word_1_816' title='bbox 2611 4149 2654 4203; x_wconf 90' lang='lat' dir='ltr'><strong>si</strong></span> <span class='ocrx_word' id='word_1_817' title='bbox 2670 4163 2888 4205; x_wconf 89' lang='lat' dir='ltr'><strong>necesse</strong></span> <span class='ocrx_word' id='word_1_818' title='bbox 2908 4159 3053 4205; x_wconf 87' lang='lat' dir='ltr'><strong>esset</strong></span> <span class='ocrx_word' id='word_1_819' title='bbox 3076 4152 3296 4207; x_wconf 85' lang='lat' dir='ltr'><strong>audires</strong></span> <span class='ocrx_word' id='word_1_820' title='bbox 3311 4152 3360 4206; x_wconf 89' lang='lat' dir='ltr'><strong>in</strong></span> <span class='ocrx_word' id='word_1_821' title='bbox 3380 4148 3606 4206; x_wconf 87' lang='lat' dir='ltr'><strong>ecclesia.</strong></span> <span class='ocrx_word' id='word_1_822' title='bbox 3629 4167 3642 4196; x_wconf 80' lang='grc' dir='ltr'>ι</span> <span class='ocrx_word' id='word_1_823' title='bbox 3662 4144 3708 4197; x_wconf 77' lang='lat' dir='ltr'><strong>Et</strong></span> <span class='ocrx_word' id='word_1_824' title='bbox 3723 4141 3808 4193; x_wconf 67' lang='lat' dir='ltr'><strong>im</strong></span> 
     </span>
    </p>
   </div>
   <div class='ocr_carea' id='block_1_102' title="bbox 2332 4226 3803 4307">
    <p class='ocr_par' dir='ltr' id='par_1_102' title="bbox 2332 4226 3803 4307">
     <span class='ocr_line' id='line_1_102' title="bbox 2332 4226 3803 4307; baseline -0.007 -15"><span class='ocrx_word' id='word_1_825' title='bbox 2332 4238 2384 4292; x_wconf 85' lang='lat' dir='ltr'><strong>in</strong></span> <span class='ocrx_word' id='word_1_826' title='bbox 2411 4238 2580 4293; x_wconf 89' lang='lat' dir='ltr'><strong>altera</strong></span> <span class='ocrx_word' id='word_1_827' title='bbox 2607 4239 2833 4307; x_wconf 88' lang='lat' dir='ltr'><strong>epistola</strong></span> <span class='ocrx_word' id='word_1_828' title='bbox 2862 4240 2929 4294; x_wconf 90' lang='lat' dir='ltr'><strong>ad</strong></span> <span class='ocrx_word' id='word_1_829' title='bbox 2957 4242 3207 4296; x_wconf 90' lang='lat' dir='ltr'><strong>eumdem</strong></span> <span class='ocrx_word' id='word_1_830' title='bbox 3233 4241 3364 4296; x_wconf 89' lang='lat' dir='ltr'><strong>dicit</strong></span> <span class='ocrx_word' id='word_1_831' title='bbox 3392 4240 3455 4293; x_wconf 87' lang='lat' dir='ltr'><strong>ad</strong></span> <span class='ocrx_word' id='word_1_832' title='bbox 3476 4239 3629 4292; x_wconf 86' lang='lat' dir='ltr'><strong>locum</strong></span> <span class='ocrx_word' id='word_1_833' title='bbox 3656 4250 3668 4286; x_wconf 90' lang='lat'><strong>:</strong></span> <span class='ocrx_word' id='word_1_834' title='bbox 3695 4249 3709 4282; x_wconf 77' lang='grc' dir='ltr'><strong><em>ι</em></strong></span> <span class='ocrx_word' id='word_1_835' title='bbox 3733 4226 3803 4280; x_wconf 75' lang='lat' dir='ltr'><strong>&#39;fa-</strong></span> 
     </span>
    </p>
   </div>
   <div class='ocr_carea' id='block_1_103' title="bbox 2331 4319 3806 4399">
    <p class='ocr_par' dir='ltr' id='par_1_103' title="bbox 2331 4319 3806 4399">
     <span class='ocr_line' id='line_1_103' title="bbox 2331 4319 3806 4399; baseline 0.001 -15"><span class='ocrx_word' id='word_1_836' title='bbox 2331 4344 2533 4394; x_wconf 87' lang='lat' dir='ltr'><strong>cerem,</strong></span> <span class='ocrx_word' id='word_1_837' title='bbox 2567 4333 2660 4385; x_wconf 88' lang='lat' dir='ltr'><strong>sed</strong></span> <span class='ocrx_word' id='word_1_838' title='bbox 2688 4332 2831 4399; x_wconf 88' lang='lat' dir='ltr'><strong>quod</strong></span> <span class='ocrx_word' id='word_1_839' title='bbox 2861 4332 3230 4387; x_wconf 85' lang='lat' dir='ltr'><strong>miserrimum</strong></span> <span class='ocrx_word' id='word_1_840' title='bbox 3259 4334 3491 4387; x_wconf 89' lang='lat' dir='ltr'><strong>omnium</strong></span> <span class='ocrx_word' id='word_1_841' title='bbox 3522 4328 3656 4387; x_wconf 80' lang='lat' dir='ltr'><strong>foret.</strong></span> <span class='ocrx_word' id='word_1_842' title='bbox 3677 4319 3806 4386; x_wconf 61' lang='lat' dir='ltr'><strong>amb“</strong></span> 
     </span>
    </p>
   </div>
   <div class='ocr_carea' id='block_1_104' title="bbox 2331 4404 3803 4494">
    <p class='ocr_par' dir='ltr' id='par_1_104' title="bbox 2331 4404 3803 4494">
     <span class='ocr_line' id='line_1_104' title="bbox 2331 4404 3803 4494; baseline -0.012 -20"><span class='ocrx_word' id='word_1_843' title='bbox 2331 4430 2482 4476; x_wconf 89' lang='lat' dir='ltr'><strong>retur</strong></span> <span class='ocrx_word' id='word_1_844' title='bbox 2509 4423 2837 4477; x_wconf 83' lang='lat' dir='ltr'><strong>conscientia</strong></span> <span class='ocrx_word' id='word_1_845' title='bbox 2863 4462 2878 4486; x_wconf 90' lang='lat'><strong>,</strong></span> <span class='ocrx_word' id='word_1_846' title='bbox 2923 4438 3026 4477; x_wconf 79' lang='lat' dir='ltr'><strong>vox</strong></span> <span class='ocrx_word' id='word_1_847' title='bbox 3072 4424 3395 4494; x_wconf 90' lang='lat' dir='ltr'><strong>eriperetur.</strong></span> <span class='ocrx_word' id='word_1_848' title='bbox 3432 4421 3494 4476; x_wconf 86' lang='lat' dir='ltr'><strong>Et</strong></span> <span class='ocrx_word' id='word_1_849' title='bbox 3519 4417 3595 4472; x_wconf 90' lang='lat' dir='ltr'><strong>ubi</strong></span> <span class='ocrx_word' id='word_1_850' title='bbox 3618 4422 3684 4469; x_wconf 90' lang='lat' dir='ltr'><strong>est</strong></span> <span class='ocrx_word' id='word_1_851' title='bbox 3702 4404 3803 4466; x_wconf 81' lang='lat' dir='ltr'><strong>illud,</strong></span> 
     </span>
    </p>
   </div>
   <div class='ocr_carea' id='block_1_105' title="bbox 2331 4502 3804 4595">
    <p class='ocr_par' dir='ltr' id='par_1_105' title="bbox 2331 4502 3804 4595">
     <span class='ocr_line' id='line_1_105' title="bbox 2331 4502 3804 4595; baseline -0.007 -29"><span class='ocrx_word' id='word_1_852' title='bbox 2331 4512 2386 4566; x_wconf 90' lang='lat' dir='ltr'><strong>Si</strong></span> <span class='ocrx_word' id='word_1_853' title='bbox 2416 4515 2671 4567; x_wconf 88' lang='lat' dir='ltr'><strong>sacerdos</strong></span> <span class='ocrx_word' id='word_1_854' title='bbox 2696 4528 2801 4567; x_wconf 90' lang='lat' dir='ltr'><strong>non</strong></span> <span class='ocrx_word' id='word_1_855' title='bbox 2827 4513 3023 4568; x_wconf 81' lang='lat' dir='ltr'><strong>dixerit</strong></span> <span class='ocrx_word' id='word_1_856' title='bbox 3046 4524 3283 4579; x_wconf 84' lang='lat' dir='ltr'><strong>erratus,</strong></span> <span class='ocrx_word' id='word_1_857' title='bbox 3314 4514 3400 4583; x_wconf 91' lang='lat' dir='ltr'><strong>qui</strong></span> <span class='ocrx_word' id='word_1_858' title='bbox 3426 4506 3658 4566; x_wconf 84' lang='lat' dir='ltr'><strong>erraverit</strong></span> <span class='ocrx_word' id='word_1_859' title='bbox 3677 4502 3720 4557; x_wconf 90' lang='lat' dir='ltr'><strong>in</strong></span> 
     </span>
    </p>
   </div>
   <div class='ocr_carea' id='block_1_106' title="bbox 2326 4599 3804 4673">
    <p class='ocr_par' dir='ltr' id='par_1_106' title="bbox 2326 4599 3804 4673">
     <span class='ocr_line' id='line_1_106' title="bbox 2326 4599 3804 4673; baseline -0.002 -15"><span class='ocrx_word' id='word_1_860' title='bbox 2326 4603 2481 4673; x_wconf 85' lang='lat' dir='ltr'><strong>culpa</strong></span> <span class='ocrx_word' id='word_1_861' title='bbox 2521 4604 2802 4667; x_wconf 88' lang='lat' dir='ltr'><strong>morietur,</strong></span> <span class='ocrx_word' id='word_1_862' title='bbox 2848 4613 2903 4657; x_wconf 91' lang='lat' dir='ltr'><strong>et</strong></span> <span class='ocrx_word' id='word_1_863' title='bbox 2947 4605 3203 4665; x_wconf 89' lang='lat' dir='ltr'><strong>sacerdos</strong></span> <span class='ocrx_word' id='word_1_864' title='bbox 3256 4620 3378 4660; x_wconf 90' lang='lat' dir='ltr'><strong>reus</strong></span> <span class='ocrx_word' id='word_1_865' title='bbox 3405 4602 3501 4658; x_wconf 89' lang='lat' dir='ltr'><strong>erit</strong></span> <span class='ocrx_word' id='word_1_866' title='bbox 3534 4611 3694 4669; x_wconf 62' lang='lat' dir='ltr'><strong>panic,</strong></span> <span class='ocrx_word' id='word_1_867' title='bbox 3718 4599 3804 4656; x_wconf 68' lang='grc'><strong>⁸11³⁸³</strong></span> 
     </span>
    </p>
   </div>
   <div class='ocr_carea' id='block_1_107' title="bbox 2329 4674 3804 4750">
    <p class='ocr_par' dir='ltr' id='par_1_107' title="bbox 2329 4674 3804 4750">
     <span class='ocr_line' id='line_1_107' title="bbox 2329 4674 3804 4750; baseline -0.005 -3"><span class='ocrx_word' id='word_1_868' title='bbox 2329 4708 2432 4747; x_wconf 91' lang='lat' dir='ltr'><strong>non</strong></span> <span class='ocrx_word' id='word_1_869' title='bbox 2463 4692 2742 4746; x_wconf 88' lang='lat' dir='ltr'><strong>admonuit</strong></span> <span class='ocrx_word' id='word_1_870' title='bbox 2761 4694 3070 4748; x_wconf 89' lang='lat' dir='ltr'><strong>errantem?</strong></span> <span class='ocrx_word' id='word_1_871' title='bbox 3098 4714 3117 4745; x_wconf 77' lang='grc' dir='ltr'><strong>ι</strong></span> <span class='ocrx_word' id='word_1_872' title='bbox 3155 4695 3221 4748; x_wconf 83' lang='lat' dir='ltr'><strong>Et</strong></span> <span class='ocrx_word' id='word_1_873' title='bbox 3249 4695 3371 4750; x_wconf 89' lang='lat' dir='ltr'><strong>item</strong></span> <span class='ocrx_word' id='word_1_874' title='bbox 3401 4691 3463 4747; x_wconf 89' lang='lat' dir='ltr'><strong>ad</strong></span> <span class='ocrx_word' id='word_1_875' title='bbox 3488 4690 3638 4744; x_wconf 87' lang='lat' dir='ltr'><strong>locum</strong></span> <span class='ocrx_word' id='word_1_876' title='bbox 3666 4702 3678 4735; x_wconf 88' lang='lat'><strong>:</strong></span> <span class='ocrx_word' id='word_1_877' title='bbox 3705 4674 3804 4731; x_wconf 57' lang='grc' dir='ltr'><strong>εῖν</strong></span> 
     </span>
    </p>
   </div>
   <div class='ocr_carea' id='block_1_108' title="bbox 2326 4771 3802 4849">
    <p class='ocr_par' dir='ltr' id='par_1_108' title="bbox 2326 4771 3802 4849">
     <span class='ocr_line' id='line_1_108' title="bbox 2326 4771 3802 4849; baseline -0.008 -14"><span class='ocrx_word' id='word_1_878' title='bbox 2326 4790 2469 4835; x_wconf 87' lang='lat' dir='ltr'><strong>ctum</strong></span> <span class='ocrx_word' id='word_1_879' title='bbox 2501 4791 2583 4834; x_wconf 92' lang='lat' dir='ltr'><strong>est</strong></span> <span class='ocrx_word' id='word_1_880' title='bbox 2616 4782 2667 4834; x_wconf 93' lang='lat' dir='ltr'><strong>in</strong></span> <span class='ocrx_word' id='word_1_881' title='bbox 2700 4782 2832 4835; x_wconf 90' lang='lat' dir='ltr'><strong>urbe</strong></span> <span class='ocrx_word' id='word_1_882' title='bbox 2862 4782 3418 4838; x_wconf 88' lang='lat' dir='ltr'><strong>Thessalonicensium</strong></span> <span class='ocrx_word' id='word_1_883' title='bbox 3446 4778 3573 4849; x_wconf 91' lang='lat' dir='ltr'><strong>quod</strong></span> <span class='ocrx_word' id='word_1_884' title='bbox 3598 4771 3709 4828; x_wconf 86' lang='lat' dir='ltr'><strong>nulla</strong></span> <span class='ocrx_word' id='word_1_885' title='bbox 3729 4777 3802 4818; x_wconf 73' lang='lat' dir='ltr'><strong>tne-</strong></span> 
     </span>
    </p>
   </div>
   <div class='ocr_carea' id='block_1_109' title="bbox 2325 4858 3802 4945">
    <p class='ocr_par' dir='ltr' id='par_1_109' title="bbox 2325 4858 3802 4945">
     <span class='ocr_line' id='line_1_109' title="bbox 2325 4858 3802 4945; baseline -0.004 -19"><span class='ocrx_word' id='word_1_886' title='bbox 2325 4874 2497 4928; x_wconf 88' lang='lat' dir='ltr'><strong>moria</strong></span> <span class='ocrx_word' id='word_1_887' title='bbox 2524 4874 2708 4939; x_wconf 73' lang='lat' dir='ltr'><strong>habet,</strong></span> <span class='ocrx_word' id='word_1_888' title='bbox 2736 4866 2878 4942; x_wconf 85' lang='lat' dir='ltr'><strong>quod</strong></span> <span class='ocrx_word' id='word_1_889' title='bbox 2911 4890 3170 4929; x_wconf 86' lang='lat' dir='ltr'><strong>revocare</strong></span> <span class='ocrx_word' id='word_1_890' title='bbox 3197 4891 3301 4929; x_wconf 90' lang='lat' dir='ltr'><strong>non</strong></span> <span class='ocrx_word' id='word_1_891' title='bbox 3327 4873 3466 4945; x_wconf 90' lang='lat' dir='ltr'><strong>pottti</strong></span> <span class='ocrx_word' id='word_1_892' title='bbox 3493 4884 3553 4924; x_wconf 88' lang='lat' dir='ltr'><strong>ne</strong></span> <span class='ocrx_word' id='word_1_893' title='bbox 3578 4858 3802 4920; x_wconf 62' lang='lat' dir='ltr'><strong>herebi“</strong></span> 
     </span>
    </p>
   </div>
   <div class='ocr_carea' id='block_1_110' title="bbox 2325 4956 3800 5041">
    <p class='ocr_par' dir='ltr' id='par_1_110' title="bbox 2325 4956 3800 5041">
     <span class='ocr_line' id='line_1_110' title="bbox 2325 4956 3800 5041; baseline -0.003 -23"><span class='ocrx_word' id='word_1_894' title='bbox 2325 4965 2466 5033; x_wconf 89' lang='lat' dir='ltr'><strong>quod</strong></span> <span class='ocrx_word' id='word_1_895' title='bbox 2494 4974 2621 5018; x_wconf 89' lang='lat' dir='ltr'><strong>ante</strong></span> <span class='ocrx_word' id='word_1_896' title='bbox 2646 4964 3045 5019; x_wconf 88' lang='lat' dir='ltr'><strong>atrocissimum</strong></span> <span class='ocrx_word' id='word_1_897' title='bbox 3086 4964 3201 5020; x_wconf 82' lang='lat' dir='ltr'><strong>fore</strong></span> <span class='ocrx_word' id='word_1_898' title='bbox 3248 4963 3372 5020; x_wconf 81' lang='lat' dir='ltr'><strong>duxi</strong></span> <span class='ocrx_word' id='word_1_899' title='bbox 3398 4975 3515 5016; x_wconf 89' lang='lat' dir='ltr'><strong>cum</strong></span> <span class='ocrx_word' id='word_1_900' title='bbox 3546 4956 3676 5011; x_wconf 88' lang='lat' dir='ltr'><strong>toties</strong></span> <span class='ocrx_word' id='word_1_901' title='bbox 3696 4956 3800 5041; x_wconf 44' lang='lat' dir='ltr'>Mf</span> 
     </span>
    </p>
   </div>
   <div class='ocr_carea' id='block_1_111' title="bbox 2324 5043 3796 5127">
    <p class='ocr_par' dir='ltr' id='par_1_111' title="bbox 2324 5043 3796 5127">
     <span class='ocr_line' id='line_1_111' title="bbox 2324 5043 3796 5127; baseline 0.002 -19"><span class='ocrx_word' id='word_1_902' title='bbox 2324 5070 2464 5121; x_wconf 85' lang='lat' dir='ltr'><strong>rem,</strong></span> <span class='ocrx_word' id='word_1_903' title='bbox 2503 5064 2558 5110; x_wconf 91' lang='lat' dir='ltr'><strong>et</strong></span> <span class='ocrx_word' id='word_1_904' title='bbox 2585 5057 2727 5123; x_wconf 89' lang='lat' dir='ltr'><strong>quod</strong></span> <span class='ocrx_word' id='word_1_905' title='bbox 2761 5057 2874 5125; x_wconf 86' lang='lat' dir='ltr'><strong>ipse</strong></span> <span class='ocrx_word' id='word_1_906' title='bbox 2910 5057 3214 5111; x_wconf 87' lang='lat' dir='ltr'><strong>revocando</strong></span> <span class='ocrx_word' id='word_1_907' title='bbox 3240 5070 3399 5127; x_wconf 76' lang='lat' dir='ltr'><strong>grave</strong></span> <span class='ocrx_word' id='word_1_908' title='bbox 3442 5051 3618 5114; x_wconf 75' lang='lat' dir='ltr'><strong>tactum</strong></span> <span class='ocrx_word' id='word_1_909' title='bbox 3640 5043 3796 5111; x_wconf 73' lang='grc' dir='ltr'><strong>βυι³⁵¹¹⁶</strong></span> 
     </span>
    </p>
   </div>
   <div class='ocr_carea' id='block_1_112' title="bbox 2323 5133 3798 5223">
    <p class='ocr_par' dir='ltr' id='par_1_112' title="bbox 2323 5133 3798 5223">
     <span class='ocr_line' id='line_1_112' title="bbox 2323 5133 3798 5223; baseline -0.005 -23"><span class='ocrx_word' id='word_1_910' title='bbox 2323 5145 2437 5201; x_wconf 83' lang='lat' dir='ltr'><strong>Hoc</strong></span> <span class='ocrx_word' id='word_1_911' title='bbox 2465 5146 2665 5203; x_wconf 90' lang='lat' dir='ltr'><strong>factum</strong></span> <span class='ocrx_word' id='word_1_912' title='bbox 2686 5156 2980 5202; x_wconf 77' lang='lat' dir='ltr'><strong>extenuare</strong></span> <span class='ocrx_word' id='word_1_913' title='bbox 3006 5165 3112 5205; x_wconf 88' lang='lat' dir='ltr'><strong>non</strong></span> <span class='ocrx_word' id='word_1_914' title='bbox 3140 5159 3400 5219; x_wconf 86' lang='lat' dir='ltr'><strong>poteram,</strong></span> <span class='ocrx_word' id='word_1_915' title='bbox 3425 5140 3613 5214; x_wconf 87' lang='lat' dir='ltr'><strong>quando</strong></span> <span class='ocrx_word' id='word_1_916' title='bbox 3634 5133 3798 5223; x_wconf 46' lang='lat' dir='ltr'><strong>plin“?</strong></span> 
     </span>
    </p>
   </div>
   <div class='ocr_carea' id='block_1_113' title="bbox 2322 5229 3798 5314">
    <p class='ocr_par' dir='ltr' id='par_1_113' title="bbox 2322 5229 3798 5314">
     <span class='ocr_line' id='line_1_113' title="bbox 2322 5229 3798 5314; baseline -0.011 -23"><span class='ocrx_word' id='word_1_917' title='bbox 2322 5237 2565 5291; x_wconf 89' lang='lat' dir='ltr'><strong>auditum</strong></span> <span class='ocrx_word' id='word_1_918' title='bbox 2596 5247 2701 5300; x_wconf 92' lang='lat' dir='ltr'><strong>est,</strong></span> <span class='ocrx_word' id='word_1_919' title='bbox 2732 5237 2858 5307; x_wconf 90' lang='lat' dir='ltr'><strong>quia</strong></span> <span class='ocrx_word' id='word_1_920' title='bbox 2902 5248 3124 5308; x_wconf 85' lang='lat' dir='ltr'><strong>propter</strong></span> <span class='ocrx_word' id='word_1_921' title='bbox 3152 5240 3433 5293; x_wconf 89' lang='lat' dir='ltr'><strong>adventum</strong></span> <span class='ocrx_word' id='word_1_922' title='bbox 3468 5230 3694 5288; x_wconf 85' lang='lat' dir='ltr'><strong>Gallorum</strong></span> 
     </span>
    </p>
   </div>
   <div class='ocr_carea' id='block_1_114' title="bbox 2324 5312 3793 5398">
    <p class='ocr_par' dir='ltr' id='par_1_114' title="bbox 2324 5312 3793 5398">
     <span class='ocr_line' id='line_1_114' title="bbox 2324 5312 3793 5398; baseline 0.003 -17"><span class='ocrx_word' id='word_1_923' title='bbox 2324 5342 2611 5397; x_wconf 80' lang='lat' dir='ltr'><strong>scepmum</strong></span> <span class='ocrx_word' id='word_1_924' title='bbox 2637 5328 2870 5398; x_wconf 83' lang='lat' dir='ltr'><strong>synodus</strong></span> <span class='ocrx_word' id='word_1_925' title='bbox 2898 5339 3225 5384; x_wconf 86' lang='lat' dir='ltr'><strong>convenerat</strong></span> <span class='ocrx_word' id='word_1_926' title='bbox 3251 5344 3266 5383; x_wconf 88' lang='lat'><strong>:</strong></span> <span class='ocrx_word' id='word_1_927' title='bbox 3297 5344 3446 5385; x_wconf 87' lang='lat' dir='ltr'><strong>nemo</strong></span> <span class='ocrx_word' id='word_1_928' title='bbox 3472 5338 3564 5378; x_wconf 90' lang='lat' dir='ltr'><strong>non</strong></span> <span class='ocrx_word' id='word_1_929' title='bbox 3590 5312 3793 5385; x_wconf 59' lang='lat' dir='ltr'><strong>insemm&quot;</strong></span> 
     </span>
    </p>
   </div>
   <div class='ocr_carea' id='block_1_115' title="bbox 2326 5398 3793 5495">
    <p class='ocr_par' dir='ltr' id='par_1_115' title="bbox 2326 5398 3793 5495">
     <span class='ocr_line' id='line_1_115' title="bbox 2326 5398 3793 5495; baseline -0.007 -23"><span class='ocrx_word' id='word_1_930' title='bbox 2326 5418 2502 5472; x_wconf 90' lang='lat' dir='ltr'><strong>nullus</strong></span> <span class='ocrx_word' id='word_1_931' title='bbox 2534 5420 2879 5473; x_wconf 74' lang='lat' dir='ltr'><strong>mediocriter</strong></span> <span class='ocrx_word' id='word_1_932' title='bbox 2904 5421 3130 5490; x_wconf 89' lang='lat' dir='ltr'><strong>accepit.</strong></span> <span class='ocrx_word' id='word_1_933' title='bbox 3178 5420 3291 5475; x_wconf 85' lang='lat' dir='ltr'><strong>Non</strong></span> <span class='ocrx_word' id='word_1_934' title='bbox 3329 5427 3440 5477; x_wconf 85' lang='lat' dir='ltr'><strong>erat</strong></span> <span class='ocrx_word' id='word_1_935' title='bbox 3466 5413 3577 5470; x_wconf 80' lang='lat' dir='ltr'><strong>facti</strong></span> <span class='ocrx_word' id='word_1_936' title='bbox 3602 5398 3793 5495; x_wconf 50' lang='lat' dir='ltr'><strong>utialfo&#39;</strong></span> 
     </span>
    </p>
   </div>
   <div class='ocr_carea' id='block_1_116' title="bbox 2325 5488 3791 5583">
    <p class='ocr_par' dir='ltr' id='par_1_116' title="bbox 2325 5488 3791 5583">
     <span class='ocr_line' id='line_1_116' title="bbox 2325 5488 3791 5583; baseline -0.001 -22"><span class='ocrx_word' id='word_1_937' title='bbox 2325 5507 2458 5563; x_wconf 90' lang='lat' dir='ltr'><strong>lutio</strong></span> <span class='ocrx_word' id='word_1_938' title='bbox 2491 5509 2542 5562; x_wconf 91' lang='lat' dir='ltr'><strong>in</strong></span> <span class='ocrx_word' id='word_1_939' title='bbox 2572 5509 2843 5564; x_wconf 78' lang='lat' dir='ltr'><strong>Ambrosii</strong></span> <span class='ocrx_word' id='word_1_940' title='bbox 2889 5513 3287 5572; x_wconf 86' lang='lat' dir='ltr'><strong>communione,</strong></span> <span class='ocrx_word' id='word_1_941' title='bbox 3320 5511 3420 5563; x_wconf 87' lang='lat' dir='ltr'><strong>imo</strong></span> <span class='ocrx_word' id='word_1_942' title='bbox 3450 5506 3590 5559; x_wconf 86' lang='lat' dir='ltr'><strong>etiam</strong></span> <span class='ocrx_word' id='word_1_943' title='bbox 3626 5488 3791 5583; x_wconf 57' lang='grc' dir='ltr'><strong>πωνψιξ</strong></span> 
     </span>
    </p>
   </div>
   <div class='ocr_carea' id='block_1_117' title="bbox 2322 5577 3786 5670">
    <p class='ocr_par' dir='ltr' id='par_1_117' title="bbox 2322 5577 3786 5670">
     <span class='ocr_line' id='line_1_117' title="bbox 2322 5577 3786 5670; baseline -0.007 -17"><span class='ocrx_word' id='word_1_944' title='bbox 2322 5600 2595 5653; x_wconf 88' lang='lat' dir='ltr'><strong>commissi</strong></span> <span class='ocrx_word' id='word_1_945' title='bbox 2626 5612 2982 5670; x_wconf 76' lang='lat' dir='ltr'><strong>exaggeratur</strong></span> <span class='ocrx_word' id='word_1_946' title='bbox 3009 5603 3228 5668; x_wconf 85' lang='lat' dir='ltr'><strong>invidia,</strong></span> <span class='ocrx_word' id='word_1_947' title='bbox 3269 5603 3312 5656; x_wconf 88' lang='lat' dir='ltr'><strong>si</strong></span> <span class='ocrx_word' id='word_1_948' title='bbox 3356 5612 3500 5655; x_wconf 90' lang='lat' dir='ltr'><strong>nemo</strong></span> <span class='ocrx_word' id='word_1_949' title='bbox 3531 5594 3692 5648; x_wconf 74' lang='lat' dir='ltr'><strong>dicem</strong></span> 
     </span>
    </p>
   </div>
   <div class='ocr_carea' id='block_1_118' title="bbox 2326 5667 3785 5752">
    <p class='ocr_par' dir='ltr' id='par_1_118' title="bbox 2326 5667 3785 5752">
     <span class='ocr_line' id='line_1_118' title="bbox 2326 5667 3785 5752; baseline -0.001 -7"><span class='ocrx_word' id='word_1_950' title='bbox 2326 5692 2497 5747; x_wconf 89' lang='lat' dir='ltr'><strong>nostri</strong></span> <span class='ocrx_word' id='word_1_951' title='bbox 2530 5667 3023 5749; x_wconf 84' lang='lat' dir='ltr'><strong>reconciliationem</strong></span> <span class='ocrx_word' id='word_1_952' title='bbox 3056 5693 3169 5752; x_wconf 80' lang='lat' dir='ltr'><strong>fore</strong></span> <span class='ocrx_word' id='word_1_953' title='bbox 3196 5692 3545 5751; x_wconf 86' lang='lat' dir='ltr'><strong>necessariam.</strong></span> <span class='ocrx_word' id='word_1_954' title='bbox 3584 5682 3648 5734; x_wconf 81' lang='lat' dir='ltr'><strong>Aa</strong></span> <span class='ocrx_word' id='word_1_955' title='bbox 3673 5667 3785 5743; x_wconf 60' lang='lat' dir='ltr'><strong>Pw“</strong></span> 
     </span>
    </p>
   </div>
  </div>
