  <div class='ocr_page' id='page_1' title='image "/cluster/home/n/w/nwhite01/storage/ocr_20150623/125/hvd.32044015471667/388.png"; bbox 0 0 4006 6338; ppageno 0'>
   <div class='ocr_carea' id='block_1_1' title="bbox 185 356 292 409">
    <p class='ocr_par' dir='ltr' id='par_1_1' title="bbox 185 356 292 409">
     <span class='ocr_line' id='line_1_1' title="bbox 185 356 292 409; baseline 0 0"><span class='ocrx_word' id='word_1_1' title='bbox 185 356 292 409; x_wconf 82' lang='lat'><strong>765</strong></span> 
     </span>
    </p>
   </div>
   <div class='ocr_carea' id='block_1_2' title="bbox 1113 352 2509 415">
    <p class='ocr_par' dir='ltr' id='par_1_2' title="bbox 1113 352 2509 415">
     <span class='ocr_line' id='line_1_2' title="bbox 1113 352 2509 415; baseline -0.003 -3"><span class='ocrx_word' id='word_1_2' title='bbox 1113 352 1204 412; x_wconf 81' lang='lat' dir='ltr'><strong>DE</strong></span> <span class='ocrx_word' id='word_1_3' title='bbox 1238 353 1565 413; x_wconf 75' lang='lat' dir='ltr'><strong>DlV&#39;Oll&#39;l‘lO</strong></span> <span class='ocrx_word' id='word_1_4' title='bbox 1606 355 1930 413; x_wconf 64' lang='lat' dir='ltr'><strong>LO&#39;l‘ilARll</strong></span> <span class='ocrx_word' id='word_1_5' title='bbox 1959 355 2051 413; x_wconf 84' lang='lat' dir='ltr'><strong>ET</strong></span> <span class='ocrx_word' id='word_1_6' title='bbox 2092 358 2509 415; x_wconf 62' lang='lat' dir='ltr'><strong>TETBERGJS.</strong></span> 
     </span>
    </p>
   </div>
   <div class='ocr_carea' id='block_1_3' title="bbox 3338 365 3447 422">
    <p class='ocr_par' dir='ltr' id='par_1_3' title="bbox 3338 365 3447 422">
     <span class='ocr_line' id='line_1_3' title="bbox 3338 365 3447 422; baseline 0.037 -4"><span class='ocrx_word' id='word_1_7' title='bbox 3338 365 3447 422; x_wconf 85' lang='lat'><strong>766</strong></span> 
     </span>
    </p>
   </div>
   <div class='ocr_carea' id='block_1_4' title="bbox 183 469 3448 547">
    <p class='ocr_par' dir='ltr' id='par_1_4' title="bbox 183 469 3448 547">
     <span class='ocr_line' id='line_1_4' title="bbox 183 469 3448 547; baseline 0.002 -20"><span class='ocrx_word' id='word_1_8' title='bbox 183 480 259 535; x_wconf 89' lang='lat' dir='ltr'><strong>te,</strong></span> <span class='ocrx_word' id='word_1_9' title='bbox 293 469 620 540; x_wconf 79' lang='lat' dir='ltr'><strong>imperator,</strong></span> <span class='ocrx_word' id='word_1_10' title='bbox 654 470 759 527; x_wconf 88' lang='lat' dir='ltr'><strong>hoc</strong></span> <span class='ocrx_word' id='word_1_11' title='bbox 788 469 967 526; x_wconf 88' lang='lat' dir='ltr'><strong>facere</strong></span> <span class='ocrx_word' id='word_1_12' title='bbox 991 471 1133 540; x_wconf 89' lang='lat' dir='ltr'><strong>quod</strong></span> <span class='ocrx_word' id='word_1_13' title='bbox 1162 486 1256 526; x_wconf 78' lang='lat' dir='ltr'><strong>rex</strong></span> <span class='ocrx_word' id='word_1_14' title='bbox 1301 479 1356 525; x_wconf 88' lang='lat' dir='ltr'><strong>et</strong></span> <span class='ocrx_word' id='word_1_15' title='bbox 1384 472 1645 541; x_wconf 79' lang='lat' dir='ltr'><strong>propheta</strong></span> <span class='ocrx_word' id='word_1_16' title='bbox 1673 486 1769 523; x_wconf 86' lang='lat' dir='ltr'><strong>au-</strong></span> <span class='ocrx_word' id='word_1_17' title='bbox 1797 477 1844 534; x_wconf 86' lang='grc' dir='ltr'><strong>Α</strong></span> <span class='ocrx_word' id='word_1_18' title='bbox 1876 471 1963 525; x_wconf 81' lang='lat' dir='ltr'><strong>illa</strong></span> <span class='ocrx_word' id='word_1_19' title='bbox 1994 471 2341 526; x_wconf 84' lang='lat' dir='ltr'><strong>oﬂeusioue&#39;m</strong></span> <span class='ocrx_word' id='word_1_20' title='bbox 2374 487 2542 547; x_wconf 50' lang='lat' dir='ltr'><strong>{quin</strong></span> <span class='ocrx_word' id='word_1_21' title='bbox 2573 473 2690 527; x_wconf 70' lang='lat' dir='ltr'><strong>lucc</strong></span> <span class='ocrx_word' id='word_1_22' title='bbox 2735 472 2900 527; x_wconf 86' lang='lat' dir='ltr'><strong>habet</strong></span> <span class='ocrx_word' id='word_1_23' title='bbox 2943 473 3325 541; x_wconf 75' lang='lat' dir='ltr'><strong>humilitatem,</strong></span> <span class='ocrx_word' id='word_1_24' title='bbox 3359 479 3448 533; x_wconf 85' lang='lat' dir='ltr'><strong>illa</strong></span> 
     </span>
    </p>
   </div>
   <div class='ocr_carea' id='block_1_5' title="bbox 181 561 1770 632">
    <p class='ocr_par' dir='ltr' id='par_1_5' title="bbox 181 561 1770 632">
     <span class='ocr_line' id='line_1_5' title="bbox 181 561 1770 632; baseline -0.003 -13"><span class='ocrx_word' id='word_1_25' title='bbox 181 577 310 619; x_wconf 90' lang='lat' dir='ltr'><strong>ctor</strong></span> <span class='ocrx_word' id='word_1_26' title='bbox 327 564 531 619; x_wconf 89' lang='lat' dir='ltr'><strong>Christi</strong></span> <span class='ocrx_word' id='word_1_27' title='bbox 556 563 852 618; x_wconf 88' lang='lat' dir='ltr'><strong>secundum</strong></span> <span class='ocrx_word' id='word_1_28' title='bbox 880 577 1097 617; x_wconf 86' lang='lat' dir='ltr'><strong>carnem</strong></span> <span class='ocrx_word' id='word_1_29' title='bbox 1122 564 1386 632; x_wconf 70' lang='lat' dir='ltr'><strong>prosapia:</strong></span> <span class='ocrx_word' id='word_1_30' title='bbox 1415 561 1537 615; x_wconf 85' lang='lat' dir='ltr'><strong>fecit</strong></span> <span class='ocrx_word' id='word_1_31' title='bbox 1568 561 1770 615; x_wconf 83' lang='lat' dir='ltr'><strong>David?</strong></span> 
     </span>
    </p>
   </div>
   <div class='ocr_carea' id='block_1_6' title="bbox 180 651 1773 726">
    <p class='ocr_par' dir='ltr' id='par_1_6' title="bbox 180 651 1773 726">
     <span class='ocr_line' id='line_1_6' title="bbox 180 651 1773 726; baseline -0.004 -15"><span class='ocrx_word' id='word_1_32' title='bbox 180 656 419 725; x_wconf 82' lang='lat' dir='ltr'><strong>Cognito</strong></span> <span class='ocrx_word' id='word_1_33' title='bbox 446 655 590 726; x_wconf 88' lang='lat' dir='ltr'><strong>quod</strong></span> <span class='ocrx_word' id='word_1_34' title='bbox 619 655 733 725; x_wconf 89' lang='lat' dir='ltr'><strong>ipse</strong></span> <span class='ocrx_word' id='word_1_35' title='bbox 763 654 815 707; x_wconf 92' lang='lat' dir='ltr'><strong>in</strong></span> <span class='ocrx_word' id='word_1_36' title='bbox 845 653 1099 724; x_wconf 87' lang='lat' dir='ltr'><strong>parabola</strong></span> <span class='ocrx_word' id='word_1_37' title='bbox 1129 665 1464 722; x_wconf 89' lang='lat' dir='ltr'><strong>argueretur,</strong></span> <span class='ocrx_word' id='word_1_38' title='bbox 1494 654 1569 707; x_wconf 90' lang='lat' dir='ltr'><strong>ait</strong></span> <span class='ocrx_word' id='word_1_39' title='bbox 1598 672 1610 707; x_wconf 84' lang='lat'><strong>:</strong></span> <span class='ocrx_word' id='word_1_40' title='bbox 1648 651 1773 705; x_wconf 86' lang='lat' dir='ltr'><strong>Pec-</strong></span> 
     </span>
    </p>
   </div>
   <div class='ocr_carea' id='block_1_7' title="bbox 181 742 1772 815">
    <p class='ocr_par' dir='ltr' id='par_1_7' title="bbox 181 742 1772 815">
     <span class='ocr_line' id='line_1_7' title="bbox 181 742 1772 815; baseline -0.004 -15"><span class='ocrx_word' id='word_1_41' title='bbox 181 747 303 801; x_wconf 85' lang='lat' dir='ltr'><strong>cavi</strong></span> <span class='ocrx_word' id='word_1_42' title='bbox 328 746 551 799; x_wconf 85' lang='lat' dir='ltr'><strong>Domino</strong></span> <span class='ocrx_word' id='word_1_43' title='bbox 580 744 662 815; x_wconf 88' lang='grc'><strong>(11</strong></span> <span class='ocrx_word' id='word_1_44' title='bbox 696 743 820 814; x_wconf 80' lang='lat' dir='ltr'><strong>Reg.</strong></span> <span class='ocrx_word' id='word_1_45' title='bbox 849 761 942 801; x_wconf 65' lang='grc' dir='ltr'><strong>κη.</strong></span> <span class='ocrx_word' id='word_1_46' title='bbox 975 744 1084 813; x_wconf 80' lang='grc'><strong>15).</strong></span> <span class='ocrx_word' id='word_1_47' title='bbox 1125 743 1241 796; x_wconf 83' lang='lat' dir='ltr'><strong>Noli</strong></span> <span class='ocrx_word' id='word_1_48' title='bbox 1272 759 1400 813; x_wconf 83' lang='lat' dir='ltr'><strong>ergo</strong></span> <span class='ocrx_word' id='word_1_49' title='bbox 1427 742 1772 810; x_wconf 88' lang='lat' dir='ltr'><strong>impatienter</strong></span> 
     </span>
    </p>
   </div>
   <div class='ocr_carea' id='block_1_8' title="bbox 185 835 1762 907">
    <p class='ocr_par' dir='ltr' id='par_1_8' title="bbox 185 835 1762 907">
     <span class='ocr_line' id='line_1_8' title="bbox 185 835 1762 907; baseline -0.003 -15"><span class='ocrx_word' id='word_1_50' title='bbox 185 836 355 898; x_wconf 81' lang='lat' dir='ltr'><strong>ferre.</strong></span> <span class='ocrx_word' id='word_1_51' title='bbox 385 839 699 907; x_wconf 73' lang='lat' dir='ltr'><strong>imperator,</strong></span> <span class='ocrx_word' id='word_1_52' title='bbox 729 838 772 890; x_wconf 96' lang='lat' dir='ltr'><strong>si</strong></span> <span class='ocrx_word' id='word_1_53' title='bbox 825 837 1037 890; x_wconf 89' lang='lat' dir='ltr'><strong>dicatur</strong></span> <span class='ocrx_word' id='word_1_54' title='bbox 1081 836 1175 890; x_wconf 89' lang='lat' dir='ltr'><strong>tibi</strong></span> <span class='ocrx_word' id='word_1_55' title='bbox 1212 853 1226 888; x_wconf 87' lang='lat'><strong>:</strong></span> <span class='ocrx_word' id='word_1_56' title='bbox 1272 835 1350 889; x_wconf 87' lang='lat' dir='ltr'><strong>Tu</strong></span> <span class='ocrx_word' id='word_1_57' title='bbox 1397 835 1569 889; x_wconf 90' lang='lat' dir='ltr'><strong>fecisti</strong></span> <span class='ocrx_word' id='word_1_58' title='bbox 1603 835 1762 895; x_wconf 85' lang='lat' dir='ltr'><strong>istud,</strong></span> 
     </span>
    </p>
   </div>
   <div class='ocr_carea' id='block_1_9' title="bbox 180 927 1769 998">
    <p class='ocr_par' dir='ltr' id='par_1_9' title="bbox 180 927 1769 998">
     <span class='ocr_line' id='line_1_9' title="bbox 180 927 1769 998; baseline 0 -19"><span class='ocrx_word' id='word_1_59' title='bbox 180 929 334 997; x_wconf 87' lang='lat' dir='ltr'><strong>quod</strong></span> <span class='ocrx_word' id='word_1_60' title='bbox 366 928 530 981; x_wconf 90' lang='lat' dir='ltr'><strong>David</strong></span> <span class='ocrx_word' id='word_1_61' title='bbox 559 927 670 998; x_wconf 87' lang='lat' dir='ltr'><strong>regi</strong></span> <span class='ocrx_word' id='word_1_62' title='bbox 696 928 898 983; x_wconf 87' lang='lat' dir='ltr'><strong>dictum</strong></span> <span class='ocrx_word' id='word_1_63' title='bbox 928 938 1011 982; x_wconf 90' lang='lat' dir='ltr'><strong>est</strong></span> <span class='ocrx_word' id='word_1_64' title='bbox 1040 944 1069 980; x_wconf 91' lang='lat' dir='ltr'><strong>a</strong></span> <span class='ocrx_word' id='word_1_65' title='bbox 1098 929 1377 997; x_wconf 89' lang='lat' dir='ltr'><strong>propheta.</strong></span> <span class='ocrx_word' id='word_1_66' title='bbox 1410 928 1465 981; x_wconf 83' lang='lat' dir='ltr'><strong>Si</strong></span> <span class='ocrx_word' id='word_1_67' title='bbox 1494 928 1637 980; x_wconf 89' lang='lat' dir='ltr'><strong>enim</strong></span> <span class='ocrx_word' id='word_1_68' title='bbox 1668 927 1769 980; x_wconf 91' lang='lat' dir='ltr'><strong>hoc</strong></span> 
     </span>
    </p>
   </div>
   <div class='ocr_carea' id='block_1_10' title="bbox 179 1016 1771 1081">
    <p class='ocr_par' dir='ltr' id='par_1_10' title="bbox 179 1016 1771 1081">
     <span class='ocr_line' id='line_1_10' title="bbox 179 1016 1771 1081; baseline -0.002 -11"><span class='ocrx_word' id='word_1_69' title='bbox 179 1017 379 1070; x_wconf 85' lang='lat' dir='ltr'><strong>sedulo</strong></span> <span class='ocrx_word' id='word_1_70' title='bbox 403 1016 639 1071; x_wconf 87' lang='lat' dir='ltr'><strong>audieris</strong></span> <span class='ocrx_word' id='word_1_71' title='bbox 664 1025 719 1070; x_wconf 87' lang='lat' dir='ltr'><strong>et</strong></span> <span class='ocrx_word' id='word_1_72' title='bbox 745 1016 945 1071; x_wconf 78' lang='lat' dir='ltr'><strong>dixeris</strong></span> <span class='ocrx_word' id='word_1_73' title='bbox 973 1034 986 1070; x_wconf 93' lang='lat'>:</span> <span class='ocrx_word' id='word_1_74' title='bbox 1018 1017 1233 1071; x_wconf 84' lang='lat' dir='ltr'><strong>Peccavi</strong></span> <span class='ocrx_word' id='word_1_75' title='bbox 1261 1017 1516 1081; x_wconf 84' lang='lat' dir='ltr'><strong>Domino;</strong></span> <span class='ocrx_word' id='word_1_76' title='bbox 1546 1017 1589 1071; x_wconf 91' lang='lat' dir='ltr'><strong>si</strong></span> <span class='ocrx_word' id='word_1_77' title='bbox 1618 1017 1771 1070; x_wconf 79' lang='lat' dir='ltr'><strong>dixe-</strong></span> 
     </span>
    </p>
   </div>
   <div class='ocr_carea' id='block_1_11' title="bbox 180 1107 1768 1178">
    <p class='ocr_par' dir='ltr' id='par_1_11' title="bbox 180 1107 1768 1178">
     <span class='ocr_line' id='line_1_11' title="bbox 180 1107 1768 1178; baseline -0.001 -16"><span class='ocrx_word' id='word_1_78' title='bbox 180 1108 267 1162; x_wconf 77' lang='lat' dir='ltr'><strong>ris</strong></span> <span class='ocrx_word' id='word_1_79' title='bbox 295 1116 352 1161; x_wconf 89' lang='lat' dir='ltr'><strong>et</strong></span> <span class='ocrx_word' id='word_1_80' title='bbox 379 1107 505 1161; x_wconf 91' lang='lat' dir='ltr'><strong>illud</strong></span> <span class='ocrx_word' id='word_1_81' title='bbox 534 1108 905 1176; x_wconf 83' lang='lat' dir='ltr'><strong>propheticum</strong></span> <span class='ocrx_word' id='word_1_82' title='bbox 937 1126 950 1162; x_wconf 92' lang='lat'><strong>:</strong></span> <span class='ocrx_word' id='word_1_83' title='bbox 988 1107 1167 1162; x_wconf 77' lang='lat' dir='ltr'><strong>Venite</strong></span> <span class='ocrx_word' id='word_1_84' title='bbox 1195 1110 1492 1171; x_wconf 79' lang='lat' dir='ltr'><strong>adoremus,</strong></span> <span class='ocrx_word' id='word_1_85' title='bbox 1517 1121 1563 1162; x_wconf 85' lang='lat' dir='ltr'><strong>et</strong></span> <span class='ocrx_word' id='word_1_86' title='bbox 1592 1111 1768 1178; x_wconf 82' lang='lat' dir='ltr'><strong>proci-</strong></span> 
     </span>
    </p>
   </div>
   <div class='ocr_carea' id='block_1_12' title="bbox 175 1199 1768 1271">
    <p class='ocr_par' dir='ltr' id='par_1_12' title="bbox 175 1199 1768 1271">
     <span class='ocr_line' id='line_1_12' title="bbox 175 1199 1768 1271; baseline 0.001 -19"><span class='ocrx_word' id='word_1_87' title='bbox 175 1199 379 1253; x_wconf 78' lang='lat' dir='ltr'><strong>damus</strong></span> <span class='ocrx_word' id='word_1_88' title='bbox 408 1209 528 1253; x_wconf 89' lang='lat' dir='ltr'><strong>ante</strong></span> <span class='ocrx_word' id='word_1_89' title='bbox 554 1215 691 1263; x_wconf 85' lang='lat' dir='ltr'><strong>eum,</strong></span> <span class='ocrx_word' id='word_1_90' title='bbox 721 1208 770 1253; x_wconf 89' lang='lat' dir='ltr'><strong>et</strong></span> <span class='ocrx_word' id='word_1_91' title='bbox 800 1200 1059 1270; x_wconf 85' lang='lat' dir='ltr'><strong>ploremus</strong></span> <span class='ocrx_word' id='word_1_92' title='bbox 1085 1211 1204 1254; x_wconf 89' lang='lat' dir='ltr'><strong>ante</strong></span> <span class='ocrx_word' id='word_1_93' title='bbox 1232 1200 1507 1254; x_wconf 88' lang='lat' dir='ltr'><strong>Dominum</strong></span> <span class='ocrx_word' id='word_1_94' title='bbox 1535 1203 1624 1271; x_wconf 86' lang='lat' dir='ltr'><strong>qui</strong></span> <span class='ocrx_word' id='word_1_95' title='bbox 1649 1201 1768 1268; x_wconf 85' lang='lat' dir='ltr'><strong>fecit</strong></span> 
     </span>
    </p>
   </div>
   <div class='ocr_carea' id='block_1_13' title="bbox 177 1289 1770 1361">
    <p class='ocr_par' dir='ltr' id='par_1_13' title="bbox 177 1289 1770 1361">
     <span class='ocr_line' id='line_1_13' title="bbox 177 1289 1770 1361; baseline 0.001 -17"><span class='ocrx_word' id='word_1_96' title='bbox 177 1306 285 1344; x_wconf 83' lang='lat' dir='ltr'><strong>nos</strong></span> <span class='ocrx_word' id='word_1_97' title='bbox 325 1289 496 1359; x_wconf 87' lang='lat' dir='ltr'><strong>(Psal.</strong></span> <span class='ocrx_word' id='word_1_98' title='bbox 521 1305 668 1354; x_wconf 59' lang='grc' dir='ltr'><strong>κων,</strong></span> <span class='ocrx_word' id='word_1_99' title='bbox 692 1290 771 1361; x_wconf 87' lang='lat'><strong>6),</strong></span> <span class='ocrx_word' id='word_1_100' title='bbox 797 1291 1005 1345; x_wconf 83' lang='lat' dir='ltr'><strong>dicetur</strong></span> <span class='ocrx_word' id='word_1_101' title='bbox 1031 1299 1085 1345; x_wconf 89' lang='lat' dir='ltr'><strong>et</strong></span> <span class='ocrx_word' id='word_1_102' title='bbox 1120 1291 1234 1355; x_wconf 89' lang='lat' dir='ltr'><strong>tibi,</strong></span> <span class='ocrx_word' id='word_1_103' title='bbox 1261 1292 1513 1359; x_wconf 89' lang='lat' dir='ltr'><strong>quoniam</strong></span> <span class='ocrx_word' id='word_1_104' title='bbox 1544 1293 1770 1360; x_wconf 77' lang='lat' dir='ltr'><strong>poenitet</strong></span> 
     </span>
    </p>
   </div>
   <div class='ocr_carea' id='block_1_14' title="bbox 181 1377 1768 1448">
    <p class='ocr_par' dir='ltr' id='par_1_14' title="bbox 181 1377 1768 1448">
     <span class='ocr_line' id='line_1_14' title="bbox 181 1377 1768 1448; baseline 0.003 -18"><span class='ocrx_word' id='word_1_105' title='bbox 181 1386 281 1441; x_wconf 85' lang='lat' dir='ltr'><strong>te,</strong></span> <span class='ocrx_word' id='word_1_106' title='bbox 319 1377 555 1432; x_wconf 86' lang='lat' dir='ltr'><strong>dimittet</strong></span> <span class='ocrx_word' id='word_1_107' title='bbox 603 1378 698 1432; x_wconf 88' lang='lat' dir='ltr'><strong>tibi</strong></span> <span class='ocrx_word' id='word_1_108' title='bbox 750 1378 1007 1432; x_wconf 82' lang='lat' dir='ltr'><strong>Dominus</strong></span> <span class='ocrx_word' id='word_1_109' title='bbox 1053 1389 1333 1448; x_wconf 85' lang='lat' dir='ltr'><strong>peccatum</strong></span> <span class='ocrx_word' id='word_1_110' title='bbox 1384 1389 1530 1433; x_wconf 90' lang='lat' dir='ltr'><strong>tuum</strong></span> <span class='ocrx_word' id='word_1_111' title='bbox 1570 1390 1622 1433; x_wconf 89' lang='lat' dir='ltr'><strong>et</strong></span> <span class='ocrx_word' id='word_1_112' title='bbox 1661 1398 1768 1435; x_wconf 89' lang='lat' dir='ltr'><strong>non</strong></span> 
     </span>
    </p>
   </div>
   <div class='ocr_carea' id='block_1_15' title="bbox 177 1468 1772 1541">
    <p class='ocr_par' dir='ltr' id='par_1_15' title="bbox 177 1468 1772 1541">
     <span class='ocr_line' id='line_1_15' title="bbox 177 1468 1772 1541; baseline 0.003 -19"><span class='ocrx_word' id='word_1_113' title='bbox 177 1468 462 1523; x_wconf 85' lang='lat' dir='ltr'><strong>morieris.</strong></span> <span class='ocrx_word' id='word_1_114' title='bbox 500 1487 520 1519; x_wconf 72' lang='grc' dir='ltr'><strong><em>ι</em></strong></span> <span class='ocrx_word' id='word_1_115' title='bbox 567 1468 635 1523; x_wconf 83' lang='grc' dir='ltr'><strong>Ει</strong></span> <span class='ocrx_word' id='word_1_116' title='bbox 680 1470 805 1523; x_wconf 89' lang='lat' dir='ltr'><strong>item</strong></span> <span class='ocrx_word' id='word_1_117' title='bbox 856 1470 921 1523; x_wconf 92' lang='lat' dir='ltr'><strong>ad</strong></span> <span class='ocrx_word' id='word_1_118' title='bbox 973 1470 1145 1525; x_wconf 88' lang='lat' dir='ltr'><strong>locum</strong></span> <span class='ocrx_word' id='word_1_119' title='bbox 1182 1490 1193 1522; x_wconf 92' lang='lat'><strong>:</strong></span> <span class='ocrx_word' id='word_1_120' title='bbox 1235 1490 1252 1522; x_wconf 75' lang='grc' dir='ltr'>ι</span> <span class='ocrx_word' id='word_1_121' title='bbox 1287 1470 1473 1539; x_wconf 80' lang='lat' dir='ltr'><strong>Itaque</strong></span> <span class='ocrx_word' id='word_1_122' title='bbox 1520 1474 1772 1541; x_wconf 77' lang='lat' dir='ltr'><strong>pmuituit</strong></span> 
     </span>
    </p>
   </div>
   <div class='ocr_carea' id='block_1_16' title="bbox 180 1557 1769 1631">
    <p class='ocr_par' dir='ltr' id='par_1_16' title="bbox 180 1557 1769 1631">
     <span class='ocr_line' id='line_1_16' title="bbox 180 1557 1769 1631; baseline 0.004 -21"><span class='ocrx_word' id='word_1_123' title='bbox 180 1557 502 1622; x_wconf 89' lang='lat' dir='ltr'><strong>Dominum,</strong></span> <span class='ocrx_word' id='word_1_124' title='bbox 530 1566 580 1613; x_wconf 84' lang='lat' dir='ltr'><strong>et</strong></span> <span class='ocrx_word' id='word_1_125' title='bbox 605 1557 768 1626; x_wconf 84' lang='lat' dir='ltr'><strong>jussit</strong></span> <span class='ocrx_word' id='word_1_126' title='bbox 791 1560 982 1631; x_wconf 82' lang='lat' dir='ltr'><strong>angelo</strong></span> <span class='ocrx_word' id='word_1_127' title='bbox 1010 1569 1067 1614; x_wconf 91' lang='lat' dir='ltr'><strong>ut</strong></span> <span class='ocrx_word' id='word_1_128' title='bbox 1097 1571 1343 1628; x_wconf 80' lang='lat' dir='ltr'><strong>parceret</strong></span> <span class='ocrx_word' id='word_1_129' title='bbox 1372 1563 1534 1631; x_wconf 80' lang='lat' dir='ltr'><strong>plebi,</strong></span> <span class='ocrx_word' id='word_1_130' title='bbox 1563 1558 1769 1617; x_wconf 82' lang='lat' dir='ltr'><strong>sacriﬁ—</strong></span> 
     </span>
    </p>
   </div>
   <div class='ocr_carea' id='block_1_17' title="bbox 177 1647 1771 1709">
    <p class='ocr_par' dir='ltr' id='par_1_17' title="bbox 177 1647 1771 1709">
     <span class='ocr_line' id='line_1_17' title="bbox 177 1647 1771 1709; baseline 0.006 -10"><span class='ocrx_word' id='word_1_131' title='bbox 177 1647 333 1700; x_wconf 86' lang='lat' dir='ltr'><strong>cium</strong></span> <span class='ocrx_word' id='word_1_132' title='bbox 362 1656 540 1702; x_wconf 83' lang='lat' dir='ltr'><strong>aulem</strong></span> <span class='ocrx_word' id='word_1_133' title='bbox 568 1648 787 1705; x_wconf 84' lang='lat' dir='ltr'><strong>oll&#39;erret</strong></span> <span class='ocrx_word' id='word_1_134' title='bbox 814 1651 1002 1705; x_wconf 81' lang='lat' dir='ltr'><strong>David.</strong></span> <span class='ocrx_word' id='word_1_135' title='bbox 1045 1652 1211 1705; x_wconf 85' lang='lat' dir='ltr'><strong>Erant</strong></span> <span class='ocrx_word' id='word_1_136' title='bbox 1237 1653 1379 1706; x_wconf 87' lang='lat' dir='ltr'><strong>enim</strong></span> <span class='ocrx_word' id='word_1_137' title='bbox 1410 1663 1535 1708; x_wconf 88' lang='lat' dir='ltr'><strong>tunc</strong></span> <span class='ocrx_word' id='word_1_138' title='bbox 1564 1655 1771 1709; x_wconf 87' lang='lat' dir='ltr'><strong>sacriﬁ-</strong></span> 
     </span>
    </p>
   </div>
   <div class='ocr_carea' id='block_1_18' title="bbox 176 1739 1764 1812">
    <p class='ocr_par' dir='ltr' id='par_1_18' title="bbox 176 1739 1764 1812">
     <span class='ocr_line' id='line_1_18' title="bbox 176 1739 1764 1812; baseline 0.004 -19"><span class='ocrx_word' id='word_1_139' title='bbox 176 1741 273 1793; x_wconf 83' lang='lat' dir='ltr'><strong>cia</strong></span> <span class='ocrx_word' id='word_1_140' title='bbox 322 1755 421 1808; x_wconf 90' lang='lat' dir='ltr'><strong>pro</strong></span> <span class='ocrx_word' id='word_1_141' title='bbox 458 1739 686 1803; x_wconf 83' lang='lat' dir='ltr'><strong>delictis,</strong></span> <span class='ocrx_word' id='word_1_142' title='bbox 717 1749 774 1794; x_wconf 89' lang='lat' dir='ltr'><strong>et</strong></span> <span class='ocrx_word' id='word_1_143' title='bbox 802 1757 943 1795; x_wconf 87' lang='lat' dir='ltr'><strong>nunc</strong></span> <span class='ocrx_word' id='word_1_144' title='bbox 972 1750 1096 1795; x_wconf 90' lang='lat' dir='ltr'><strong>sunt</strong></span> <span class='ocrx_word' id='word_1_145' title='bbox 1122 1744 1385 1796; x_wconf 80' lang='lat' dir='ltr'><strong>sacriﬁcia</strong></span> <span class='ocrx_word' id='word_1_146' title='bbox 1415 1745 1764 1812; x_wconf 68' lang='lat' dir='ltr'><strong>[lfl‘ltllclllltl’.</strong></span> 
     </span>
    </p>
   </div>
   <div class='ocr_carea' id='block_1_19' title="bbox 1871 562 3450 632">
    <p class='ocr_par' dir='ltr' id='par_1_19' title="bbox 1871 562 3450 632">
     <span class='ocr_line' id='line_1_19' title="bbox 1871 562 3450 632; baseline 0.005 -18"><span class='ocrx_word' id='word_1_147' title='bbox 1871 570 2236 627; x_wconf 86' lang='lat' dir='ltr'><strong>contemptum</strong></span> <span class='ocrx_word' id='word_1_148' title='bbox 2268 576 2282 615; x_wconf 91' lang='lat'>:</span> <span class='ocrx_word' id='word_1_149' title='bbox 2320 562 2410 615; x_wconf 89' lang='lat' dir='ltr'><strong>Dei</strong></span> <span class='ocrx_word' id='word_1_150' title='bbox 2457 563 2600 615; x_wconf 89' lang='lat' dir='ltr'><strong>enim</strong></span> <span class='ocrx_word' id='word_1_151' title='bbox 2647 578 2746 616; x_wconf 77' lang='lat' dir='ltr'><strong>vox</strong></span> <span class='ocrx_word' id='word_1_152' title='bbox 2777 573 2893 625; x_wconf 81' lang='lat' dir='ltr'><strong>est,</strong></span> <span class='ocrx_word' id='word_1_153' title='bbox 2924 566 3064 632; x_wconf 90' lang='lat' dir='ltr'><strong>quod</strong></span> <span class='ocrx_word' id='word_1_154' title='bbox 3096 566 3245 620; x_wconf 88' lang='lat' dir='ltr'><strong>tualit</strong></span> <span class='ocrx_word' id='word_1_155' title='bbox 3267 576 3326 621; x_wconf 93' lang='lat' dir='ltr'><strong>ut</strong></span> <span class='ocrx_word' id='word_1_156' title='bbox 3355 568 3450 622; x_wconf 89' lang='lat' dir='ltr'><strong>ﬁat</strong></span> 
     </span>
    </p>
   </div>
   <div class='ocr_carea' id='block_1_20' title="bbox 1872 650 3421 718">
    <p class='ocr_par' dir='ltr' id='par_1_20' title="bbox 1872 650 3421 718">
     <span class='ocr_line' id='line_1_20' title="bbox 1872 650 3421 718; baseline 0.003 -15"><span class='ocrx_word' id='word_1_157' title='bbox 1872 650 2183 703; x_wconf 88' lang='lat' dir='ltr'><strong>mandatum</strong></span> <span class='ocrx_word' id='word_1_158' title='bbox 2213 650 2351 718; x_wconf 82' lang='lat' dir='ltr'><strong>ejus,</strong></span> <span class='ocrx_word' id='word_1_159' title='bbox 2375 666 2534 718; x_wconf 89' lang='lat' dir='ltr'><strong>quam</strong></span> <span class='ocrx_word' id='word_1_160' title='bbox 2559 651 2835 704; x_wconf 87' lang='lat' dir='ltr'><strong>deferatur</strong></span> <span class='ocrx_word' id='word_1_161' title='bbox 2861 652 3206 705; x_wconf 88' lang='lat' dir='ltr'><strong>sacriﬁcium.</strong></span> <span class='ocrx_word' id='word_1_162' title='bbox 3237 652 3421 708; x_wconf 87' lang='lat' dir='ltr'><strong>Clama</strong></span> 
     </span>
    </p>
   </div>
   <div class='ocr_carea' id='block_1_21' title="bbox 1872 740 3449 812">
    <p class='ocr_par' dir='ltr' id='par_1_21' title="bbox 1872 740 3449 812">
     <span class='ocr_line' id='line_1_21' title="bbox 1872 740 3449 812; baseline 0.001 -18"><span class='ocrx_word' id='word_1_163' title='bbox 1872 741 2013 794; x_wconf 91' lang='lat' dir='ltr'><strong>istud</strong></span> <span class='ocrx_word' id='word_1_164' title='bbox 2047 742 2188 794; x_wconf 85' lang='lat' dir='ltr'><strong>Deus</strong></span> <span class='ocrx_word' id='word_1_165' title='bbox 2216 742 2280 794; x_wconf 84' lang='lat' dir='ltr'><strong>ad</strong></span> <span class='ocrx_word' id='word_1_166' title='bbox 2308 740 2585 810; x_wconf 79' lang='lat' dir='ltr'><strong>papulum,</strong></span> <span class='ocrx_word' id='word_1_167' title='bbox 2612 741 2820 812; x_wconf 81' lang='lat' dir='ltr'><strong>May-es</strong></span> <span class='ocrx_word' id='word_1_168' title='bbox 2843 742 3146 804; x_wconf 87' lang='lat' dir='ltr'><strong>annuntiat,</strong></span> <span class='ocrx_word' id='word_1_169' title='bbox 3170 742 3449 811; x_wconf 85' lang='lat' dir='ltr'><strong>apostolus</strong></span> 
     </span>
    </p>
   </div>
   <div class='ocr_carea' id='block_1_22' title="bbox 1870 822 3447 903">
    <p class='ocr_par' dir='ltr' id='par_1_22' title="bbox 1870 822 3447 903">
     <span class='ocr_line' id='line_1_22' title="bbox 1870 822 3447 903; baseline 0.003 -18"><span class='ocrx_word' id='word_1_170' title='bbox 1870 832 2070 886; x_wconf 85' lang='lat' dir='ltr'><strong>Paulus</strong></span> <span class='ocrx_word' id='word_1_171' title='bbox 2098 822 2371 899; x_wconf 70' lang='lat' dir='ltr'><strong>prmtlirat.</strong></span> <span class='ocrx_word' id='word_1_172' title='bbox 2400 833 2450 884; x_wconf 89' lang='lat' dir='ltr'><strong>ld</strong></span> <span class='ocrx_word' id='word_1_173' title='bbox 2475 833 2639 889; x_wconf 89' lang='lat' dir='ltr'><strong>facito</strong></span> <span class='ocrx_word' id='word_1_174' title='bbox 2662 834 2803 903; x_wconf 84' lang='lat' dir='ltr'><strong>quoi</strong></span> <span class='ocrx_word' id='word_1_175' title='bbox 2838 822 3090 903; x_wconf 80' lang='lat' dir='ltr'><strong>intelligis</strong></span> <span class='ocrx_word' id='word_1_176' title='bbox 3119 834 3171 888; x_wconf 92' lang='lat' dir='ltr'><strong>in</strong></span> <span class='ocrx_word' id='word_1_177' title='bbox 3205 843 3447 903; x_wconf 86' lang='lat' dir='ltr'><strong>tempore</strong></span> 
     </span>
    </p>
   </div>
   <div class='ocr_carea' id='block_1_23' title="bbox 1873 921 3445 993">
    <p class='ocr_par' dir='ltr' id='par_1_23' title="bbox 1873 921 3445 993">
     <span class='ocr_line' id='line_1_23' title="bbox 1873 921 3445 993; baseline 0.002 -20"><span class='ocrx_word' id='word_1_178' title='bbox 1873 924 1990 992; x_wconf 83' lang='lat' dir='ltr'><strong>plus</strong></span> <span class='ocrx_word' id='word_1_179' title='bbox 2024 923 2254 991; x_wconf 82' lang='lat' dir='ltr'><strong>placere.</strong></span> <span class='ocrx_word' id='word_1_180' title='bbox 2299 921 2741 985; x_wconf 75' lang='lat' dir='ltr'><strong>Illisericordiam,</strong></span> <span class='ocrx_word' id='word_1_181' title='bbox 2773 923 2803 975; x_wconf 63' lang='lat' dir='ltr'><strong>i.</strong></span> <span class='ocrx_word' id='word_1_182' title='bbox 2828 923 2968 990; x_wconf 84' lang='lat' dir='ltr'><strong>quit,</strong></span> <span class='ocrx_word' id='word_1_183' title='bbox 2998 921 3136 976; x_wconf 86' lang='lat' dir='ltr'><strong>malo</strong></span> <span class='ocrx_word' id='word_1_184' title='bbox 3166 940 3324 993; x_wconf 87' lang='lat' dir='ltr'><strong>quam</strong></span> <span class='ocrx_word' id='word_1_185' title='bbox 3354 939 3445 976; x_wconf 88' lang='lat' dir='ltr'><strong>sa—</strong></span> 
     </span>
    </p>
   </div>
   <div class='ocr_carea' id='block_1_24' title="bbox 1869 1014 3450 1084">
    <p class='ocr_par' dir='ltr' id='par_1_24' title="bbox 1869 1014 3450 1084">
     <span class='ocr_line' id='line_1_24' title="bbox 1869 1014 3450 1084; baseline 0.002 -18"><span class='ocrx_word' id='word_1_186' title='bbox 1869 1015 2123 1081; x_wconf 85' lang='lat' dir='ltr'><strong>cri/icium</strong></span> <span class='ocrx_word' id='word_1_187' title='bbox 2181 1014 2486 1077; x_wconf 73' lang='lat' dir='ltr'><strong>(Mali/LIX,</strong></span> <span class='ocrx_word' id='word_1_188' title='bbox 2522 1016 2631 1081; x_wconf 82' lang='grc'><strong>15).</strong></span> <span class='ocrx_word' id='word_1_189' title='bbox 2670 1015 2831 1079; x_wconf 84' lang='lat' dir='ltr'><strong>Quasi</strong></span> <span class='ocrx_word' id='word_1_190' title='bbox 2884 1032 2987 1067; x_wconf 84' lang='lat' dir='ltr'><strong>non</strong></span> <span class='ocrx_word' id='word_1_191' title='bbox 3014 1014 3087 1068; x_wconf 90' lang='lat' dir='ltr'><strong>illi</strong></span> <span class='ocrx_word' id='word_1_192' title='bbox 3117 1016 3285 1084; x_wconf 82' lang='lat' dir='ltr'><strong>magis</strong></span> <span class='ocrx_word' id='word_1_193' title='bbox 3339 1015 3450 1069; x_wconf 84' lang='lat' dir='ltr'><strong>sint</strong></span> 
     </span>
    </p>
   </div>
   <div class='ocr_carea' id='block_1_25' title="bbox 1869 1107 3448 1177">
    <p class='ocr_par' dir='ltr' id='par_1_25' title="bbox 1869 1107 3448 1177">
     <span class='ocr_line' id='line_1_25' title="bbox 1869 1107 3448 1177; baseline 0.001 -17"><span class='ocrx_word' id='word_1_194' title='bbox 1869 1107 2180 1170; x_wconf 75' lang='lat' dir='ltr'><strong>Cbrist&#39;aui,</strong></span> <span class='ocrx_word' id='word_1_195' title='bbox 2196 1107 2286 1175; x_wconf 89' lang='lat' dir='ltr'><strong>qui</strong></span> <span class='ocrx_word' id='word_1_196' title='bbox 2308 1108 2583 1176; x_wconf 69' lang='lat' dir='ltr'><strong>precatum</strong></span> <span class='ocrx_word' id='word_1_197' title='bbox 2603 1107 2959 1160; x_wconf 83' lang='lat' dir='ltr'><strong>cmulentuaut</strong></span> <span class='ocrx_word' id='word_1_198' title='bbox 2977 1122 3151 1167; x_wconf 88' lang='lat' dir='ltr'><strong>suum,</strong></span> <span class='ocrx_word' id='word_1_199' title='bbox 3170 1122 3328 1175; x_wconf 89' lang='lat' dir='ltr'><strong>quam</strong></span> <span class='ocrx_word' id='word_1_200' title='bbox 3353 1107 3448 1177; x_wconf 89' lang='lat' dir='ltr'><strong>qui</strong></span> 
     </span>
    </p>
   </div>
   <div class='ocr_carea' id='block_1_26' title="bbox 1870 1197 3448 1265">
    <p class='ocr_par' dir='ltr' id='par_1_26' title="bbox 1870 1197 3448 1265">
     <span class='ocr_line' id='line_1_26' title="bbox 1870 1197 3448 1265; baseline -0.001 -16"><span class='ocrx_word' id='word_1_201' title='bbox 1870 1197 2264 1250; x_wconf 83' lang='lat' dir='ltr'><strong>defendendum</strong></span> <span class='ocrx_word' id='word_1_202' title='bbox 2297 1206 2504 1265; x_wconf 86' lang='lat' dir='ltr'><strong>putant.</strong></span> <span class='ocrx_word' id='word_1_203' title='bbox 2533 1197 2718 1250; x_wconf 82' lang='lat' dir='ltr'><strong>Justus</strong></span> <span class='ocrx_word' id='word_1_204' title='bbox 2753 1197 2896 1248; x_wconf 81' lang='lat' dir='ltr'><strong>t‘ltllll</strong></span> <span class='ocrx_word' id='word_1_205' title='bbox 2920 1197 2972 1247; x_wconf 88' lang='lat' dir='ltr'><strong>in</strong></span> <span class='ocrx_word' id='word_1_206' title='bbox 3005 1197 3220 1249; x_wconf 69' lang='lat' dir='ltr'><strong>exordio</strong></span> <span class='ocrx_word' id='word_1_207' title='bbox 3250 1211 3448 1249; x_wconf 83' lang='lat' dir='ltr'><strong>sermo-</strong></span> 
     </span>
    </p>
   </div>
   <div class='ocr_carea' id='block_1_27' title="bbox 1872 1284 3447 1358">
    <p class='ocr_par' dir='ltr' id='par_1_27' title="bbox 1872 1284 3447 1358">
     <span class='ocr_line' id='line_1_27' title="bbox 1872 1284 3447 1358; baseline -0.001 -18"><span class='ocrx_word' id='word_1_208' title='bbox 1872 1290 1953 1341; x_wconf 89' lang='lat' dir='ltr'><strong>nis</strong></span> <span class='ocrx_word' id='word_1_209' title='bbox 1981 1298 2254 1341; x_wconf 79' lang='lat' dir='ltr'><strong>accusator</strong></span> <span class='ocrx_word' id='word_1_210' title='bbox 2298 1299 2370 1341; x_wconf 88' lang='lat' dir='ltr'><strong>est</strong></span> <span class='ocrx_word' id='word_1_211' title='bbox 2411 1288 2493 1340; x_wconf 82' lang='lat' dir='ltr'><strong>sui</strong></span> <span class='ocrx_word' id='word_1_212' title='bbox 2525 1284 2708 1358; x_wconf 83' lang='lat' dir='ltr'><strong>(Prov.</strong></span> <span class='ocrx_word' id='word_1_213' title='bbox 2736 1303 2893 1347; x_wconf 77' lang='lat' dir='ltr'><strong>xvttl,</strong></span> <span class='ocrx_word' id='word_1_214' title='bbox 2928 1288 3038 1353; x_wconf 84' lang='lat' dir='ltr'><strong>l7).</strong></span> <span class='ocrx_word' id='word_1_215' title='bbox 3068 1286 3168 1353; x_wconf 85' lang='lat' dir='ltr'><strong>Qui</strong></span> <span class='ocrx_word' id='word_1_216' title='bbox 3196 1302 3254 1340; x_wconf 87' lang='lat' dir='ltr'><strong>se</strong></span> <span class='ocrx_word' id='word_1_217' title='bbox 3288 1302 3447 1342; x_wconf 77' lang='lat' dir='ltr'><strong>aceti-</strong></span> 
     </span>
    </p>
   </div>
   <div class='ocr_carea' id='block_1_28' title="bbox 1872 1376 3449 1446">
    <p class='ocr_par' dir='ltr' id='par_1_28' title="bbox 1872 1376 3449 1446">
     <span class='ocr_line' id='line_1_28' title="bbox 1872 1376 3449 1446; baseline -0.003 -13"><span class='ocrx_word' id='word_1_218' title='bbox 1872 1387 1955 1433; x_wconf 88' lang='lat' dir='ltr'><strong>sat</strong></span> <span class='ocrx_word' id='word_1_219' title='bbox 1982 1393 2103 1432; x_wconf 89' lang='lat' dir='ltr'><strong>cum</strong></span> <span class='ocrx_word' id='word_1_220' title='bbox 2133 1377 2456 1446; x_wconf 82' lang='lat' dir='ltr'><strong>peccaverit,</strong></span> <span class='ocrx_word' id='word_1_221' title='bbox 2479 1378 2660 1445; x_wconf 83' lang='lat' dir='ltr'><strong>justus</strong></span> <span class='ocrx_word' id='word_1_222' title='bbox 2687 1387 2790 1442; x_wconf 84' lang='lat' dir='ltr'><strong>est,</strong></span> <span class='ocrx_word' id='word_1_223' title='bbox 2827 1392 2930 1430; x_wconf 88' lang='lat' dir='ltr'><strong>non</strong></span> <span class='ocrx_word' id='word_1_224' title='bbox 2980 1376 3068 1428; x_wconf 88' lang='lat' dir='ltr'><strong>ille</strong></span> <span class='ocrx_word' id='word_1_225' title='bbox 3109 1376 3200 1444; x_wconf 88' lang='lat' dir='ltr'><strong>qui</strong></span> <span class='ocrx_word' id='word_1_226' title='bbox 3241 1391 3298 1429; x_wconf 88' lang='lat' dir='ltr'><strong>se</strong></span> <span class='ocrx_word' id='word_1_227' title='bbox 3334 1376 3449 1430; x_wconf 86' lang='lat' dir='ltr'><strong>latt-</strong></span> 
     </span>
    </p>
   </div>
   <div class='ocr_carea' id='block_1_29' title="bbox 1873 1469 3445 1540">
    <p class='ocr_par' dir='ltr' id='par_1_29' title="bbox 1873 1469 3445 1540">
     <span class='ocr_line' id='line_1_29' title="bbox 1873 1469 3445 1540; baseline -0.003 -14"><span class='ocrx_word' id='word_1_228' title='bbox 1873 1471 2099 1526; x_wconf 87' lang='lat' dir='ltr'><strong>daverit.</strong></span> <span class='ocrx_word' id='word_1_229' title='bbox 2135 1471 2201 1525; x_wconf 87' lang='lat' dir='ltr'><strong>Et</strong></span> <span class='ocrx_word' id='word_1_230' title='bbox 2228 1480 2285 1524; x_wconf 92' lang='lat' dir='ltr'><strong>tu</strong></span> <span class='ocrx_word' id='word_1_231' title='bbox 2315 1479 2618 1540; x_wconf 60' lang='lat' dir='ltr'><strong>praeventus</strong></span> <span class='ocrx_word' id='word_1_232' title='bbox 2647 1485 2723 1530; x_wconf 88' lang='lat' dir='ltr'><strong>es,</strong></span> <span class='ocrx_word' id='word_1_233' title='bbox 2761 1478 2816 1524; x_wconf 89' lang='lat' dir='ltr'><strong>et</strong></span> <span class='ocrx_word' id='word_1_234' title='bbox 2856 1484 2956 1538; x_wconf 80' lang='lat' dir='ltr'><strong>ego</strong></span> <span class='ocrx_word' id='word_1_235' title='bbox 3006 1484 3110 1523; x_wconf 88' lang='lat' dir='ltr'><strong>non</strong></span> <span class='ocrx_word' id='word_1_236' title='bbox 3161 1469 3445 1534; x_wconf 89' lang='lat' dir='ltr'><strong>declinavi,</strong></span> 
     </span>
    </p>
   </div>
   <div class='ocr_carea' id='block_1_30' title="bbox 1870 1560 3445 1631">
    <p class='ocr_par' dir='ltr' id='par_1_30' title="bbox 1870 1560 3445 1631">
     <span class='ocr_line' id='line_1_30' title="bbox 1870 1560 3445 1631; baseline -0.002 -15"><span class='ocrx_word' id='word_1_237' title='bbox 1870 1579 1978 1616; x_wconf 89' lang='lat' dir='ltr'><strong>non</strong></span> <span class='ocrx_word' id='word_1_238' title='bbox 2014 1561 2155 1631; x_wconf 90' lang='lat' dir='ltr'><strong>quod</strong></span> <span class='ocrx_word' id='word_1_239' title='bbox 2183 1576 2375 1615; x_wconf 88' lang='lat' dir='ltr'><strong>cavere</strong></span> <span class='ocrx_word' id='word_1_240' title='bbox 2423 1561 2738 1615; x_wconf 82' lang='lat' dir='ltr'><strong>debueram.</strong></span> <span class='ocrx_word' id='word_1_241' title='bbox 2785 1560 2892 1615; x_wconf 87' lang='lat' dir='ltr'><strong>Sed</strong></span> <span class='ocrx_word' id='word_1_242' title='bbox 2944 1561 3145 1629; x_wconf 76' lang='lat' dir='ltr'><strong>gratias</strong></span> <span class='ocrx_word' id='word_1_243' title='bbox 3196 1560 3445 1623; x_wconf 88' lang='lat' dir='ltr'><strong>Domino,</strong></span> 
     </span>
    </p>
   </div>
   <div class='ocr_carea' id='block_1_31' title="bbox 1872 1653 3448 1725">
    <p class='ocr_par' dir='ltr' id='par_1_31' title="bbox 1872 1653 3448 1725">
     <span class='ocr_line' id='line_1_31' title="bbox 1872 1653 3448 1725; baseline 0 -17"><span class='ocrx_word' id='word_1_244' title='bbox 1872 1656 1998 1725; x_wconf 86' lang='lat' dir='ltr'><strong>quia</strong></span> <span class='ocrx_word' id='word_1_245' title='bbox 2026 1655 2137 1708; x_wconf 84' lang='lat' dir='ltr'><strong>vult</strong></span> <span class='ocrx_word' id='word_1_246' title='bbox 2166 1654 2411 1709; x_wconf 87' lang='lat' dir='ltr'><strong>servulos</strong></span> <span class='ocrx_word' id='word_1_247' title='bbox 2443 1670 2570 1709; x_wconf 91' lang='lat' dir='ltr'><strong>suos</strong></span> <span class='ocrx_word' id='word_1_248' title='bbox 2608 1655 2897 1723; x_wconf 84' lang='lat' dir='ltr'><strong>castigare,</strong></span> <span class='ocrx_word' id='word_1_249' title='bbox 2927 1670 2995 1709; x_wconf 91' lang='lat' dir='ltr'><strong>ne</strong></span> <span class='ocrx_word' id='word_1_250' title='bbox 3043 1655 3253 1723; x_wconf 83' lang='lat' dir='ltr'><strong>perdat.</strong></span> <span class='ocrx_word' id='word_1_251' title='bbox 3302 1653 3448 1708; x_wconf 87' lang='lat' dir='ltr'><strong>istud</strong></span> 
     </span>
    </p>
   </div>
   <div class='ocr_carea' id='block_1_32' title="bbox 1872 1743 3447 1815">
    <p class='ocr_par' dir='ltr' id='par_1_32' title="bbox 1872 1743 3447 1815">
     <span class='ocr_line' id='line_1_32' title="bbox 1872 1743 3447 1815; baseline -0.003 -14"><span class='ocrx_word' id='word_1_252' title='bbox 1872 1743 2005 1801; x_wconf 84' lang='lat' dir='ltr'><strong>mihi</strong></span> <span class='ocrx_word' id='word_1_253' title='bbox 2042 1761 2329 1800; x_wconf 89' lang='lat' dir='ltr'><strong>commune</strong></span> <span class='ocrx_word' id='word_1_254' title='bbox 2358 1755 2440 1799; x_wconf 83' lang='lat' dir='ltr'><strong>est</strong></span> <span class='ocrx_word' id='word_1_255' title='bbox 2468 1762 2591 1799; x_wconf 89' lang='lat' dir='ltr'><strong>cum</strong></span> <span class='ocrx_word' id='word_1_256' title='bbox 2627 1746 2927 1815; x_wconf 83' lang='lat' dir='ltr'><strong>prophetis,</strong></span> <span class='ocrx_word' id='word_1_257' title='bbox 2955 1756 3009 1799; x_wconf 89' lang='lat' dir='ltr'><strong>et</strong></span> <span class='ocrx_word' id='word_1_258' title='bbox 3042 1744 3138 1798; x_wconf 86' lang='lat' dir='ltr'><strong>tibi</strong></span> <span class='ocrx_word' id='word_1_259' title='bbox 3171 1745 3274 1799; x_wconf 85' lang='lat' dir='ltr'><strong>erit</strong></span> <span class='ocrx_word' id='word_1_260' title='bbox 3298 1760 3447 1798; x_wconf 89' lang='lat' dir='ltr'><strong>com-</strong></span> 
     </span>
    </p>
   </div>
   <div class='ocr_carea' id='block_1_33' title="bbox 181 1821 2497 1903">
    <p class='ocr_par' dir='ltr' id='par_1_33' title="bbox 181 1821 2497 1903">
     <span class='ocr_line' id='line_1_33' title="bbox 181 1821 2497 1903; baseline 0.002 -19"><span class='ocrx_word' id='word_1_261' title='bbox 181 1833 373 1900; x_wconf 87' lang='lat' dir='ltr'><strong>ltaque</strong></span> <span class='ocrx_word' id='word_1_262' title='bbox 407 1847 501 1885; x_wconf 80' lang='lat' dir='ltr'><strong>rex</strong></span> <span class='ocrx_word' id='word_1_263' title='bbox 526 1847 589 1886; x_wconf 89' lang='lat' dir='ltr'><strong>ea</strong></span> <span class='ocrx_word' id='word_1_264' title='bbox 619 1832 922 1886; x_wconf 88' lang='lat' dir='ltr'><strong>humilitate</strong></span> <span class='ocrx_word' id='word_1_265' title='bbox 970 1835 1241 1903; x_wconf 85' lang='lat' dir='ltr'><strong>acceptior</strong></span> <span class='ocrx_word' id='word_1_266' title='bbox 1289 1836 1397 1888; x_wconf 88' lang='lat' dir='ltr'><strong>Deo</strong></span> <span class='ocrx_word' id='word_1_267' title='bbox 1444 1836 1615 1891; x_wconf 86' lang='lat' dir='ltr'><strong>factus</strong></span> <span class='ocrx_word' id='word_1_268' title='bbox 1659 1848 1763 1891; x_wconf 86' lang='lat' dir='ltr'><strong>est.</strong></span> <span class='ocrx_word' id='word_1_269' title='bbox 1799 1821 1839 1879; x_wconf 68' lang='grc' dir='ltr'><strong>Β</strong></span> <span class='ocrx_word' id='word_1_270' title='bbox 1870 1853 2031 1892; x_wconf 87' lang='lat' dir='ltr'><strong>mune</strong></span> <span class='ocrx_word' id='word_1_271' title='bbox 2062 1854 2183 1891; x_wconf 86' lang='lat' dir='ltr'><strong>cum</strong></span> <span class='ocrx_word' id='word_1_272' title='bbox 2216 1838 2438 1892; x_wconf 89' lang='lat' dir='ltr'><strong>sanctis.</strong></span> <span class='ocrx_word' id='word_1_273' title='bbox 2478 1856 2497 1888; x_wconf 74' lang='grc' dir='ltr'><strong><em>ι</em></strong></span> 
     </span>
    </p>
   </div>
   <div class='ocr_carea' id='block_1_34' title="bbox 176 1919 1764 1992">
    <p class='ocr_par' dir='ltr' id='par_1_34' title="bbox 176 1919 1764 1992">
     <span class='ocr_line' id='line_1_34' title="bbox 176 1919 1764 1992; baseline 0.006 -19"><span class='ocrx_word' id='word_1_274' title='bbox 176 1919 305 1974; x_wconf 77' lang='lat' dir='ltr'><strong>Non</strong></span> <span class='ocrx_word' id='word_1_275' title='bbox 354 1921 496 1976; x_wconf 89' lang='lat' dir='ltr'><strong>enim</strong></span> <span class='ocrx_word' id='word_1_276' title='bbox 550 1922 853 1976; x_wconf 88' lang='lat' dir='ltr'><strong>mirandum</strong></span> <span class='ocrx_word' id='word_1_277' title='bbox 899 1938 1129 1992; x_wconf 84' lang='lat' dir='ltr'><strong>peccare</strong></span> <span class='ocrx_word' id='word_1_278' title='bbox 1173 1927 1468 1989; x_wconf 82' lang='lat' dir='ltr'><strong>hominem,</strong></span> <span class='ocrx_word' id='word_1_279' title='bbox 1507 1928 1597 1981; x_wconf 74' lang='lat' dir='ltr'><strong>sed</strong></span> <span class='ocrx_word' id='word_1_280' title='bbox 1637 1929 1764 1983; x_wconf 89' lang='lat' dir='ltr'><strong>illud</strong></span> 
     </span>
    </p>
   </div>
   <div class='ocr_carea' id='block_1_35' title="bbox 178 2014 1763 2088">
    <p class='ocr_par' dir='ltr' id='par_1_35' title="bbox 178 2014 1763 2088">
     <span class='ocr_line' id='line_1_35' title="bbox 178 2014 1763 2088; baseline 0.006 -20"><span class='ocrx_word' id='word_1_281' title='bbox 178 2014 628 2082; x_wconf 85' lang='lat' dir='ltr'><strong>reprehensibile,</strong></span> <span class='ocrx_word' id='word_1_282' title='bbox 670 2017 713 2070; x_wconf 91' lang='lat' dir='ltr'><strong>si</strong></span> <span class='ocrx_word' id='word_1_283' title='bbox 745 2032 850 2069; x_wconf 92' lang='lat' dir='ltr'><strong>nou</strong></span> <span class='ocrx_word' id='word_1_284' title='bbox 881 2032 940 2071; x_wconf 89' lang='lat' dir='ltr'><strong>se</strong></span> <span class='ocrx_word' id='word_1_285' title='bbox 971 2030 1257 2088; x_wconf 85' lang='lat' dir='ltr'><strong>cognoscat</strong></span> <span class='ocrx_word' id='word_1_286' title='bbox 1283 2037 1525 2079; x_wconf 84' lang='lat' dir='ltr'><strong>errasse.</strong></span> <span class='ocrx_word' id='word_1_287' title='bbox 1570 2023 1615 2077; x_wconf 90' lang='lat' dir='ltr'><strong>si</strong></span> <span class='ocrx_word' id='word_1_288' title='bbox 1659 2040 1763 2077; x_wconf 90' lang='lat' dir='ltr'><strong>non</strong></span> 
     </span>
    </p>
   </div>
   <div class='ocr_carea' id='block_1_36' title="bbox 180 2104 1767 2177">
    <p class='ocr_par' dir='ltr' id='par_1_36' title="bbox 180 2104 1767 2177">
     <span class='ocr_line' id='line_1_36' title="bbox 180 2104 1767 2177; baseline 0.005 -18"><span class='ocrx_word' id='word_1_289' title='bbox 180 2120 246 2159; x_wconf 83' lang='lat' dir='ltr'><strong>se</strong></span> <span class='ocrx_word' id='word_1_290' title='bbox 273 2104 521 2159; x_wconf 89' lang='lat' dir='ltr'><strong>humiliet</strong></span> <span class='ocrx_word' id='word_1_291' title='bbox 543 2105 672 2160; x_wconf 89' lang='lat' dir='ltr'><strong>Deo.</strong></span> <span class='ocrx_word' id='word_1_292' title='bbox 699 2105 799 2160; x_wconf 87' lang='lat' dir='ltr'><strong>Job</strong></span> <span class='ocrx_word' id='word_1_293' title='bbox 820 2117 1043 2162; x_wconf 88' lang='lat' dir='ltr'><strong>sanctus</strong></span> <span class='ocrx_word' id='word_1_294' title='bbox 1063 2118 1115 2163; x_wconf 89' lang='lat' dir='ltr'><strong>et</strong></span> <span class='ocrx_word' id='word_1_295' title='bbox 1145 2110 1255 2177; x_wconf 80' lang='lat' dir='ltr'><strong>ipse</strong></span> <span class='ocrx_word' id='word_1_296' title='bbox 1280 2121 1472 2177; x_wconf 79' lang='lat' dir='ltr'><strong>potens</strong></span> <span class='ocrx_word' id='word_1_297' title='bbox 1498 2113 1548 2165; x_wconf 89' lang='lat' dir='ltr'><strong>iu</strong></span> <span class='ocrx_word' id='word_1_298' title='bbox 1571 2113 1767 2167; x_wconf 73' lang='lat' dir='ltr'><strong>szeculo</strong></span> 
     </span>
    </p>
   </div>
   <div class='ocr_carea' id='block_1_37' title="bbox 180 2186 1767 2270">
    <p class='ocr_par' dir='ltr' id='par_1_37' title="bbox 180 2186 1767 2270">
     <span class='ocr_line' id='line_1_37' title="bbox 180 2186 1767 2270; baseline 0.007 -25"><span class='ocrx_word' id='word_1_299' title='bbox 180 2194 264 2246; x_wconf 80' lang='lat' dir='ltr'><strong>ait</strong></span> <span class='ocrx_word' id='word_1_300' title='bbox 297 2211 310 2245; x_wconf 90' lang='lat'><strong>:</strong></span> <span class='ocrx_word' id='word_1_301' title='bbox 340 2192 618 2247; x_wconf 80' lang='lat' dir='ltr'><strong>Peccatum</strong></span> <span class='ocrx_word' id='word_1_302' title='bbox 660 2211 828 2248; x_wconf 81' lang='lat' dir='ltr'><strong>meum</strong></span> <span class='ocrx_word' id='word_1_303' title='bbox 873 2214 977 2249; x_wconf 83' lang='lat' dir='ltr'><strong>non</strong></span> <span class='ocrx_word' id='word_1_304' title='bbox 1003 2186 1268 2262; x_wconf 86' lang='lat' dir='ltr'><strong>abscondi,</strong></span> <span class='ocrx_word' id='word_1_305' title='bbox 1308 2205 1396 2252; x_wconf 85' lang='lat' dir='ltr'><strong>sed</strong></span> <span class='ocrx_word' id='word_1_306' title='bbox 1426 2218 1599 2253; x_wconf 83' lang='lat' dir='ltr'><strong>coram</strong></span> <span class='ocrx_word' id='word_1_307' title='bbox 1623 2202 1767 2270; x_wconf 82' lang='lat' dir='ltr'><strong>plebe</strong></span> 
     </span>
    </p>
   </div>
   <div class='ocr_carea' id='block_1_38' title="bbox 178 2285 1765 2365">
    <p class='ocr_par' dir='ltr' id='par_1_38' title="bbox 178 2285 1765 2365">
     <span class='ocr_line' id='line_1_38' title="bbox 178 2285 1765 2365; baseline 0.008 -31"><span class='ocrx_word' id='word_1_308' title='bbox 178 2285 330 2336; x_wconf 88' lang='lat' dir='ltr'><strong>omni</strong></span> <span class='ocrx_word' id='word_1_309' title='bbox 353 2286 657 2338; x_wconf 85' lang='lat' dir='ltr'><strong>annuntiavi</strong></span> <span class='ocrx_word' id='word_1_310' title='bbox 683 2285 804 2356; x_wconf 81' lang='lat' dir='ltr'><strong>(Job</strong></span> <span class='ocrx_word' id='word_1_311' title='bbox 839 2302 985 2349; x_wconf 77' lang='lat' dir='ltr'><strong>xxxr,</strong></span> <span class='ocrx_word' id='word_1_312' title='bbox 1010 2289 1121 2358; x_wconf 80' lang='lat'><strong>55).</strong></span> <span class='ocrx_word' id='word_1_313' title='bbox 1167 2309 1184 2340; x_wconf 73' lang='grc' dir='ltr'><strong><em>ι</em></strong></span> <span class='ocrx_word' id='word_1_314' title='bbox 1215 2290 1276 2342; x_wconf 88' lang='lat' dir='ltr'><strong>Et</strong></span> <span class='ocrx_word' id='word_1_315' title='bbox 1306 2291 1433 2365; x_wconf 70' lang='lat' dir='ltr'><strong>item</strong></span> <span class='ocrx_word' id='word_1_316' title='bbox 1459 2293 1525 2345; x_wconf 88' lang='lat' dir='ltr'><strong>ad</strong></span> <span class='ocrx_word' id='word_1_317' title='bbox 1554 2293 1765 2347; x_wconf 87' lang='lat' dir='ltr'><strong>locum:</strong></span> 
     </span>
    </p>
   </div>
   <div class='ocr_carea' id='block_1_39' title="bbox 186 2370 1766 2445">
    <p class='ocr_par' dir='ltr' id='par_1_39' title="bbox 186 2370 1766 2445">
     <span class='ocr_line' id='line_1_39' title="bbox 186 2370 1766 2445; baseline 0.01 -22"><span class='ocrx_word' id='word_1_318' title='bbox 186 2393 207 2423; x_wconf 73' lang='grc' dir='ltr'><strong><em>ι</em></strong></span> <span class='ocrx_word' id='word_1_319' title='bbox 239 2374 363 2428; x_wconf 71' lang='lat' dir='ltr'><strong>ilice</strong></span> <span class='ocrx_word' id='word_1_320' title='bbox 395 2374 515 2429; x_wconf 85' lang='lat' dir='ltr'><strong>ideo</strong></span> <span class='ocrx_word' id='word_1_321' title='bbox 540 2376 765 2445; x_wconf 88' lang='lat' dir='ltr'><strong>scripsi,</strong></span> <span class='ocrx_word' id='word_1_322' title='bbox 802 2387 861 2430; x_wconf 90' lang='lat' dir='ltr'><strong>ut</strong></span> <span class='ocrx_word' id='word_1_323' title='bbox 891 2394 995 2432; x_wconf 90' lang='lat' dir='ltr'><strong>non</strong></span> <span class='ocrx_word' id='word_1_324' title='bbox 1029 2388 1079 2434; x_wconf 91' lang='lat' dir='ltr'><strong>te</strong></span> <span class='ocrx_word' id='word_1_325' title='bbox 1102 2370 1447 2445; x_wconf 78' lang='lat' dir='ltr'><strong>confundam,</strong></span> <span class='ocrx_word' id='word_1_326' title='bbox 1477 2385 1569 2437; x_wconf 85' lang='lat' dir='ltr'><strong>sed</strong></span> <span class='ocrx_word' id='word_1_327' title='bbox 1598 2392 1653 2437; x_wconf 90' lang='lat' dir='ltr'><strong>ut</strong></span> <span class='ocrx_word' id='word_1_328' title='bbox 1684 2399 1766 2439; x_wconf 87' lang='lat' dir='ltr'><strong>re-</strong></span> 
     </span>
    </p>
   </div>
   <div class='ocr_carea' id='block_1_40' title="bbox 178 2465 1766 2540">
    <p class='ocr_par' dir='ltr' id='par_1_40' title="bbox 178 2465 1766 2540">
     <span class='ocr_line' id='line_1_40' title="bbox 178 2465 1766 2540; baseline 0.006 -25"><span class='ocrx_word' id='word_1_329' title='bbox 178 2479 311 2533; x_wconf 80' lang='lat' dir='ltr'><strong>gum</strong></span> <span class='ocrx_word' id='word_1_330' title='bbox 337 2465 579 2532; x_wconf 84' lang='lat' dir='ltr'><strong>exempla</strong></span> <span class='ocrx_word' id='word_1_331' title='bbox 612 2475 938 2533; x_wconf 87' lang='lat' dir='ltr'><strong>provocent,</strong></span> <span class='ocrx_word' id='word_1_332' title='bbox 980 2478 1039 2522; x_wconf 90' lang='lat' dir='ltr'><strong>ut</strong></span> <span class='ocrx_word' id='word_1_333' title='bbox 1086 2469 1238 2524; x_wconf 86' lang='lat' dir='ltr'><strong>tollas</strong></span> <span class='ocrx_word' id='word_1_334' title='bbox 1267 2472 1369 2524; x_wconf 86' lang='lat' dir='ltr'><strong>hoc</strong></span> <span class='ocrx_word' id='word_1_335' title='bbox 1390 2483 1667 2540; x_wconf 88' lang='lat' dir='ltr'><strong>peccatum</strong></span> <span class='ocrx_word' id='word_1_336' title='bbox 1699 2473 1766 2527; x_wconf 79' lang='lat' dir='ltr'><strong>de</strong></span> 
     </span>
    </p>
   </div>
   <div class='ocr_carea' id='block_1_41' title="bbox 181 2553 1762 2619">
    <p class='ocr_par' dir='ltr' id='par_1_41' title="bbox 181 2553 1762 2619">
     <span class='ocr_line' id='line_1_41' title="bbox 181 2553 1762 2619; baseline 0.006 -13"><span class='ocrx_word' id='word_1_337' title='bbox 181 2568 353 2619; x_wconf 81' lang='lat' dir='ltr'><strong>regno</strong></span> <span class='ocrx_word' id='word_1_338' title='bbox 392 2562 502 2609; x_wconf 90' lang='lat' dir='ltr'><strong>tuo.</strong></span> <span class='ocrx_word' id='word_1_339' title='bbox 556 2553 732 2609; x_wconf 84' lang='lat' dir='ltr'><strong>Tolles</strong></span> <span class='ocrx_word' id='word_1_340' title='bbox 773 2566 951 2612; x_wconf 86' lang='lat' dir='ltr'><strong>autem</strong></span> <span class='ocrx_word' id='word_1_341' title='bbox 1000 2559 1333 2614; x_wconf 87' lang='lat' dir='ltr'><strong>luuuiliaudo</strong></span> <span class='ocrx_word' id='word_1_342' title='bbox 1382 2561 1491 2615; x_wconf 89' lang='lat' dir='ltr'><strong>Deo</strong></span> <span class='ocrx_word' id='word_1_343' title='bbox 1528 2562 1762 2615; x_wconf 87' lang='lat' dir='ltr'><strong>animam</strong></span> 
     </span>
    </p>
   </div>
   <div class='ocr_carea' id='block_1_42' title="bbox 185 2643 1761 2722">
    <p class='ocr_par' dir='ltr' id='par_1_42' title="bbox 185 2643 1761 2722">
     <span class='ocr_line' id='line_1_42' title="bbox 185 2643 1761 2722; baseline 0.008 -28"><span class='ocrx_word' id='word_1_344' title='bbox 185 2652 354 2696; x_wconf 88' lang='lat' dir='ltr'><strong>tuam.</strong></span> <span class='ocrx_word' id='word_1_345' title='bbox 404 2643 575 2698; x_wconf 86' lang='lat' dir='ltr'><strong>llomo</strong></span> <span class='ocrx_word' id='word_1_346' title='bbox 604 2661 663 2701; x_wconf 87' lang='lat' dir='ltr'><strong>es</strong></span> <span class='ocrx_word' id='word_1_347' title='bbox 687 2687 703 2710; x_wconf 96' lang='lat'><strong>,</strong></span> <span class='ocrx_word' id='word_1_348' title='bbox 751 2655 805 2701; x_wconf 83' lang='lat' dir='ltr'><strong>et</strong></span> <span class='ocrx_word' id='word_1_349' title='bbox 830 2648 924 2702; x_wconf 87' lang='lat' dir='ltr'><strong>tibi</strong></span> <span class='ocrx_word' id='word_1_350' title='bbox 956 2651 1102 2703; x_wconf 84' lang='lat' dir='ltr'><strong>venit</strong></span> <span class='ocrx_word' id='word_1_351' title='bbox 1133 2652 1390 2722; x_wconf 85' lang='lat' dir='ltr'><strong>tentatio,</strong></span> <span class='ocrx_word' id='word_1_352' title='bbox 1437 2653 1591 2706; x_wconf 85' lang='lat' dir='ltr'><strong>vince</strong></span> <span class='ocrx_word' id='word_1_353' title='bbox 1619 2667 1761 2707; x_wconf 85' lang='lat' dir='ltr'><strong>eam.</strong></span> 
     </span>
    </p>
   </div>
   <div class='ocr_carea' id='block_1_43' title="bbox 179 2735 1761 2811">
    <p class='ocr_par' dir='ltr' id='par_1_43' title="bbox 179 2735 1761 2811">
     <span class='ocr_line' id='line_1_43' title="bbox 179 2735 1761 2811; baseline 0.004 -22"><span class='ocrx_word' id='word_1_354' title='bbox 179 2735 469 2791; x_wconf 83' lang='lat' dir='ltr'><strong>Peccatum</strong></span> <span class='ocrx_word' id='word_1_355' title='bbox 500 2752 605 2790; x_wconf 91' lang='lat' dir='ltr'><strong>non</strong></span> <span class='ocrx_word' id='word_1_356' title='bbox 639 2736 847 2791; x_wconf 89' lang='lat' dir='ltr'><strong>tollitur</strong></span> <span class='ocrx_word' id='word_1_357' title='bbox 882 2739 984 2793; x_wconf 88' lang='lat' dir='ltr'><strong>nisi</strong></span> <span class='ocrx_word' id='word_1_358' title='bbox 1023 2740 1275 2811; x_wconf 85' lang='lat' dir='ltr'><strong>lacrymis</strong></span> <span class='ocrx_word' id='word_1_359' title='bbox 1321 2750 1376 2796; x_wconf 88' lang='lat' dir='ltr'><strong>et</strong></span> <span class='ocrx_word' id='word_1_360' title='bbox 1422 2743 1761 2810; x_wconf 71' lang='lat' dir='ltr'><strong>poenitentia,</strong></span> 
     </span>
    </p>
   </div>
   <div class='ocr_carea' id='block_1_44' title="bbox 180 2826 1762 2900">
    <p class='ocr_par' dir='ltr' id='par_1_44' title="bbox 180 2826 1762 2900">
     <span class='ocr_line' id='line_1_44' title="bbox 180 2826 1762 2900; baseline 0.004 -19"><span class='ocrx_word' id='word_1_361' title='bbox 180 2842 285 2881; x_wconf 85' lang='lat' dir='ltr'><strong>nec</strong></span> <span class='ocrx_word' id='word_1_362' title='bbox 305 2826 527 2897; x_wconf 85' lang='lat' dir='ltr'><strong>angelus</strong></span> <span class='ocrx_word' id='word_1_363' title='bbox 555 2837 753 2895; x_wconf 87' lang='lat' dir='ltr'><strong>potest,</strong></span> <span class='ocrx_word' id='word_1_364' title='bbox 785 2844 885 2883; x_wconf 90' lang='lat' dir='ltr'><strong>nec</strong></span> <span class='ocrx_word' id='word_1_365' title='bbox 912 2831 1266 2898; x_wconf 82' lang='lat' dir='ltr'><strong>archangelus</strong></span> <span class='ocrx_word' id='word_1_366' title='bbox 1296 2846 1311 2884; x_wconf 90' lang='lat'><strong>:</strong></span> <span class='ocrx_word' id='word_1_367' title='bbox 1341 2833 1599 2886; x_wconf 89' lang='lat' dir='ltr'><strong>Dominus</strong></span> <span class='ocrx_word' id='word_1_368' title='bbox 1627 2834 1762 2900; x_wconf 89' lang='lat' dir='ltr'><strong>ipse,</strong></span> 
     </span>
    </p>
   </div>
   <div class='ocr_carea' id='block_1_45' title="bbox 179 2918 1765 2996">
    <p class='ocr_par' dir='ltr' id='par_1_45' title="bbox 179 2918 1765 2996">
     <span class='ocr_line' id='line_1_45' title="bbox 179 2918 1765 2996; baseline 0.004 -26"><span class='ocrx_word' id='word_1_369' title='bbox 179 2918 277 2987; x_wconf 85' lang='lat' dir='ltr'><strong>qui</strong></span> <span class='ocrx_word' id='word_1_370' title='bbox 304 2918 450 2972; x_wconf 88' lang='lat' dir='ltr'><strong>solus</strong></span> <span class='ocrx_word' id='word_1_371' title='bbox 476 2927 652 2987; x_wconf 87' lang='lat' dir='ltr'><strong>potest</strong></span> <span class='ocrx_word' id='word_1_372' title='bbox 677 2920 857 2975; x_wconf 87' lang='lat' dir='ltr'><strong>dicere</strong></span> <span class='ocrx_word' id='word_1_373' title='bbox 887 2939 900 2976; x_wconf 93' lang='lat'>:</span> <span class='ocrx_word' id='word_1_374' title='bbox 936 2920 1048 2991; x_wconf 82' lang='lat' dir='ltr'><strong>Ego</strong></span> <span class='ocrx_word' id='word_1_375' title='bbox 1078 2939 1192 2975; x_wconf 87' lang='lat' dir='ltr'><strong>sum</strong></span> <span class='ocrx_word' id='word_1_376' title='bbox 1219 2923 1308 2992; x_wconf 86' lang='lat' dir='ltr'><strong>qui</strong></span> <span class='ocrx_word' id='word_1_377' title='bbox 1341 2923 1487 2976; x_wconf 88' lang='lat' dir='ltr'><strong>deleo</strong></span> <span class='ocrx_word' id='word_1_378' title='bbox 1515 2924 1765 2996; x_wconf 84' lang='lat' dir='ltr'><strong>iniquita-</strong></span> 
     </span>
    </p>
   </div>
   <div class='ocr_carea' id='block_1_46' title="bbox 178 3011 1763 3085">
    <p class='ocr_par' dir='ltr' id='par_1_46' title="bbox 178 3011 1763 3085">
     <span class='ocr_line' id='line_1_46' title="bbox 178 3011 1763 3085; baseline 0.002 -19"><span class='ocrx_word' id='word_1_379' title='bbox 178 3022 257 3066; x_wconf 85' lang='lat' dir='ltr'><strong>tes</strong></span> <span class='ocrx_word' id='word_1_380' title='bbox 283 3021 404 3065; x_wconf 85' lang='lat' dir='ltr'><strong>tuas</strong></span> <span class='ocrx_word' id='word_1_381' title='bbox 437 3011 569 3078; x_wconf 84' lang='lat' dir='ltr'><strong>(Isa.</strong></span> <span class='ocrx_word' id='word_1_382' title='bbox 599 3028 750 3076; x_wconf 76' lang='lat' dir='ltr'><strong>mu,</strong></span> <span class='ocrx_word' id='word_1_383' title='bbox 779 3013 894 3085; x_wconf 73' lang='grc'><strong>25),</strong></span> <span class='ocrx_word' id='word_1_384' title='bbox 928 3015 971 3070; x_wconf 88' lang='lat' dir='ltr'><strong>si</strong></span> <span class='ocrx_word' id='word_1_385' title='bbox 1004 3015 1423 3083; x_wconf 88' lang='lat' dir='ltr'><strong>peccaverimus.</strong></span> <span class='ocrx_word' id='word_1_386' title='bbox 1455 3016 1559 3069; x_wconf 90' lang='lat' dir='ltr'><strong>nisi</strong></span> <span class='ocrx_word' id='word_1_387' title='bbox 1591 3017 1763 3083; x_wconf 66' lang='lat' dir='ltr'><strong>paeni-</strong></span> 
     </span>
    </p>
   </div>
   <div class='ocr_carea' id='block_1_47' title="bbox 181 3102 1760 3161">
    <p class='ocr_par' dir='ltr' id='par_1_47' title="bbox 181 3102 1760 3161">
     <span class='ocr_line' id='line_1_47' title="bbox 181 3102 1760 3161; baseline 0.001 -4"><span class='ocrx_word' id='word_1_388' title='bbox 181 3104 408 3157; x_wconf 87' lang='lat' dir='ltr'><strong>tentiam</strong></span> <span class='ocrx_word' id='word_1_389' title='bbox 449 3102 814 3158; x_wconf 74' lang='lat' dir='ltr'><strong>deferentibus</strong></span> <span class='ocrx_word' id='word_1_390' title='bbox 849 3121 955 3160; x_wconf 90' lang='lat' dir='ltr'><strong>non</strong></span> <span class='ocrx_word' id='word_1_391' title='bbox 997 3106 1218 3159; x_wconf 79' lang='lat' dir='ltr'><strong>relaxat.</strong></span> <span class='ocrx_word' id='word_1_392' title='bbox 1251 3124 1270 3158; x_wconf 75' lang='grc' dir='ltr'><strong><em>ι</em></strong></span> <span class='ocrx_word' id='word_1_393' title='bbox 1320 3106 1385 3159; x_wconf 83' lang='lat' dir='ltr'><strong>Et</strong></span> <span class='ocrx_word' id='word_1_394' title='bbox 1421 3107 1546 3160; x_wconf 88' lang='lat' dir='ltr'><strong>item</strong></span> <span class='ocrx_word' id='word_1_395' title='bbox 1585 3108 1652 3161; x_wconf 88' lang='lat' dir='ltr'><strong>ad</strong></span> <span class='ocrx_word' id='word_1_396' title='bbox 1684 3108 1760 3160; x_wconf 77' lang='lat' dir='ltr'><strong>lo-</strong></span> 
     </span>
    </p>
   </div>
   <div class='ocr_carea' id='block_1_48' title="bbox 182 3196 1762 3261">
    <p class='ocr_par' dir='ltr' id='par_1_48' title="bbox 182 3196 1762 3261">
     <span class='ocr_line' id='line_1_48' title="bbox 182 3196 1762 3261; baseline 0.004 -13"><span class='ocrx_word' id='word_1_397' title='bbox 182 3211 305 3248; x_wconf 85' lang='lat' dir='ltr'><strong>cum</strong></span> <span class='ocrx_word' id='word_1_398' title='bbox 337 3213 353 3248; x_wconf 73' lang='grc' dir='ltr'>ε</span> <span class='ocrx_word' id='word_1_399' title='bbox 389 3214 407 3245; x_wconf 80' lang='grc' dir='ltr'>ι</span> <span class='ocrx_word' id='word_1_400' title='bbox 441 3196 607 3251; x_wconf 78' lang='lat' dir='ltr'><strong>Vince</strong></span> <span class='ocrx_word' id='word_1_401' title='bbox 640 3197 910 3251; x_wconf 88' lang='lat' dir='ltr'><strong>diabolum</strong></span> <span class='ocrx_word' id='word_1_402' title='bbox 934 3236 949 3261; x_wconf 88' lang='lat'><strong>,</strong></span> <span class='ocrx_word' id='word_1_403' title='bbox 996 3197 1123 3250; x_wconf 89' lang='lat' dir='ltr'><strong>dum</strong></span> <span class='ocrx_word' id='word_1_404' title='bbox 1177 3197 1341 3253; x_wconf 84' lang='lat' dir='ltr'><strong>habes</strong></span> <span class='ocrx_word' id='word_1_405' title='bbox 1391 3198 1569 3252; x_wconf 89' lang='lat' dir='ltr'><strong>adhuc</strong></span> <span class='ocrx_word' id='word_1_406' title='bbox 1618 3200 1762 3254; x_wconf 88' lang='lat' dir='ltr'><strong>unde</strong></span> 
     </span>
    </p>
   </div>
   <div class='ocr_carea' id='block_1_49' title="bbox 181 3284 1763 3356">
    <p class='ocr_par' dir='ltr' id='par_1_49' title="bbox 181 3284 1763 3356">
     <span class='ocr_line' id='line_1_49' title="bbox 181 3284 1763 3356; baseline 0.003 -19"><span class='ocrx_word' id='word_1_407' title='bbox 181 3285 359 3353; x_wconf 87' lang='lat' dir='ltr'><strong>possis</strong></span> <span class='ocrx_word' id='word_1_408' title='bbox 403 3284 640 3339; x_wconf 89' lang='lat' dir='ltr'><strong>vincere.</strong></span> <span class='ocrx_word' id='word_1_409' title='bbox 690 3284 809 3339; x_wconf 83' lang='lat' dir='ltr'><strong>Noli</strong></span> <span class='ocrx_word' id='word_1_410' title='bbox 854 3296 1133 3353; x_wconf 86' lang='lat' dir='ltr'><strong>peccatum</strong></span> <span class='ocrx_word' id='word_1_411' title='bbox 1183 3285 1399 3351; x_wconf 85' lang='lat' dir='ltr'><strong>addere,</strong></span> <span class='ocrx_word' id='word_1_412' title='bbox 1438 3295 1497 3340; x_wconf 92' lang='lat' dir='ltr'><strong>ut</strong></span> <span class='ocrx_word' id='word_1_413' title='bbox 1537 3302 1763 3356; x_wconf 89' lang='lat' dir='ltr'><strong>usurpes</strong></span> 
     </span>
    </p>
   </div>
   <div class='ocr_carea' id='block_1_50' title="bbox 181 3376 1758 3449">
    <p class='ocr_par' dir='ltr' id='par_1_50' title="bbox 181 3376 1758 3449">
     <span class='ocr_line' id='line_1_50' title="bbox 181 3376 1758 3449; baseline 0.004 -20"><span class='ocrx_word' id='word_1_414' title='bbox 181 3376 326 3445; x_wconf 89' lang='lat' dir='ltr'><strong>quod</strong></span> <span class='ocrx_word' id='word_1_415' title='bbox 372 3390 657 3444; x_wconf 85' lang='lat' dir='ltr'><strong>usurpasse</strong></span> <span class='ocrx_word' id='word_1_416' title='bbox 703 3377 889 3433; x_wconf 87' lang='lat' dir='ltr'><strong>multis</strong></span> <span class='ocrx_word' id='word_1_417' title='bbox 936 3377 1127 3433; x_wconf 82' lang='lat' dir='ltr'><strong>obfuit.</strong></span> <span class='ocrx_word' id='word_1_418' title='bbox 1166 3397 1184 3431; x_wconf 76' lang='grc' dir='ltr'><strong><em>ι</em></strong></span> <span class='ocrx_word' id='word_1_419' title='bbox 1242 3380 1306 3434; x_wconf 86' lang='lat' dir='ltr'><strong>Et</strong></span> <span class='ocrx_word' id='word_1_420' title='bbox 1357 3390 1479 3449; x_wconf 88' lang='lat' dir='ltr'><strong>post</strong></span> <span class='ocrx_word' id='word_1_421' title='bbox 1531 3396 1697 3449; x_wconf 88' lang='lat' dir='ltr'><strong>pauca</strong></span> <span class='ocrx_word' id='word_1_422' title='bbox 1743 3400 1758 3436; x_wconf 90' lang='lat'><strong>:</strong></span> 
     </span>
    </p>
   </div>
   <div class='ocr_carea' id='block_1_51' title="bbox 184 3466 1761 3536">
    <p class='ocr_par' dir='ltr' id='par_1_51' title="bbox 184 3466 1761 3536">
     <span class='ocr_line' id='line_1_51' title="bbox 184 3466 1761 3536; baseline 0.005 -19"><span class='ocrx_word' id='word_1_423' title='bbox 184 3485 204 3517; x_wconf 83' lang='grc'><strong>‹</strong></span> <span class='ocrx_word' id='word_1_424' title='bbox 243 3466 391 3535; x_wconf 77' lang='lat' dir='ltr'><strong>Ego,</strong></span> <span class='ocrx_word' id='word_1_425' title='bbox 446 3467 701 3536; x_wconf 88' lang='lat' dir='ltr'><strong>inquam,</strong></span> <span class='ocrx_word' id='word_1_426' title='bbox 747 3483 965 3523; x_wconf 85' lang='lat' dir='ltr'><strong>causam</strong></span> <span class='ocrx_word' id='word_1_427' title='bbox 1020 3471 1072 3523; x_wconf 91' lang='lat' dir='ltr'><strong>in</strong></span> <span class='ocrx_word' id='word_1_428' title='bbox 1129 3478 1181 3524; x_wconf 89' lang='lat' dir='ltr'><strong>te</strong></span> <span class='ocrx_word' id='word_1_429' title='bbox 1234 3472 1585 3527; x_wconf 72' lang='lat' dir='ltr'><strong>cuntmnacia:</strong></span> <span class='ocrx_word' id='word_1_430' title='bbox 1639 3473 1761 3525; x_wconf 81' lang='lat' dir='ltr'><strong>uul-</strong></span> 
     </span>
    </p>
   </div>
   <div class='ocr_carea' id='block_1_52' title="bbox 178 3556 1761 3622">
    <p class='ocr_par' dir='ltr' id='par_1_52' title="bbox 178 3556 1761 3622">
     <span class='ocr_line' id='line_1_52' title="bbox 178 3556 1761 3622; baseline 0.004 -13"><span class='ocrx_word' id='word_1_431' title='bbox 178 3556 288 3610; x_wconf 76' lang='lat' dir='ltr'><strong>Zam</strong></span> <span class='ocrx_word' id='word_1_432' title='bbox 324 3557 533 3622; x_wconf 82' lang='lat' dir='ltr'><strong>habeo,</strong></span> <span class='ocrx_word' id='word_1_433' title='bbox 579 3560 673 3612; x_wconf 85' lang='lat' dir='ltr'><strong>sed</strong></span> <span class='ocrx_word' id='word_1_434' title='bbox 707 3559 877 3613; x_wconf 88' lang='lat' dir='ltr'><strong>habeo</strong></span> <span class='ocrx_word' id='word_1_435' title='bbox 927 3560 1135 3616; x_wconf 88' lang='lat' dir='ltr'><strong>timoris</strong></span> <span class='ocrx_word' id='word_1_436' title='bbox 1169 3578 1181 3613; x_wconf 93' lang='lat'><strong>:</strong></span> <span class='ocrx_word' id='word_1_437' title='bbox 1213 3561 1409 3617; x_wconf 79' lang='lat' dir='ltr'><strong>oli‘erre</strong></span> <span class='ocrx_word' id='word_1_438' title='bbox 1450 3578 1556 3616; x_wconf 92' lang='lat' dir='ltr'><strong>nou</strong></span> <span class='ocrx_word' id='word_1_439' title='bbox 1588 3564 1761 3616; x_wconf 89' lang='lat' dir='ltr'><strong>audeo</strong></span> 
     </span>
    </p>
   </div>
   <div class='ocr_carea' id='block_1_53' title="bbox 177 3648 1760 3713">
    <p class='ocr_par' dir='ltr' id='par_1_53' title="bbox 177 3648 1760 3713">
     <span class='ocr_line' id='line_1_53' title="bbox 177 3648 1760 3713; baseline 0.001 -9"><span class='ocrx_word' id='word_1_440' title='bbox 177 3648 532 3713; x_wconf 81' lang='lat' dir='ltr'><strong>sacriﬁcium,</strong></span> <span class='ocrx_word' id='word_1_441' title='bbox 566 3650 611 3703; x_wconf 91' lang='lat' dir='ltr'><strong>si</strong></span> <span class='ocrx_word' id='word_1_442' title='bbox 649 3649 884 3704; x_wconf 87' lang='lat' dir='ltr'><strong>volueris</strong></span> <span class='ocrx_word' id='word_1_443' title='bbox 930 3650 1208 3706; x_wconf 81' lang='lat' dir='ltr'><strong>assistere.</strong></span> <span class='ocrx_word' id='word_1_444' title='bbox 1252 3651 1534 3706; x_wconf 86' lang='lat' dir='ltr'><strong>Postremo</strong></span> <span class='ocrx_word' id='word_1_445' title='bbox 1580 3652 1760 3708; x_wconf 68' lang='grc' dir='ltr'><strong>δι’νίὺο</strong></span> 
     </span>
    </p>
   </div>
   <div class='ocr_carea' id='block_1_54' title="bbox 177 3732 1760 3810">
    <p class='ocr_par' dir='ltr' id='par_1_54' title="bbox 177 3732 1760 3810">
     <span class='ocr_line' id='line_1_54' title="bbox 177 3732 1760 3810; baseline 0.003 -18"><span class='ocrx_word' id='word_1_446' title='bbox 177 3753 347 3792; x_wconf 86' lang='lat' dir='ltr'><strong>manu</strong></span> <span class='ocrx_word' id='word_1_447' title='bbox 396 3732 513 3790; x_wconf 82' lang='lat' dir='ltr'><strong>mea</strong></span> <span class='ocrx_word' id='word_1_448' title='bbox 560 3737 700 3805; x_wconf 88' lang='lat' dir='ltr'><strong>quod</strong></span> <span class='ocrx_word' id='word_1_449' title='bbox 731 3738 878 3794; x_wconf 90' lang='lat' dir='ltr'><strong>solus</strong></span> <span class='ocrx_word' id='word_1_450' title='bbox 924 3738 1087 3810; x_wconf 81' lang='lat' dir='ltr'><strong>legas.</strong></span> <span class='ocrx_word' id='word_1_451' title='bbox 1135 3739 1211 3793; x_wconf 90' lang='lat' dir='ltr'><strong>lta</strong></span> <span class='ocrx_word' id='word_1_452' title='bbox 1256 3755 1342 3794; x_wconf 88' lang='lat' dir='ltr'><strong>me</strong></span> <span class='ocrx_word' id='word_1_453' title='bbox 1384 3741 1644 3797; x_wconf 84' lang='lat' dir='ltr'><strong>Dominus</strong></span> <span class='ocrx_word' id='word_1_454' title='bbox 1692 3743 1760 3797; x_wconf 89' lang='lat' dir='ltr'><strong>ab</strong></span> 
     </span>
    </p>
   </div>
   <div class='ocr_carea' id='block_1_55' title="bbox 175 3826 1765 3899">
    <p class='ocr_par' dir='ltr' id='par_1_55' title="bbox 175 3826 1765 3899">
     <span class='ocr_line' id='line_1_55' title="bbox 175 3826 1765 3899; baseline 0.002 -16"><span class='ocrx_word' id='word_1_455' title='bbox 175 3826 437 3883; x_wconf 78' lang='lat' dir='ltr'><strong>ottinibus</strong></span> <span class='ocrx_word' id='word_1_456' title='bbox 485 3827 920 3884; x_wconf 84' lang='lat' dir='ltr'><strong>tribulationibus</strong></span> <span class='ocrx_word' id='word_1_457' title='bbox 966 3830 1198 3895; x_wconf 86' lang='lat' dir='ltr'><strong>liberet,</strong></span> <span class='ocrx_word' id='word_1_458' title='bbox 1242 3832 1366 3899; x_wconf 86' lang='lat' dir='ltr'><strong>quia</strong></span> <span class='ocrx_word' id='word_1_459' title='bbox 1402 3848 1506 3887; x_wconf 91' lang='lat' dir='ltr'><strong>nou</strong></span> <span class='ocrx_word' id='word_1_460' title='bbox 1555 3833 1622 3886; x_wconf 89' lang='lat' dir='ltr'><strong>ab</strong></span> <span class='ocrx_word' id='word_1_461' title='bbox 1664 3833 1765 3886; x_wconf 76' lang='lat' dir='ltr'><strong>ho-</strong></span> 
     </span>
    </p>
   </div>
   <div class='ocr_carea' id='block_1_56' title="bbox 178 3921 1763 3991">
    <p class='ocr_par' dir='ltr' id='par_1_56' title="bbox 178 3921 1763 3991">
     <span class='ocr_line' id='line_1_56' title="bbox 178 3921 1763 3991; baseline -0.001 -15"><span class='ocrx_word' id='word_1_462' title='bbox 178 3923 349 3985; x_wconf 84' lang='lat' dir='ltr'><strong>mine,</strong></span> <span class='ocrx_word' id='word_1_463' title='bbox 381 3932 556 3988; x_wconf 83' lang='lat' dir='ltr'><strong>neque</strong></span> <span class='ocrx_word' id='word_1_464' title='bbox 582 3935 680 3988; x_wconf 89' lang='lat' dir='ltr'><strong>per</strong></span> <span class='ocrx_word' id='word_1_465' title='bbox 709 3921 980 3979; x_wconf 85' lang='lat' dir='ltr'><strong>hominem</strong></span> <span class='ocrx_word' id='word_1_466' title='bbox 1007 3961 1022 3987; x_wconf 93' lang='lat'><strong>,</strong></span> <span class='ocrx_word' id='word_1_467' title='bbox 1067 3922 1161 3976; x_wconf 87' lang='lat' dir='ltr'><strong>sed</strong></span> <span class='ocrx_word' id='word_1_468' title='bbox 1208 3930 1394 3991; x_wconf 87' lang='lat' dir='ltr'><strong>aperte</strong></span> <span class='ocrx_word' id='word_1_469' title='bbox 1433 3922 1563 3975; x_wconf 88' lang='lat' dir='ltr'><strong>mihi</strong></span> <span class='ocrx_word' id='word_1_470' title='bbox 1597 3923 1763 3976; x_wconf 86' lang='lat' dir='ltr'><strong>inter-</strong></span> 
     </span>
    </p>
   </div>
   <div class='ocr_carea' id='block_1_57' title="bbox 177 4011 1763 4082">
    <p class='ocr_par' dir='ltr' id='par_1_57' title="bbox 177 4011 1763 4082">
     <span class='ocr_line' id='line_1_57' title="bbox 177 4011 1763 4082; baseline 0.001 -17"><span class='ocrx_word' id='word_1_471' title='bbox 177 4013 388 4067; x_wconf 88' lang='lat' dir='ltr'><strong>dictqu</strong></span> <span class='ocrx_word' id='word_1_472' title='bbox 420 4011 578 4082; x_wconf 79' lang='lat'><strong>703</strong></span> <span class='ocrx_word' id='word_1_473' title='bbox 600 4011 975 4067; x_wconf 84' lang='lat' dir='ltr'><strong>adverti.Cum</strong></span> <span class='ocrx_word' id='word_1_474' title='bbox 996 4011 1138 4066; x_wconf 88' lang='lat' dir='ltr'><strong>enim</strong></span> <span class='ocrx_word' id='word_1_475' title='bbox 1162 4026 1336 4065; x_wconf 86' lang='lat' dir='ltr'><strong>essem</strong></span> <span class='ocrx_word' id='word_1_476' title='bbox 1364 4012 1624 4066; x_wconf 84' lang='lat' dir='ltr'><strong>sollicitus</strong></span> <span class='ocrx_word' id='word_1_477' title='bbox 1646 4013 1763 4080; x_wconf 88' lang='lat' dir='ltr'><strong>ipsa</strong></span> 
     </span>
    </p>
   </div>
   <div class='ocr_carea' id='block_1_58' title="bbox 178 4088 1759 4172">
    <p class='ocr_par' dir='ltr' id='par_1_58' title="bbox 178 4088 1759 4172">
     <span class='ocr_line' id='line_1_58' title="bbox 178 4088 1759 4172; baseline -0.001 -15"><span class='ocrx_word' id='word_1_478' title='bbox 178 4112 360 4165; x_wconf 84' lang='lat' dir='ltr'><strong>nocte,</strong></span> <span class='ocrx_word' id='word_1_479' title='bbox 389 4118 491 4171; x_wconf 87' lang='lat' dir='ltr'><strong>qua</strong></span> <span class='ocrx_word' id='word_1_480' title='bbox 522 4103 589 4157; x_wconf 91' lang='lat' dir='ltr'><strong>ad</strong></span> <span class='ocrx_word' id='word_1_481' title='bbox 621 4114 687 4163; x_wconf 89' lang='lat' dir='ltr'><strong>te,</strong></span> <span class='ocrx_word' id='word_1_482' title='bbox 714 4103 855 4157; x_wconf 87' lang='lat' dir='ltr'><strong>sicut</strong></span> <span class='ocrx_word' id='word_1_483' title='bbox 882 4103 1131 4172; x_wconf 80' lang='lat' dir='ltr'><strong>petieras,</strong></span> <span class='ocrx_word' id='word_1_484' title='bbox 1164 4088 1436 4171; x_wconf 79' lang='lat' dir='ltr'><strong>proﬁcisci</strong></span> <span class='ocrx_word' id='word_1_485' title='bbox 1478 4102 1759 4171; x_wconf 86' lang='lat' dir='ltr'><strong>parabam,</strong></span> 
     </span>
    </p>
   </div>
   <div class='ocr_carea' id='block_1_59' title="bbox 181 4193 1763 4263">
    <p class='ocr_par' dir='ltr' id='par_1_59' title="bbox 181 4193 1763 4263">
     <span class='ocr_line' id='line_1_59' title="bbox 181 4193 1763 4263; baseline 0 -16"><span class='ocrx_word' id='word_1_486' title='bbox 181 4194 397 4249; x_wconf 79' lang='lat' dir='ltr'><strong>venisse</strong></span> <span class='ocrx_word' id='word_1_487' title='bbox 427 4195 643 4263; x_wconf 86' lang='lat' dir='ltr'><strong>quidem</strong></span> <span class='ocrx_word' id='word_1_488' title='bbox 675 4194 822 4248; x_wconf 89' lang='lat' dir='ltr'><strong>visus</strong></span> <span class='ocrx_word' id='word_1_489' title='bbox 848 4210 907 4248; x_wconf 87' lang='lat' dir='ltr'><strong>es</strong></span> <span class='ocrx_word' id='word_1_490' title='bbox 936 4194 1003 4248; x_wconf 91' lang='lat' dir='ltr'><strong>ad</strong></span> <span class='ocrx_word' id='word_1_491' title='bbox 1028 4193 1330 4257; x_wconf 87' lang='lat' dir='ltr'><strong>ecclesiam,</strong></span> <span class='ocrx_word' id='word_1_492' title='bbox 1369 4200 1463 4249; x_wconf 87' lang='lat' dir='ltr'><strong>sed</strong></span> <span class='ocrx_word' id='word_1_493' title='bbox 1497 4193 1623 4247; x_wconf 89' lang='lat' dir='ltr'><strong>mihi</strong></span> <span class='ocrx_word' id='word_1_494' title='bbox 1674 4209 1763 4247; x_wconf 88' lang='lat' dir='ltr'><strong>sa-</strong></span> 
     </span>
    </p>
   </div>
   <div class='ocr_carea' id='block_1_60' title="bbox 179 4284 1761 4355">
    <p class='ocr_par' dir='ltr' id='par_1_60' title="bbox 179 4284 1761 4355">
     <span class='ocr_line' id='line_1_60' title="bbox 179 4284 1761 4355; baseline 0.001 -15"><span class='ocrx_word' id='word_1_495' title='bbox 179 4286 445 4340; x_wconf 90' lang='lat' dir='ltr'><strong>criﬁcium</strong></span> <span class='ocrx_word' id='word_1_496' title='bbox 502 4284 695 4339; x_wconf 83' lang='lat' dir='ltr'><strong>oﬁerre</strong></span> <span class='ocrx_word' id='word_1_497' title='bbox 748 4301 854 4339; x_wconf 92' lang='lat' dir='ltr'><strong>non</strong></span> <span class='ocrx_word' id='word_1_498' title='bbox 913 4286 1083 4339; x_wconf 90' lang='lat' dir='ltr'><strong>licuit.</strong></span> <span class='ocrx_word' id='word_1_499' title='bbox 1134 4285 1251 4339; x_wconf 85' lang='lat' dir='ltr'><strong>Alia</strong></span> <span class='ocrx_word' id='word_1_500' title='bbox 1308 4295 1592 4355; x_wconf 68' lang='lat' dir='ltr'><strong>pmtereo,</strong></span> <span class='ocrx_word' id='word_1_501' title='bbox 1639 4301 1761 4355; x_wconf 65' lang='lat' dir='ltr'><strong>qua:</strong></span> 
     </span>
    </p>
   </div>
   <div class='ocr_carea' id='block_1_61' title="bbox 178 4373 1756 4443">
    <p class='ocr_par' dir='ltr' id='par_1_61' title="bbox 178 4373 1756 4443">
     <span class='ocr_line' id='line_1_61' title="bbox 178 4373 1756 4443; baseline -0.001 -15"><span class='ocrx_word' id='word_1_502' title='bbox 178 4374 331 4443; x_wconf 87' lang='lat' dir='ltr'><strong>potui</strong></span> <span class='ocrx_word' id='word_1_503' title='bbox 380 4383 588 4437; x_wconf 85' lang='lat' dir='ltr'><strong>tacere,</strong></span> <span class='ocrx_word' id='word_1_504' title='bbox 622 4373 715 4428; x_wconf 87' lang='lat' dir='ltr'><strong>sed</strong></span> <span class='ocrx_word' id='word_1_505' title='bbox 762 4373 956 4443; x_wconf 88' lang='lat' dir='ltr'><strong>pertuli</strong></span> <span class='ocrx_word' id='word_1_506' title='bbox 1004 4389 1188 4427; x_wconf 89' lang='lat' dir='ltr'><strong>amore</strong></span> <span class='ocrx_word' id='word_1_507' title='bbox 1237 4385 1349 4438; x_wconf 93' lang='lat' dir='ltr'><strong>tuo,</strong></span> <span class='ocrx_word' id='word_1_508' title='bbox 1394 4382 1453 4427; x_wconf 89' lang='lat' dir='ltr'><strong>ut</strong></span> <span class='ocrx_word' id='word_1_509' title='bbox 1502 4374 1756 4429; x_wconf 87' lang='lat' dir='ltr'><strong>arbitror.</strong></span> 
     </span>
    </p>
   </div>
   <div class='ocr_carea' id='block_1_62' title="bbox 179 4464 1751 4535">
    <p class='ocr_par' dir='ltr' id='par_1_62' title="bbox 179 4464 1751 4535">
     <span class='ocr_line' id='line_1_62' title="bbox 179 4464 1751 4535; baseline 0 -15"><span class='ocrx_word' id='word_1_510' title='bbox 179 4466 443 4520; x_wconf 87' lang='lat' dir='ltr'><strong>Dominus</strong></span> <span class='ocrx_word' id='word_1_511' title='bbox 470 4464 629 4518; x_wconf 84' lang='lat' dir='ltr'><strong>faciat</strong></span> <span class='ocrx_word' id='word_1_512' title='bbox 658 4473 715 4518; x_wconf 88' lang='lat' dir='ltr'><strong>ut</strong></span> <span class='ocrx_word' id='word_1_513' title='bbox 739 4466 920 4519; x_wconf 85' lang='lat' dir='ltr'><strong>omnia</strong></span> <span class='ocrx_word' id='word_1_514' title='bbox 951 4480 1072 4520; x_wconf 91' lang='lat' dir='ltr'><strong>cum</strong></span> <span class='ocrx_word' id='word_1_515' title='bbox 1103 4466 1489 4535; x_wconf 89' lang='lat' dir='ltr'><strong>tranquillitate</strong></span> <span class='ocrx_word' id='word_1_516' title='bbox 1536 4468 1751 4521; x_wconf 87' lang='lat' dir='ltr'><strong>cedant.</strong></span> 
     </span>
    </p>
   </div>
   <div class='ocr_carea' id='block_1_63' title="bbox 179 4557 1749 4627">
    <p class='ocr_par' dir='ltr' id='par_1_63' title="bbox 179 4557 1749 4627">
     <span class='ocr_line' id='line_1_63' title="bbox 179 4557 1749 4627; baseline -0.001 -15"><span class='ocrx_word' id='word_1_517' title='bbox 179 4557 471 4612; x_wconf 78' lang='lat' dir='ltr'><strong>Multifarie</strong></span> <span class='ocrx_word' id='word_1_518' title='bbox 505 4559 570 4611; x_wconf 90' lang='lat' dir='ltr'><strong>de</strong></span> <span class='ocrx_word' id='word_1_519' title='bbox 614 4557 700 4611; x_wconf 89' lang='lat' dir='ltr'><strong>his</strong></span> <span class='ocrx_word' id='word_1_520' title='bbox 747 4572 847 4611; x_wconf 88' lang='lat' dir='ltr'><strong>nos</strong></span> <span class='ocrx_word' id='word_1_521' title='bbox 896 4558 1152 4611; x_wconf 89' lang='lat' dir='ltr'><strong>admonet</strong></span> <span class='ocrx_word' id='word_1_522' title='bbox 1203 4559 1368 4627; x_wconf 88' lang='lat' dir='ltr'><strong>signis</strong></span> <span class='ocrx_word' id='word_1_523' title='bbox 1419 4558 1749 4622; x_wconf 71' lang='lat' dir='ltr'><strong>ccelesdbus,</strong></span> 
     </span>
    </p>
   </div>
   <div class='ocr_carea' id='block_1_64' title="bbox 176 4648 1761 4718">
    <p class='ocr_par' dir='ltr' id='par_1_64' title="bbox 176 4648 1761 4718">
     <span class='ocr_line' id='line_1_64' title="bbox 176 4648 1761 4718; baseline 0.002 -18"><span class='ocrx_word' id='word_1_524' title='bbox 176 4649 560 4718; x_wconf 67' lang='lat' dir='ltr'><strong>primhetarum</strong></span> <span class='ocrx_word' id='word_1_525' title='bbox 593 4648 895 4717; x_wconf 57' lang='lat' dir='ltr'><strong>praeceptis,</strong></span> <span class='ocrx_word' id='word_1_526' title='bbox 931 4649 1224 4703; x_wconf 86' lang='lat' dir='ltr'><strong>visionibus</strong></span> <span class='ocrx_word' id='word_1_527' title='bbox 1246 4650 1407 4703; x_wconf 84' lang='lat' dir='ltr'><strong>etiam</strong></span> <span class='ocrx_word' id='word_1_528' title='bbox 1451 4659 1761 4718; x_wconf 70' lang='lat' dir='ltr'><strong>pectorum.</strong></span> 
     </span>
    </p>
   </div>
   <div class='ocr_carea' id='block_1_65' title="bbox 183 4738 1753 4809">
    <p class='ocr_par' dir='ltr' id='par_1_65' title="bbox 183 4738 1753 4809">
     <span class='ocr_line' id='line_1_65' title="bbox 183 4738 1753 4809; baseline 0.001 -18"><span class='ocrx_word' id='word_1_529' title='bbox 183 4738 304 4791; x_wconf 73' lang='lat' dir='ltr'><strong>Vult</strong></span> <span class='ocrx_word' id='word_1_530' title='bbox 330 4754 429 4791; x_wconf 90' lang='lat' dir='ltr'><strong>nos</strong></span> <span class='ocrx_word' id='word_1_531' title='bbox 460 4738 774 4808; x_wconf 79' lang='lat' dir='ltr'><strong>intelligere,</strong></span> <span class='ocrx_word' id='word_1_532' title='bbox 803 4753 911 4808; x_wconf 87' lang='lat' dir='ltr'><strong>quo</strong></span> <span class='ocrx_word' id='word_1_533' title='bbox 940 4754 1188 4807; x_wconf 83' lang='lat' dir='ltr'><strong>rogemus</strong></span> <span class='ocrx_word' id='word_1_534' title='bbox 1212 4754 1361 4802; x_wconf 83' lang='lat' dir='ltr'><strong>eum,</strong></span> <span class='ocrx_word' id='word_1_535' title='bbox 1386 4748 1444 4792; x_wconf 91' lang='lat' dir='ltr'><strong>ut</strong></span> <span class='ocrx_word' id='word_1_536' title='bbox 1471 4739 1753 4809; x_wconf 86' lang='lat' dir='ltr'><strong>perturba-</strong></span> 
     </span>
    </p>
   </div>
   <div class='ocr_carea' id='block_1_66' title="bbox 177 4831 1751 4901">
    <p class='ocr_par' dir='ltr' id='par_1_66' title="bbox 177 4831 1751 4901">
     <span class='ocr_line' id='line_1_66' title="bbox 177 4831 1751 4901; baseline -0.001 -16"><span class='ocrx_word' id='word_1_537' title='bbox 177 4833 356 4886; x_wconf 85' lang='lat' dir='ltr'><strong>tiones</strong></span> <span class='ocrx_word' id='word_1_538' title='bbox 398 4831 628 4895; x_wconf 64' lang='lat' dir='ltr'><strong>auferat,</strong></span> <span class='ocrx_word' id='word_1_539' title='bbox 676 4846 863 4901; x_wconf 89' lang='lat' dir='ltr'><strong>pacem</strong></span> <span class='ocrx_word' id='word_1_540' title='bbox 910 4831 1062 4884; x_wconf 82' lang='lat' dir='ltr'><strong>vobis</strong></span> <span class='ocrx_word' id='word_1_541' title='bbox 1117 4831 1504 4901; x_wconf 81' lang='lat' dir='ltr'><strong>imperantibus</strong></span> <span class='ocrx_word' id='word_1_542' title='bbox 1548 4840 1751 4896; x_wconf 78' lang='lat' dir='ltr'><strong>servet,</strong></span> 
     </span>
    </p>
   </div>
   <div class='ocr_carea' id='block_1_67' title="bbox 174 4920 1755 4990">
    <p class='ocr_par' dir='ltr' id='par_1_67' title="bbox 174 4920 1755 4990">
     <span class='ocr_line' id='line_1_67' title="bbox 174 4920 1755 4990; baseline 0.001 -17"><span class='ocrx_word' id='word_1_543' title='bbox 174 4920 312 4974; x_wconf 80' lang='lat' dir='ltr'><strong>ﬁdes</strong></span> <span class='ocrx_word' id='word_1_544' title='bbox 346 4920 598 4974; x_wconf 73' lang='lat' dir='ltr'><strong>Ecclesia:</strong></span> <span class='ocrx_word' id='word_1_545' title='bbox 617 4929 672 4975; x_wconf 91' lang='lat' dir='ltr'><strong>et</strong></span> <span class='ocrx_word' id='word_1_546' title='bbox 708 4920 1071 4990; x_wconf 88' lang='lat' dir='ltr'><strong>tranquillitas</strong></span> <span class='ocrx_word' id='word_1_547' title='bbox 1120 4929 1446 4990; x_wconf 84' lang='lat' dir='ltr'><strong>perseveret,</strong></span> <span class='ocrx_word' id='word_1_548' title='bbox 1493 4921 1580 4975; x_wconf 90' lang='lat' dir='ltr'><strong>cui</strong></span> <span class='ocrx_word' id='word_1_549' title='bbox 1634 4935 1755 4990; x_wconf 86' lang='lat' dir='ltr'><strong>pro-</strong></span> 
     </span>
    </p>
   </div>
   <div class='ocr_carea' id='block_1_68' title="bbox 173 5009 1752 5077">
    <p class='ocr_par' dir='ltr' id='par_1_68' title="bbox 173 5009 1752 5077">
     <span class='ocr_line' id='line_1_68' title="bbox 173 5009 1752 5077; baseline 0.001 -14"><span class='ocrx_word' id='word_1_550' title='bbox 173 5011 297 5063; x_wconf 87' lang='lat' dir='ltr'><strong>dest</strong></span> <span class='ocrx_word' id='word_1_551' title='bbox 330 5009 665 5063; x_wconf 86' lang='lat' dir='ltr'><strong>Christianos</strong></span> <span class='ocrx_word' id='word_1_552' title='bbox 693 5018 747 5062; x_wconf 89' lang='lat' dir='ltr'><strong>et</strong></span> <span class='ocrx_word' id='word_1_553' title='bbox 776 5011 891 5077; x_wconf 89' lang='lat' dir='ltr'><strong>pios</strong></span> <span class='ocrx_word' id='word_1_554' title='bbox 918 5024 1040 5063; x_wconf 87' lang='lat' dir='ltr'><strong>esse</strong></span> <span class='ocrx_word' id='word_1_555' title='bbox 1079 5009 1451 5077; x_wconf 87' lang='lat' dir='ltr'><strong>imperatores.</strong></span> <span class='ocrx_word' id='word_1_556' title='bbox 1485 5009 1645 5064; x_wconf 87' lang='lat' dir='ltr'><strong>Certe</strong></span> <span class='ocrx_word' id='word_1_557' title='bbox 1670 5010 1752 5065; x_wconf 87' lang='lat' dir='ltr'><strong>vis</strong></span> 
     </span>
    </p>
   </div>
   <div class='ocr_carea' id='block_1_69' title="bbox 171 5098 1757 5171">
    <p class='ocr_par' dir='ltr' id='par_1_69' title="bbox 171 5098 1757 5171">
     <span class='ocr_line' id='line_1_69' title="bbox 171 5098 1757 5171; baseline 0.003 -20"><span class='ocrx_word' id='word_1_558' title='bbox 171 5100 393 5171; x_wconf 84' lang='lat' dir='ltr'><strong>probari</strong></span> <span class='ocrx_word' id='word_1_559' title='bbox 430 5100 556 5154; x_wconf 90' lang='lat' dir='ltr'><strong>Deo.</strong></span> <span class='ocrx_word' id='word_1_560' title='bbox 611 5098 770 5155; x_wconf 88' lang='lat' dir='ltr'><strong>Omni</strong></span> <span class='ocrx_word' id='word_1_561' title='bbox 823 5101 901 5155; x_wconf 86' lang='lat' dir='ltr'><strong>rei</strong></span> <span class='ocrx_word' id='word_1_562' title='bbox 959 5109 1189 5170; x_wconf 88' lang='lat' dir='ltr'><strong>tempus,</strong></span> <span class='ocrx_word' id='word_1_563' title='bbox 1239 5112 1298 5155; x_wconf 89' lang='lat' dir='ltr'><strong>ut</strong></span> <span class='ocrx_word' id='word_1_564' title='bbox 1327 5102 1590 5171; x_wconf 89' lang='lat' dir='ltr'><strong>scriptum</strong></span> <span class='ocrx_word' id='word_1_565' title='bbox 1622 5110 1706 5156; x_wconf 86' lang='lat' dir='ltr'><strong>est</strong></span> <span class='ocrx_word' id='word_1_566' title='bbox 1733 5116 1757 5155; x_wconf 83' lang='lat'><strong>:~</strong></span> 
     </span>
    </p>
   </div>
   <div class='ocr_carea' id='block_1_70' title="bbox 174 5189 1753 5263">
    <p class='ocr_par' dir='ltr' id='par_1_70' title="bbox 174 5189 1753 5263">
     <span class='ocr_line' id='line_1_70' title="bbox 174 5189 1753 5263; baseline 0.003 -20"><span class='ocrx_word' id='word_1_567' title='bbox 174 5189 421 5258; x_wconf 78' lang='lat' dir='ltr'><strong>Tempus,</strong></span> <span class='ocrx_word' id='word_1_568' title='bbox 467 5190 660 5259; x_wconf 89' lang='lat' dir='ltr'><strong>inquit,</strong></span> <span class='ocrx_word' id='word_1_569' title='bbox 721 5190 967 5258; x_wconf 80' lang='lat' dir='ltr'><strong>faciendi,</strong></span> <span class='ocrx_word' id='word_1_570' title='bbox 1012 5190 1234 5244; x_wconf 82' lang='lat' dir='ltr'><strong>Domine</strong></span> <span class='ocrx_word' id='word_1_571' title='bbox 1279 5190 1477 5259; x_wconf 84' lang='lat' dir='ltr'><strong>(Eccle.</strong></span> <span class='ocrx_word' id='word_1_572' title='bbox 1530 5208 1616 5256; x_wconf 88' lang='lat' dir='ltr'><strong>ut,</strong></span> <span class='ocrx_word' id='word_1_573' title='bbox 1663 5192 1753 5263; x_wconf 84' lang='lat' dir='ltr'><strong>l);</strong></span> 
     </span>
    </p>
   </div>
   <div class='ocr_carea' id='block_1_71' title="bbox 171 5279 1748 5353">
    <p class='ocr_par' dir='ltr' id='par_1_71' title="bbox 171 5279 1748 5353">
     <span class='ocr_line' id='line_1_71' title="bbox 171 5279 1748 5353; baseline 0.001 -19"><span class='ocrx_word' id='word_1_574' title='bbox 171 5291 231 5335; x_wconf 87' lang='lat' dir='ltr'><strong>et</strong></span> <span class='ocrx_word' id='word_1_575' title='bbox 264 5298 276 5333; x_wconf 92' lang='lat'>:</span> <span class='ocrx_word' id='word_1_576' title='bbox 313 5279 535 5350; x_wconf 83' lang='lat' dir='ltr'><strong>Tempus</strong></span> <span class='ocrx_word' id='word_1_577' title='bbox 583 5281 909 5348; x_wconf 85' lang='lat' dir='ltr'><strong>beneplaciti,</strong></span> <span class='ocrx_word' id='word_1_578' title='bbox 942 5281 1084 5336; x_wconf 86' lang='lat' dir='ltr'><strong>Deus</strong></span> <span class='ocrx_word' id='word_1_579' title='bbox 1141 5282 1311 5353; x_wconf 78' lang='lat' dir='ltr'><strong>(Psal.</strong></span> <span class='ocrx_word' id='word_1_580' title='bbox 1362 5298 1555 5347; x_wconf 83' lang='lat' dir='ltr'><strong>cxvttt,</strong></span> <span class='ocrx_word' id='word_1_581' title='bbox 1603 5285 1748 5343; x_wconf 73' lang='lat'><strong>19.6).</strong></span> 
     </span>
    </p>
   </div>
   <div class='ocr_carea' id='block_1_72' title="bbox 172 5371 1745 5442">
    <p class='ocr_par' dir='ltr' id='par_1_72' title="bbox 172 5371 1745 5442">
     <span class='ocr_line' id='line_1_72' title="bbox 172 5371 1745 5442; baseline 0.003 -17"><span class='ocrx_word' id='word_1_582' title='bbox 172 5372 329 5426; x_wconf 84' lang='lat' dir='ltr'><strong>Tunc</strong></span> <span class='ocrx_word' id='word_1_583' title='bbox 354 5371 565 5434; x_wconf 82' lang='lat' dir='ltr'><strong>oﬁ‘eres,</strong></span> <span class='ocrx_word' id='word_1_584' title='bbox 599 5389 719 5428; x_wconf 90' lang='lat' dir='ltr'><strong>cum</strong></span> <span class='ocrx_word' id='word_1_585' title='bbox 752 5373 1088 5428; x_wconf 88' lang='lat' dir='ltr'><strong>sacriﬁcandi</strong></span> <span class='ocrx_word' id='word_1_586' title='bbox 1116 5376 1389 5442; x_wconf 84' lang='lat' dir='ltr'><strong>acceperis</strong></span> <span class='ocrx_word' id='word_1_587' title='bbox 1412 5375 1745 5439; x_wconf 88' lang='lat' dir='ltr'><strong>facultatem,</strong></span> 
     </span>
    </p>
   </div>
   <div class='ocr_carea' id='block_1_73' title="bbox 172 5460 1749 5532">
    <p class='ocr_par' dir='ltr' id='par_1_73' title="bbox 172 5460 1749 5532">
     <span class='ocr_line' id='line_1_73' title="bbox 172 5460 1749 5532; baseline 0.004 -19"><span class='ocrx_word' id='word_1_588' title='bbox 172 5460 393 5530; x_wconf 77' lang='lat' dir='ltr'><strong>quando</strong></span> <span class='ocrx_word' id='word_1_589' title='bbox 440 5462 615 5516; x_wconf 90' lang='lat' dir='ltr'><strong>hostia</strong></span> <span class='ocrx_word' id='word_1_590' title='bbox 657 5470 745 5516; x_wconf 89' lang='lat' dir='ltr'><strong>tua</strong></span> <span class='ocrx_word' id='word_1_591' title='bbox 791 5472 1011 5532; x_wconf 89' lang='lat' dir='ltr'><strong>accepta</strong></span> <span class='ocrx_word' id='word_1_592' title='bbox 1066 5462 1137 5516; x_wconf 70' lang='lat' dir='ltr'><strong>sit</strong></span> <span class='ocrx_word' id='word_1_593' title='bbox 1194 5463 1322 5517; x_wconf 82' lang='lat' dir='ltr'><strong>Deo;</strong></span> <span class='ocrx_word' id='word_1_594' title='bbox 1379 5464 1609 5519; x_wconf 88' lang='lat' dir='ltr'><strong>Omnino</strong></span> <span class='ocrx_word' id='word_1_595' title='bbox 1665 5481 1749 5520; x_wconf 89' lang='lat' dir='ltr'><strong>me</strong></span> 
     </span>
    </p>
   </div>
   <div class='ocr_carea' id='block_1_74' title="bbox 169 5549 1747 5624">
    <p class='ocr_par' dir='ltr' id='par_1_74' title="bbox 169 5549 1747 5624">
     <span class='ocr_line' id='line_1_74' title="bbox 169 5549 1747 5624; baseline 0.005 -20"><span class='ocrx_word' id='word_1_596' title='bbox 169 5549 469 5605; x_wconf 79' lang='lat' dir='ltr'><strong>delectaret</strong></span> <span class='ocrx_word' id='word_1_597' title='bbox 492 5552 692 5607; x_wconf 87' lang='lat' dir='ltr'><strong>habere</strong></span> <span class='ocrx_word' id='word_1_598' title='bbox 714 5553 941 5622; x_wconf 83' lang='lat' dir='ltr'><strong>gratiam</strong></span> <span class='ocrx_word' id='word_1_599' title='bbox 973 5555 1335 5624; x_wconf 89' lang='lat' dir='ltr'><strong>imperatoris,</strong></span> <span class='ocrx_word' id='word_1_600' title='bbox 1361 5564 1417 5609; x_wconf 93' lang='lat' dir='ltr'><strong>ut</strong></span> <span class='ocrx_word' id='word_1_601' title='bbox 1451 5558 1747 5612; x_wconf 76' lang='lat' dir='ltr'><strong>secundum</strong></span> 
     </span>
    </p>
   </div>
   <div class='ocr_carea' id='block_1_75' title="bbox 170 5639 1753 5714">
    <p class='ocr_par' dir='ltr' id='par_1_75' title="bbox 170 5639 1753 5714">
     <span class='ocr_line' id='line_1_75' title="bbox 170 5639 1753 5714; baseline 0.006 -22"><span class='ocrx_word' id='word_1_602' title='bbox 170 5639 508 5694; x_wconf 73' lang='lat' dir='ltr'><strong>voluntatem</strong></span> <span class='ocrx_word' id='word_1_603' title='bbox 535 5648 681 5695; x_wconf 89' lang='lat' dir='ltr'><strong>tuam</strong></span> <span class='ocrx_word' id='word_1_604' title='bbox 719 5658 968 5712; x_wconf 81' lang='lat' dir='ltr'><strong>agerem,</strong></span> <span class='ocrx_word' id='word_1_605' title='bbox 1017 5645 1064 5699; x_wconf 87' lang='lat' dir='ltr'><strong>si</strong></span> <span class='ocrx_word' id='word_1_606' title='bbox 1118 5659 1280 5698; x_wconf 89' lang='lat' dir='ltr'><strong>causa</strong></span> <span class='ocrx_word' id='word_1_607' title='bbox 1332 5653 1625 5714; x_wconf 87' lang='lat' dir='ltr'><strong>pateretur.</strong></span> <span class='ocrx_word' id='word_1_608' title='bbox 1686 5647 1753 5702; x_wconf 81' lang='lat' dir='ltr'><strong>Et</strong></span> 
     </span>
    </p>
   </div>
   <div class='ocr_carea' id='block_1_76' title="bbox 170 5717 1726 5804">
    <p class='ocr_par' dir='ltr' id='par_1_76' title="bbox 170 5717 1726 5804">
     <span class='ocr_line' id='line_1_76' title="bbox 170 5717 1726 5804; baseline 0.003 -17"><span class='ocrx_word' id='word_1_609' title='bbox 170 5733 403 5804; x_wconf 77' lang='lat' dir='ltr'><strong>simplex</strong></span> <span class='ocrx_word' id='word_1_610' title='bbox 432 5735 610 5790; x_wconf 84' lang='lat' dir='ltr'><strong>oratio</strong></span> <span class='ocrx_word' id='word_1_611' title='bbox 638 5717 966 5803; x_wconf 83' lang='lat' dir='ltr'><strong>sacriﬁcium</strong></span> <span class='ocrx_word' id='word_1_612' title='bbox 1000 5744 1081 5791; x_wconf 89' lang='lat' dir='ltr'><strong>est</strong></span> <span class='ocrx_word' id='word_1_613' title='bbox 1123 5752 1137 5790; x_wconf 90' lang='lat'><strong>:</strong></span> <span class='ocrx_word' id='word_1_614' title='bbox 1173 5735 1287 5790; x_wconf 72' lang='lat' dir='ltr'><strong>haec</strong></span> <span class='ocrx_word' id='word_1_615' title='bbox 1316 5734 1528 5791; x_wconf 84' lang='lat' dir='ltr'><strong>veniam</strong></span> <span class='ocrx_word' id='word_1_616' title='bbox 1559 5737 1726 5792; x_wconf 82' lang='lat' dir='ltr'><strong>refert</strong></span> 
     </span>
    </p>
   </div>
   <div class='ocr_carea' id='block_1_77' title="bbox 1783 4511 1833 4569">
    <p class='ocr_par' dir='ltr' id='par_1_77' title="bbox 1783 4511 1833 4569">
     <span class='ocr_line' id='line_1_77' title="bbox 1783 4511 1833 4569; baseline 0 0"><span class='ocrx_word' id='word_1_617' title='bbox 1783 4511 1833 4569; x_wconf 92' lang='lat' dir='ltr'><strong>D</strong></span> 
     </span>
    </p>
   </div>
   <div class='ocr_carea' id='block_1_78' title="bbox 1940 1926 3447 1996">
    <p class='ocr_par' dir='ltr' id='par_1_78' title="bbox 1940 1926 3447 1996">
     <span class='ocr_line' id='line_1_78' title="bbox 1940 1926 3447 1996; baseline -0.002 -13"><span class='ocrx_word' id='word_1_618' title='bbox 1940 1930 2218 1996; x_wconf 78' lang='lat' dir='ltr'><strong>Quomodo</strong></span> <span class='ocrx_word' id='word_1_619' title='bbox 2245 1938 2423 1982; x_wconf 87' lang='lat' dir='ltr'><strong>autem</strong></span> <span class='ocrx_word' id='word_1_620' title='bbox 2464 1929 2632 1982; x_wconf 87' lang='lat' dir='ltr'><strong>isdem</strong></span> <span class='ocrx_word' id='word_1_621' title='bbox 2660 1929 2852 1982; x_wconf 84' lang='lat' dir='ltr'><strong>beatus</strong></span> <span class='ocrx_word' id='word_1_622' title='bbox 2894 1928 3190 1996; x_wconf 74' lang='lat' dir='ltr'><strong>impetator</strong></span> <span class='ocrx_word' id='word_1_623' title='bbox 3231 1926 3447 1995; x_wconf 83' lang='lat' dir='ltr'><strong>publice</strong></span> 
     </span>
    </p>
   </div>
   <div class='ocr_carea' id='block_1_79' title="bbox 1869 2017 3447 2091">
    <p class='ocr_par' dir='ltr' id='par_1_79' title="bbox 1869 2017 3447 2091">
     <span class='ocr_line' id='line_1_79' title="bbox 1869 2017 3447 2091; baseline -0.005 -15"><span class='ocrx_word' id='word_1_624' title='bbox 1869 2023 2136 2091; x_wconf 74' lang='lat' dir='ltr'><strong>pmuiteus</strong></span> <span class='ocrx_word' id='word_1_625' title='bbox 2167 2022 2280 2075; x_wconf 78' lang='lat' dir='ltr'><strong>lucc</strong></span> <span class='ocrx_word' id='word_1_626' title='bbox 2309 2020 2616 2074; x_wconf 86' lang='lat' dir='ltr'><strong>obaudierit</strong></span> <span class='ocrx_word' id='word_1_627' title='bbox 2645 2019 2871 2082; x_wconf 88' lang='lat' dir='ltr'><strong>monita,</strong></span> <span class='ocrx_word' id='word_1_628' title='bbox 2900 2018 3069 2072; x_wconf 81' lang='lat' dir='ltr'><strong>isdem</strong></span> <span class='ocrx_word' id='word_1_629' title='bbox 3096 2018 3287 2072; x_wconf 90' lang='lat' dir='ltr'><strong>beatus</strong></span> <span class='ocrx_word' id='word_1_630' title='bbox 3317 2017 3447 2069; x_wconf 78' lang='lat' dir='ltr'><strong>Am-</strong></span> 
     </span>
    </p>
   </div>
   <div class='ocr_carea' id='block_1_80' title="bbox 1868 2098 3445 2179">
    <p class='ocr_par' dir='ltr' id='par_1_80' title="bbox 1868 2098 3445 2179">
     <span class='ocr_line' id='line_1_80' title="bbox 1868 2098 3445 2179; baseline -0.004 -10"><span class='ocrx_word' id='word_1_631' title='bbox 1868 2098 2081 2169; x_wconf 81' lang='lat' dir='ltr'><strong>brosius</strong></span> <span class='ocrx_word' id='word_1_632' title='bbox 2121 2114 2261 2166; x_wconf 91' lang='lat' dir='ltr'><strong>inter</strong></span> <span class='ocrx_word' id='word_1_633' title='bbox 2304 2112 2410 2165; x_wconf 85' lang='lat' dir='ltr'><strong>alia</strong></span> <span class='ocrx_word' id='word_1_634' title='bbox 2469 2113 2522 2165; x_wconf 93' lang='lat' dir='ltr'><strong>iu</strong></span> <span class='ocrx_word' id='word_1_635' title='bbox 2579 2113 2840 2166; x_wconf 76' lang='lat' dir='ltr'><strong>Sermone</strong></span> <span class='ocrx_word' id='word_1_636' title='bbox 2881 2110 3280 2179; x_wconf 82' lang='lat' dir='ltr'><strong>quadragesimi</strong></span> <span class='ocrx_word' id='word_1_637' title='bbox 3337 2109 3445 2163; x_wconf 81' lang='lat' dir='ltr'><strong>diei</strong></span> 
     </span>
    </p>
   </div>
   <div class='ocr_carea' id='block_1_81' title="bbox 1869 2198 3445 2270">
    <p class='ocr_par' dir='ltr' id='par_1_81' title="bbox 1869 2198 3445 2270">
     <span class='ocr_line' id='line_1_81' title="bbox 1869 2198 3445 2270; baseline -0.003 -12"><span class='ocrx_word' id='word_1_638' title='bbox 1869 2204 2230 2258; x_wconf 89' lang='lat' dir='ltr'><strong>defunctiouis</strong></span> <span class='ocrx_word' id='word_1_639' title='bbox 2257 2203 2427 2270; x_wconf 84' lang='lat' dir='ltr'><strong>ipsius</strong></span> <span class='ocrx_word' id='word_1_640' title='bbox 2445 2218 2628 2256; x_wconf 88' lang='lat' dir='ltr'><strong>coram</strong></span> <span class='ocrx_word' id='word_1_641' title='bbox 2660 2201 2900 2255; x_wconf 88' lang='lat' dir='ltr'><strong>llonorio</strong></span> <span class='ocrx_word' id='word_1_642' title='bbox 2920 2199 3162 2268; x_wconf 86' lang='lat' dir='ltr'><strong>Augusto</strong></span> <span class='ocrx_word' id='word_1_643' title='bbox 3193 2199 3301 2253; x_wconf 90' lang='lat' dir='ltr'><strong>ﬁlio</strong></span> <span class='ocrx_word' id='word_1_644' title='bbox 3327 2198 3445 2266; x_wconf 83' lang='lat' dir='ltr'><strong>ejus</strong></span> 
     </span>
    </p>
   </div>
   <div class='ocr_carea' id='block_1_82' title="bbox 1869 2288 3443 2359">
    <p class='ocr_par' dir='ltr' id='par_1_82' title="bbox 1869 2288 3443 2359">
     <span class='ocr_line' id='line_1_82' title="bbox 1869 2288 3443 2359; baseline -0.004 -11"><span class='ocrx_word' id='word_1_645' title='bbox 1869 2294 2223 2348; x_wconf 84' lang='lat' dir='ltr'><strong>deumnstrat.</strong></span> <span class='ocrx_word' id='word_1_646' title='bbox 2250 2293 2496 2359; x_wconf 81' lang='lat' dir='ltr'><strong>Qualiter</strong></span> <span class='ocrx_word' id='word_1_647' title='bbox 2521 2292 2683 2345; x_wconf 86' lang='lat' dir='ltr'><strong>etiam</strong></span> <span class='ocrx_word' id='word_1_648' title='bbox 2711 2291 2892 2344; x_wconf 67' lang='lat' dir='ltr'><strong>caeleri</strong></span> <span class='ocrx_word' id='word_1_649' title='bbox 2943 2288 3233 2344; x_wconf 89' lang='lat' dir='ltr'><strong>Christiani</strong></span> <span class='ocrx_word' id='word_1_650' title='bbox 3281 2298 3443 2355; x_wconf 87' lang='lat' dir='ltr'><strong>atque</strong></span> 
     </span>
    </p>
   </div>
   <div class='ocr_carea' id='block_1_83' title="bbox 1870 2378 3443 2448">
    <p class='ocr_par' dir='ltr' id='par_1_83' title="bbox 1870 2378 3443 2448">
     <span class='ocr_line' id='line_1_83' title="bbox 1870 2378 3443 2448; baseline -0.004 -11"><span class='ocrx_word' id='word_1_651' title='bbox 1870 2385 2053 2439; x_wconf 88' lang='lat' dir='ltr'><strong>ﬁdeles</strong></span> <span class='ocrx_word' id='word_1_652' title='bbox 2086 2385 2175 2437; x_wconf 88' lang='lat' dir='ltr'><strong>Dei</strong></span> <span class='ocrx_word' id='word_1_653' title='bbox 2201 2385 2267 2438; x_wconf 86' lang='lat' dir='ltr'><strong>de</strong></span> <span class='ocrx_word' id='word_1_654' title='bbox 2294 2382 2786 2439; x_wconf 87' lang='lat' dir='ltr'><strong>communicatione</strong></span> <span class='ocrx_word' id='word_1_655' title='bbox 2810 2379 3114 2448; x_wconf 83' lang='lat' dir='ltr'><strong>hujusmodi</strong></span> <span class='ocrx_word' id='word_1_656' title='bbox 3145 2378 3443 2448; x_wconf 87' lang='lat' dir='ltr'><strong>periculum</strong></span> 
     </span>
    </p>
   </div>
   <div class='ocr_carea' id='block_1_84' title="bbox 1867 2466 3444 2539">
    <p class='ocr_par' dir='ltr' id='par_1_84' title="bbox 1867 2466 3444 2539">
     <span class='ocr_line' id='line_1_84' title="bbox 1867 2466 3444 2539; baseline -0.006 -10"><span class='ocrx_word' id='word_1_657' title='bbox 1867 2478 2099 2529; x_wconf 84' lang='lat' dir='ltr'><strong>evadere</strong></span> <span class='ocrx_word' id='word_1_658' title='bbox 2131 2475 2369 2539; x_wconf 88' lang='lat' dir='ltr'><strong>valeant,</strong></span> <span class='ocrx_word' id='word_1_659' title='bbox 2394 2483 2450 2527; x_wconf 92' lang='lat' dir='ltr'><strong>et</strong></span> <span class='ocrx_word' id='word_1_660' title='bbox 2478 2473 2735 2528; x_wconf 82' lang='lat' dir='ltr'><strong>Dominus</strong></span> <span class='ocrx_word' id='word_1_661' title='bbox 2762 2473 2813 2525; x_wconf 89' lang='lat' dir='ltr'><strong>iu</strong></span> <span class='ocrx_word' id='word_1_662' title='bbox 2846 2469 3135 2538; x_wconf 76' lang='lat' dir='ltr'><strong>Evangelia</strong></span> <span class='ocrx_word' id='word_1_663' title='bbox 3161 2469 3228 2522; x_wconf 89' lang='lat' dir='ltr'><strong>de</strong></span> <span class='ocrx_word' id='word_1_664' title='bbox 3257 2484 3323 2522; x_wconf 89' lang='lat' dir='ltr'><strong>eo</strong></span> <span class='ocrx_word' id='word_1_665' title='bbox 3353 2466 3444 2535; x_wconf 86' lang='lat' dir='ltr'><strong>qui</strong></span> 
     </span>
    </p>
   </div>
   <div class='ocr_carea' id='block_1_85' title="bbox 1868 2557 3444 2634">
    <p class='ocr_par' dir='ltr' id='par_1_85' title="bbox 1868 2557 3444 2634">
     <span class='ocr_line' id='line_1_85' title="bbox 1868 2557 3444 2634; baseline -0.004 -18"><span class='ocrx_word' id='word_1_666' title='bbox 1868 2580 1964 2634; x_wconf 81' lang='lat' dir='ltr'><strong>pro</strong></span> <span class='ocrx_word' id='word_1_667' title='bbox 1999 2565 2242 2633; x_wconf 80' lang='lat' dir='ltr'><strong>peccato&#39;</strong></span> <span class='ocrx_word' id='word_1_668' title='bbox 2275 2573 2556 2630; x_wconf 88' lang='lat' dir='ltr'><strong>correptus</strong></span> <span class='ocrx_word' id='word_1_669' title='bbox 2603 2560 2892 2617; x_wconf 88' lang='lat' dir='ltr'><strong>emendare</strong></span> <span class='ocrx_word' id='word_1_670' title='bbox 2945 2558 3179 2612; x_wconf 87' lang='lat' dir='ltr'><strong>uoluerit</strong></span> <span class='ocrx_word' id='word_1_671' title='bbox 3222 2557 3444 2611; x_wconf 89' lang='lat' dir='ltr'><strong>demon-</strong></span> 
     </span>
    </p>
   </div>
   <div class='ocr_carea' id='block_1_86' title="bbox 1867 2647 3442 2723">
    <p class='ocr_par' dir='ltr' id='par_1_86' title="bbox 1867 2647 3442 2723">
     <span class='ocr_line' id='line_1_86' title="bbox 1867 2647 3442 2723; baseline -0.005 -14"><span class='ocrx_word' id='word_1_672' title='bbox 1867 2665 2005 2709; x_wconf 87' lang='lat' dir='ltr'><strong>strat</strong></span> <span class='ocrx_word' id='word_1_673' title='bbox 2060 2653 2296 2723; x_wconf 81' lang='lat' dir='ltr'><strong>(Matth.</strong></span> <span class='ocrx_word' id='word_1_674' title='bbox 2365 2652 2568 2721; x_wconf 82' lang='lat' dir='ltr'><strong>xvut),</strong></span> <span class='ocrx_word' id='word_1_675' title='bbox 2633 2662 2690 2706; x_wconf 89' lang='lat' dir='ltr'><strong>et</strong></span> <span class='ocrx_word' id='word_1_676' title='bbox 2739 2651 2936 2705; x_wconf 89' lang='lat' dir='ltr'><strong>Paulus</strong></span> <span class='ocrx_word' id='word_1_677' title='bbox 2993 2651 3045 2703; x_wconf 94' lang='lat' dir='ltr'><strong>in</strong></span> <span class='ocrx_word' id='word_1_678' title='bbox 3092 2648 3325 2716; x_wconf 83' lang='lat' dir='ltr'><strong>Epistula</strong></span> <span class='ocrx_word' id='word_1_679' title='bbox 3373 2647 3442 2701; x_wconf 88' lang='lat' dir='ltr'><strong>ad</strong></span> 
     </span>
    </p>
   </div>
   <div class='ocr_carea' id='block_1_87' title="bbox 1866 2739 3442 2811">
    <p class='ocr_par' dir='ltr' id='par_1_87' title="bbox 1866 2739 3442 2811">
     <span class='ocr_line' id='line_1_87' title="bbox 1866 2739 3442 2811; baseline -0.006 -10"><span class='ocrx_word' id='word_1_680' title='bbox 1866 2747 2177 2801; x_wconf 85' lang='lat' dir='ltr'><strong>Corinthios</strong></span> <span class='ocrx_word' id='word_1_681' title='bbox 2229 2745 2361 2799; x_wconf 89' lang='lat' dir='ltr'><strong>dicit</strong></span> <span class='ocrx_word' id='word_1_682' title='bbox 2402 2762 2414 2797; x_wconf 89' lang='lat'><strong>:</strong></span> <span class='ocrx_word' id='word_1_683' title='bbox 2459 2742 2639 2796; x_wconf 87' lang='lat' dir='ltr'><strong>Nolite</strong></span> <span class='ocrx_word' id='word_1_684' title='bbox 2681 2758 2891 2805; x_wconf 88' lang='lat' dir='ltr'><strong>errare;</strong></span> <span class='ocrx_word' id='word_1_685' title='bbox 2940 2757 3100 2811; x_wconf 87' lang='lat' dir='ltr'><strong>neque</strong></span> <span class='ocrx_word' id='word_1_686' title='bbox 3144 2739 3442 2808; x_wconf 89' lang='lat' dir='ltr'><strong>fornicarii,</strong></span> 
     </span>
    </p>
   </div>
   <div class='ocr_carea' id='block_1_88' title="bbox 1868 2831 3441 2904">
    <p class='ocr_par' dir='ltr' id='par_1_88' title="bbox 1868 2831 3441 2904">
     <span class='ocr_line' id='line_1_88' title="bbox 1868 2831 3441 2904; baseline -0.006 -11"><span class='ocrx_word' id='word_1_687' title='bbox 1868 2855 2028 2904; x_wconf 59' lang='lat' dir='ltr'><strong>neque</strong></span> <span class='ocrx_word' id='word_1_688' title='bbox 2056 2838 2207 2891; x_wconf 83' lang='lat' dir='ltr'><strong>idolis</strong></span> <span class='ocrx_word' id='word_1_689' title='bbox 2235 2838 2533 2899; x_wconf 86' lang='lat' dir='ltr'><strong>servientes,</strong></span> <span class='ocrx_word' id='word_1_690' title='bbox 2562 2851 2722 2903; x_wconf 85' lang='lat' dir='ltr'><strong>neque</strong></span> <span class='ocrx_word' id='word_1_691' title='bbox 2748 2833 2997 2897; x_wconf 82' lang='lat' dir='ltr'><strong>adulteri,</strong></span> <span class='ocrx_word' id='word_1_692' title='bbox 3028 2848 3192 2902; x_wconf 86' lang='lat' dir='ltr'><strong>neque</strong></span> <span class='ocrx_word' id='word_1_693' title='bbox 3237 2831 3441 2897; x_wconf 87' lang='lat' dir='ltr'><strong>molles,</strong></span> 
     </span>
    </p>
   </div>
   <div class='ocr_carea' id='block_1_89' title="bbox 1866 2925 3443 3002">
    <p class='ocr_par' dir='ltr' id='par_1_89' title="bbox 1866 2925 3443 3002">
     <span class='ocr_line' id='line_1_89' title="bbox 1866 2925 3443 3002; baseline -0.004 -18"><span class='ocrx_word' id='word_1_694' title='bbox 1866 2946 2027 3002; x_wconf 82' lang='lat' dir='ltr'><strong>neque</strong></span> <span class='ocrx_word' id='word_1_695' title='bbox 2067 2929 2416 2982; x_wconf 87' lang='lat' dir='ltr'><strong>masculorum</strong></span> <span class='ocrx_word' id='word_1_696' title='bbox 2468 2928 2844 2988; x_wconf 72' lang='lat' dir='ltr'><strong>concubitores,</strong></span> <span class='ocrx_word' id='word_1_697' title='bbox 2876 2941 3038 2993; x_wconf 84' lang='lat' dir='ltr'><strong>neque</strong></span> <span class='ocrx_word' id='word_1_698' title='bbox 3083 2925 3251 2986; x_wconf 88' lang='lat' dir='ltr'><strong>avari,</strong></span> <span class='ocrx_word' id='word_1_699' title='bbox 3282 2939 3443 2993; x_wconf 79' lang='lat' dir='ltr'><strong>neque</strong></span> 
     </span>
    </p>
   </div>
   <div class='ocr_carea' id='block_1_90' title="bbox 1863 3010 3443 3087">
    <p class='ocr_par' dir='ltr' id='par_1_90' title="bbox 1863 3010 3443 3087">
     <span class='ocr_line' id='line_1_90' title="bbox 1863 3010 3443 3087; baseline -0.005 -15"><span class='ocrx_word' id='word_1_700' title='bbox 1863 3020 2073 3081; x_wconf 81' lang='lat' dir='ltr'><strong>ebriosi,</strong></span> <span class='ocrx_word' id='word_1_701' title='bbox 2099 3035 2257 3087; x_wconf 86' lang='lat' dir='ltr'><strong>neque</strong></span> <span class='ocrx_word' id='word_1_702' title='bbox 2300 3016 2561 3075; x_wconf 85' lang='lat' dir='ltr'><strong>maledici,</strong></span> <span class='ocrx_word' id='word_1_703' title='bbox 2611 3031 2773 3083; x_wconf 88' lang='lat' dir='ltr'><strong>neque</strong></span> <span class='ocrx_word' id='word_1_704' title='bbox 2821 3029 3032 3081; x_wconf 81' lang='lat' dir='ltr'><strong>rapaces</strong></span> <span class='ocrx_word' id='word_1_705' title='bbox 3079 3029 3293 3081; x_wconf 79' lang='lat' dir='ltr'><strong>regnum</strong></span> <span class='ocrx_word' id='word_1_706' title='bbox 3344 3010 3443 3064; x_wconf 86' lang='lat' dir='ltr'><strong>Dei</strong></span> 
     </span>
    </p>
   </div>
   <div class='ocr_carea' id='block_1_91' title="bbox 1864 3099 3442 3178">
    <p class='ocr_par' dir='ltr' id='par_1_91' title="bbox 1864 3099 3442 3178">
     <span class='ocr_line' id='line_1_91' title="bbox 1864 3099 3442 3178; baseline -0.008 -15"><span class='ocrx_word' id='word_1_707' title='bbox 1864 3108 2195 3178; x_wconf 77' lang='lat' dir='ltr'><strong>passidebuut</strong></span> <span class='ocrx_word' id='word_1_708' title='bbox 2256 3106 2307 3173; x_wconf 92' lang='grc'><strong>(1</strong></span> <span class='ocrx_word' id='word_1_709' title='bbox 2360 3104 2481 3158; x_wconf 80' lang='lat' dir='ltr'><strong>Cor.</strong></span> <span class='ocrx_word' id='word_1_710' title='bbox 2546 3119 2615 3163; x_wconf 83' lang='lat' dir='ltr'><strong>vt,</strong></span> <span class='ocrx_word' id='word_1_711' title='bbox 2672 3101 2864 3172; x_wconf 79' lang='lat'><strong>9,10).</strong></span> <span class='ocrx_word' id='word_1_712' title='bbox 2914 3101 2979 3153; x_wconf 84' lang='grc' dir='ltr'><strong>Ει</strong></span> <span class='ocrx_word' id='word_1_713' title='bbox 3025 3102 3153 3153; x_wconf 89' lang='lat' dir='ltr'><strong>item</strong></span> <span class='ocrx_word' id='word_1_714' title='bbox 3210 3117 3223 3153; x_wconf 92' lang='lat'><strong>:</strong></span> <span class='ocrx_word' id='word_1_715' title='bbox 3287 3099 3442 3152; x_wconf 80' lang='lat' dir='ltr'><strong>Nunc</strong></span> 
     </span>
    </p>
   </div>
   <div class='ocr_carea' id='block_1_92' title="bbox 1863 3188 3442 3266">
    <p class='ocr_par' dir='ltr' id='par_1_92' title="bbox 1863 3188 3442 3266">
     <span class='ocr_line' id='line_1_92' title="bbox 1863 3188 3442 3266; baseline -0.008 -14"><span class='ocrx_word' id='word_1_716' title='bbox 1863 3210 2036 3252; x_wconf 89' lang='lat' dir='ltr'><strong>autem</strong></span> <span class='ocrx_word' id='word_1_717' title='bbox 2059 3197 2244 3266; x_wconf 85' lang='lat' dir='ltr'><strong>scripsi</strong></span> <span class='ocrx_word' id='word_1_718' title='bbox 2268 3196 2423 3257; x_wconf 84' lang='lat' dir='ltr'><strong>vobis,</strong></span> <span class='ocrx_word' id='word_1_719' title='bbox 2457 3212 2517 3248; x_wconf 89' lang='lat' dir='ltr'><strong>ne</strong></span> <span class='ocrx_word' id='word_1_720' title='bbox 2540 3193 3000 3246; x_wconf 83' lang='lat' dir='ltr'><strong>commisceamiui.</strong></span> <span class='ocrx_word' id='word_1_721' title='bbox 3034 3189 3095 3244; x_wconf 88' lang='lat' dir='ltr'><strong>Si</strong></span> <span class='ocrx_word' id='word_1_722' title='bbox 3124 3190 3239 3259; x_wconf 82' lang='lat' dir='ltr'><strong>quis</strong></span> <span class='ocrx_word' id='word_1_723' title='bbox 3276 3188 3442 3256; x_wconf 87' lang='lat' dir='ltr'><strong>frater</strong></span> 
     </span>
    </p>
   </div>
   <div class='ocr_carea' id='block_1_93' title="bbox 1864 3278 3439 3356">
    <p class='ocr_par' dir='ltr' id='par_1_93' title="bbox 1864 3278 3439 3356">
     <span class='ocr_line' id='line_1_93' title="bbox 1864 3278 3439 3356; baseline -0.009 -11"><span class='ocrx_word' id='word_1_724' title='bbox 1864 3293 2166 3346; x_wconf 86' lang='lat' dir='ltr'><strong>nominatur</strong></span> <span class='ocrx_word' id='word_1_725' title='bbox 2208 3299 2254 3342; x_wconf 91' lang='lat' dir='ltr'><strong>et</strong></span> <span class='ocrx_word' id='word_1_726' title='bbox 2293 3296 2367 3342; x_wconf 88' lang='lat' dir='ltr'><strong>est</strong></span> <span class='ocrx_word' id='word_1_727' title='bbox 2410 3288 2716 3356; x_wconf 76' lang='lat' dir='ltr'><strong>fornicator,</strong></span> <span class='ocrx_word' id='word_1_728' title='bbox 2759 3293 2852 3337; x_wconf 88' lang='lat' dir='ltr'><strong>aut</strong></span> <span class='ocrx_word' id='word_1_729' title='bbox 2893 3299 3105 3344; x_wconf 82' lang='lat' dir='ltr'><strong>avarus,</strong></span> <span class='ocrx_word' id='word_1_730' title='bbox 3143 3291 3234 3333; x_wconf 90' lang='lat' dir='ltr'><strong>aut</strong></span> <span class='ocrx_word' id='word_1_731' title='bbox 3283 3278 3439 3333; x_wconf 83' lang='lat' dir='ltr'><strong>idolis</strong></span> 
     </span>
    </p>
   </div>
   <div class='ocr_carea' id='block_1_94' title="bbox 1862 3372 3440 3442">
    <p class='ocr_par' dir='ltr' id='par_1_94' title="bbox 1862 3372 3440 3442">
     <span class='ocr_line' id='line_1_94' title="bbox 1862 3372 3440 3442; baseline -0.008 -9"><span class='ocrx_word' id='word_1_732' title='bbox 1862 3381 2108 3442; x_wconf 84' lang='lat' dir='ltr'><strong>serviens,</strong></span> <span class='ocrx_word' id='word_1_733' title='bbox 2138 3389 2227 3431; x_wconf 86' lang='lat' dir='ltr'><strong>aut</strong></span> <span class='ocrx_word' id='word_1_734' title='bbox 2258 3377 2565 3438; x_wconf 84' lang='lat' dir='ltr'><strong>maledicus,</strong></span> <span class='ocrx_word' id='word_1_735' title='bbox 2594 3384 2681 3427; x_wconf 87' lang='lat' dir='ltr'><strong>aut</strong></span> <span class='ocrx_word' id='word_1_736' title='bbox 2717 3372 2970 3434; x_wconf 81' lang='lat' dir='ltr'><strong>ebriasus,</strong></span> <span class='ocrx_word' id='word_1_737' title='bbox 2998 3379 3087 3424; x_wconf 85' lang='lat' dir='ltr'><strong>aut</strong></span> <span class='ocrx_word' id='word_1_738' title='bbox 3114 3386 3300 3439; x_wconf 79' lang='lat' dir='ltr'><strong>rapax,</strong></span> <span class='ocrx_word' id='word_1_739' title='bbox 3321 3384 3440 3421; x_wconf 83' lang='lat' dir='ltr'><strong>cum</strong></span> 
     </span>
    </p>
   </div>
   <div class='ocr_carea' id='block_1_95' title="bbox 1862 3458 3438 3540">
    <p class='ocr_par' dir='ltr' id='par_1_95' title="bbox 1862 3458 3438 3540">
     <span class='ocr_line' id='line_1_95' title="bbox 1862 3458 3438 3540; baseline -0.008 -16"><span class='ocrx_word' id='word_1_740' title='bbox 1862 3471 2166 3540; x_wconf 85' lang='lat' dir='ltr'><strong>hujusmodi</strong></span> <span class='ocrx_word' id='word_1_741' title='bbox 2189 3486 2280 3521; x_wconf 85' lang='lat' dir='ltr'><strong>nec</strong></span> <span class='ocrx_word' id='word_1_742' title='bbox 2306 3468 2720 3522; x_wconf 84' lang='lat' dir='ltr'><strong>cibumsumere.</strong></span> <span class='ocrx_word' id='word_1_743' title='bbox 2745 3462 2961 3531; x_wconf 79' lang='lat' dir='ltr'><strong>Auferte</strong></span> <span class='ocrx_word' id='word_1_744' title='bbox 2990 3461 3185 3514; x_wconf 85' lang='lat' dir='ltr'><strong>malum</strong></span> <span class='ocrx_word' id='word_1_745' title='bbox 3205 3476 3269 3513; x_wconf 77' lang='lat' dir='ltr'><strong>ex</strong></span> <span class='ocrx_word' id='word_1_746' title='bbox 3297 3458 3438 3514; x_wconf 82' lang='lat' dir='ltr'><strong>vobis</strong></span> 
     </span>
    </p>
   </div>
   <div class='ocr_carea' id='block_1_96' title="bbox 1864 3549 3439 3628">
    <p class='ocr_par' dir='ltr' id='par_1_96' title="bbox 1864 3549 3439 3628">
     <span class='ocr_line' id='line_1_96' title="bbox 1864 3549 3439 3628; baseline -0.006 -15"><span class='ocrx_word' id='word_1_747' title='bbox 1864 3560 1913 3628; x_wconf 88' lang='lat' dir='ltr'><strong>(I</strong></span> <span class='ocrx_word' id='word_1_748' title='bbox 1945 3560 2065 3613; x_wconf 86' lang='lat' dir='ltr'><strong>Cor.</strong></span> <span class='ocrx_word' id='word_1_749' title='bbox 2093 3575 2140 3621; x_wconf 81' lang='grc' dir='ltr'><strong>ν,</strong></span> <span class='ocrx_word' id='word_1_750' title='bbox 2173 3559 2231 3611; x_wconf 80' lang='lat' dir='ltr'><strong>ll</strong></span> <span class='ocrx_word' id='word_1_751' title='bbox 2260 3569 2303 3610; x_wconf 90' lang='lat' dir='ltr'><strong>et</strong></span> <span class='ocrx_word' id='word_1_752' title='bbox 2336 3556 2445 3625; x_wconf 83' lang='grc'><strong>15).</strong></span> <span class='ocrx_word' id='word_1_753' title='bbox 2492 3556 2559 3609; x_wconf 79' lang='lat' dir='ltr'><strong>Et</strong></span> <span class='ocrx_word' id='word_1_754' title='bbox 2593 3563 2811 3607; x_wconf 83' lang='lat' dir='ltr'><strong>sanctus</strong></span> <span class='ocrx_word' id='word_1_755' title='bbox 2845 3551 3080 3606; x_wconf 77' lang='lat' dir='ltr'><strong>Joannes</strong></span> <span class='ocrx_word' id='word_1_756' title='bbox 3114 3549 3439 3620; x_wconf 81' lang='lat' dir='ltr'><strong>evangelista</strong></span> 
     </span>
    </p>
   </div>
   <div class='ocr_carea' id='block_1_97' title="bbox 1862 3638 3438 3718">
    <p class='ocr_par' dir='ltr' id='par_1_97' title="bbox 1862 3638 3438 3718">
     <span class='ocr_line' id='line_1_97' title="bbox 1862 3638 3438 3718; baseline -0.009 -13"><span class='ocrx_word' id='word_1_757' title='bbox 1862 3649 2215 3718; x_wconf 86' lang='lat' dir='ltr'><strong>etApostolus</strong></span> <span class='ocrx_word' id='word_1_758' title='bbox 2233 3667 2244 3701; x_wconf 90' lang='lat'>:</span> <span class='ocrx_word' id='word_1_759' title='bbox 2265 3645 2333 3700; x_wconf 85' lang='lat' dir='ltr'><strong>Et</strong></span> <span class='ocrx_word' id='word_1_760' title='bbox 2355 3662 2492 3699; x_wconf 85' lang='lat' dir='ltr'><strong>nunc</strong></span> <span class='ocrx_word' id='word_1_761' title='bbox 2507 3644 2801 3697; x_wconf 81' lang='lat' dir='ltr'><strong>antichristi</strong></span> <span class='ocrx_word' id='word_1_762' title='bbox 2822 3640 3103 3695; x_wconf 86' lang='lat' dir='ltr'><strong>multisunt</strong></span> <span class='ocrx_word' id='word_1_763' title='bbox 3131 3639 3180 3709; x_wconf 93' lang='lat' dir='ltr'><strong>(I</strong></span> <span class='ocrx_word' id='word_1_764' title='bbox 3197 3638 3358 3693; x_wconf 86' lang='lat' dir='ltr'><strong>Joan.</strong></span> <span class='ocrx_word' id='word_1_765' title='bbox 3376 3653 3438 3703; x_wconf 86' lang='lat' dir='ltr'><strong>tt,</strong></span> 
     </span>
    </p>
   </div>
   <div class='ocr_carea' id='block_1_98' title="bbox 1863 3732 3441 3814">
    <p class='ocr_par' dir='ltr' id='par_1_98' title="bbox 1863 3732 3441 3814">
     <span class='ocr_line' id='line_1_98' title="bbox 1863 3732 3441 3814; baseline -0.01 -16"><span class='ocrx_word' id='word_1_766' title='bbox 1863 3744 1972 3814; x_wconf 87' lang='grc'><strong>18).</strong></span> <span class='ocrx_word' id='word_1_767' title='bbox 2014 3743 2078 3796; x_wconf 86' lang='lat' dir='ltr'><strong>Et</strong></span> <span class='ocrx_word' id='word_1_768' title='bbox 2118 3742 2281 3794; x_wconf 74' lang='lat' dir='ltr'><strong>item:</strong></span> <span class='ocrx_word' id='word_1_769' title='bbox 2315 3737 2497 3793; x_wconf 84' lang='lat' dir='ltr'><strong>Omnis</strong></span> <span class='ocrx_word' id='word_1_770' title='bbox 2531 3738 2619 3807; x_wconf 87' lang='lat' dir='ltr'><strong>qui</strong></span> <span class='ocrx_word' id='word_1_771' title='bbox 2652 3736 2862 3799; x_wconf 82' lang='lat' dir='ltr'><strong>recedit,</strong></span> <span class='ocrx_word' id='word_1_772' title='bbox 2884 3744 2930 3787; x_wconf 88' lang='lat' dir='ltr'><strong>et</strong></span> <span class='ocrx_word' id='word_1_773' title='bbox 2966 3750 3068 3787; x_wconf 89' lang='lat' dir='ltr'><strong>non</strong></span> <span class='ocrx_word' id='word_1_774' title='bbox 3091 3744 3354 3803; x_wconf 83' lang='lat' dir='ltr'><strong>permanet</strong></span> <span class='ocrx_word' id='word_1_775' title='bbox 3384 3732 3441 3783; x_wconf 81' lang='lat' dir='ltr'><strong>in</strong></span> 
     </span>
    </p>
   </div>
   <div class='ocr_carea' id='block_1_99' title="bbox 1860 3824 3439 3895">
    <p class='ocr_par' dir='ltr' id='par_1_99' title="bbox 1860 3824 3439 3895">
     <span class='ocr_line' id='line_1_99' title="bbox 1860 3824 3439 3895; baseline -0.007 -8"><span class='ocrx_word' id='word_1_776' title='bbox 1860 3834 2100 3887; x_wconf 88' lang='lat' dir='ltr'><strong>doctrina</strong></span> <span class='ocrx_word' id='word_1_777' title='bbox 2127 3830 2342 3891; x_wconf 74' lang='lat' dir='ltr'><strong>Christi,</strong></span> <span class='ocrx_word' id='word_1_778' title='bbox 2371 3828 2533 3881; x_wconf 87' lang='lat' dir='ltr'><strong>Deum</strong></span> <span class='ocrx_word' id='word_1_779' title='bbox 2569 3840 2671 3880; x_wconf 87' lang='lat' dir='ltr'><strong>non</strong></span> <span class='ocrx_word' id='word_1_780' title='bbox 2712 3827 2883 3879; x_wconf 87' lang='lat' dir='ltr'><strong>habet.</strong></span> <span class='ocrx_word' id='word_1_781' title='bbox 2931 3824 3037 3891; x_wconf 82' lang='lat' dir='ltr'><strong>Qui</strong></span> <span class='ocrx_word' id='word_1_782' title='bbox 3075 3834 3341 3895; x_wconf 85' lang='lat' dir='ltr'><strong>permanet</strong></span> <span class='ocrx_word' id='word_1_783' title='bbox 3382 3824 3439 3876; x_wconf 85' lang='lat' dir='ltr'><strong>in</strong></span> 
     </span>
    </p>
   </div>
   <div class='ocr_carea' id='block_1_100' title="bbox 1860 3912 3439 3985">
    <p class='ocr_par' dir='ltr' id='par_1_100' title="bbox 1860 3912 3439 3985">
     <span class='ocr_line' id='line_1_100' title="bbox 1860 3912 3439 3985; baseline -0.007 -8"><span class='ocrx_word' id='word_1_784' title='bbox 1860 3923 2120 3985; x_wconf 86' lang='lat' dir='ltr'><strong>doctrina,</strong></span> <span class='ocrx_word' id='word_1_785' title='bbox 2148 3921 2232 3973; x_wconf 87' lang='lat' dir='ltr'><strong>hic</strong></span> <span class='ocrx_word' id='word_1_786' title='bbox 2258 3918 2453 3972; x_wconf 73' lang='lat' dir='ltr'><strong>Filium</strong></span> <span class='ocrx_word' id='word_1_787' title='bbox 2476 3928 2522 3971; x_wconf 87' lang='lat' dir='ltr'><strong>et</strong></span> <span class='ocrx_word' id='word_1_788' title='bbox 2556 3917 2762 3970; x_wconf 84' lang='lat' dir='ltr'><strong>Patrem</strong></span> <span class='ocrx_word' id='word_1_789' title='bbox 2785 3916 2954 3969; x_wconf 85' lang='lat' dir='ltr'><strong>habet.</strong></span> <span class='ocrx_word' id='word_1_790' title='bbox 2987 3914 3044 3968; x_wconf 88' lang='lat' dir='ltr'><strong>Si</strong></span> <span class='ocrx_word' id='word_1_791' title='bbox 3064 3917 3180 3984; x_wconf 86' lang='lat' dir='ltr'><strong>quis</strong></span> <span class='ocrx_word' id='word_1_792' title='bbox 3206 3915 3338 3968; x_wconf 86' lang='lat' dir='ltr'><strong>venit</strong></span> <span class='ocrx_word' id='word_1_793' title='bbox 3369 3912 3439 3967; x_wconf 79' lang='lat' dir='ltr'><strong>ad</strong></span> 
     </span>
    </p>
   </div>
   <div class='ocr_carea' id='block_1_101' title="bbox 1859 4005 3430 4076">
    <p class='ocr_par' dir='ltr' id='par_1_101' title="bbox 1859 4005 3430 4076">
     <span class='ocr_line' id='line_1_101' title="bbox 1859 4005 3430 4076; baseline -0.008 -8"><span class='ocrx_word' id='word_1_794' title='bbox 1859 4030 1968 4076; x_wconf 82' lang='lat' dir='ltr'><strong>vos,</strong></span> <span class='ocrx_word' id='word_1_795' title='bbox 1991 4023 2036 4065; x_wconf 89' lang='lat' dir='ltr'><strong>et</strong></span> <span class='ocrx_word' id='word_1_796' title='bbox 2059 4013 2196 4064; x_wconf 87' lang='lat' dir='ltr'><strong>hanc</strong></span> <span class='ocrx_word' id='word_1_797' title='bbox 2224 4010 2515 4063; x_wconf 85' lang='lat' dir='ltr'><strong>doctrinam</strong></span> <span class='ocrx_word' id='word_1_798' title='bbox 2538 4025 2640 4066; x_wconf 88' lang='lat' dir='ltr'><strong>non</strong></span> <span class='ocrx_word' id='word_1_799' title='bbox 2666 4008 2839 4074; x_wconf 80' lang='lat' dir='ltr'><strong>affert,</strong></span> <span class='ocrx_word' id='word_1_800' title='bbox 2872 4005 3030 4058; x_wconf 87' lang='lat' dir='ltr'><strong>nolite</strong></span> <span class='ocrx_word' id='word_1_801' title='bbox 3062 4006 3284 4073; x_wconf 84' lang='lat' dir='ltr'><strong>recipere</strong></span> <span class='ocrx_word' id='word_1_802' title='bbox 3311 4020 3430 4057; x_wconf 84' lang='lat' dir='ltr'><strong>eum</strong></span> 
     </span>
    </p>
   </div>
   <div class='ocr_carea' id='block_1_102' title="bbox 1859 4094 3440 4165">
    <p class='ocr_par' dir='ltr' id='par_1_102' title="bbox 1859 4094 3440 4165">
     <span class='ocr_line' id='line_1_102' title="bbox 1859 4094 3440 4165; baseline -0.007 -8"><span class='ocrx_word' id='word_1_803' title='bbox 1859 4104 1912 4158; x_wconf 88' lang='lat' dir='ltr'><strong>in</strong></span> <span class='ocrx_word' id='word_1_804' title='bbox 1940 4104 2171 4165; x_wconf 86' lang='lat' dir='ltr'><strong>domum,</strong></span> <span class='ocrx_word' id='word_1_805' title='bbox 2204 4118 2294 4154; x_wconf 88' lang='lat' dir='ltr'><strong>nec</strong></span> <span class='ocrx_word' id='word_1_806' title='bbox 2324 4101 2428 4153; x_wconf 82' lang='lat' dir='ltr'><strong>Ave</strong></span> <span class='ocrx_word' id='word_1_807' title='bbox 2470 4101 2518 4153; x_wconf 88' lang='lat' dir='ltr'><strong>ei</strong></span> <span class='ocrx_word' id='word_1_808' title='bbox 2559 4098 2797 4152; x_wconf 77' lang='lat' dir='ltr'><strong>dixeritis</strong></span> <span class='ocrx_word' id='word_1_809' title='bbox 2824 4113 2842 4150; x_wconf 92' lang='lat'><strong><em>:</em></strong></span> <span class='ocrx_word' id='word_1_810' title='bbox 2866 4097 2955 4164; x_wconf 84' lang='lat' dir='ltr'><strong>qui</strong></span> <span class='ocrx_word' id='word_1_811' title='bbox 2997 4097 3134 4148; x_wconf 86' lang='lat' dir='ltr'><strong>enim</strong></span> <span class='ocrx_word' id='word_1_812' title='bbox 3181 4096 3308 4148; x_wconf 86' lang='lat' dir='ltr'><strong>dicit</strong></span> <span class='ocrx_word' id='word_1_813' title='bbox 3359 4094 3440 4147; x_wconf 84' lang='lat' dir='ltr'><strong>illi</strong></span> 
     </span>
    </p>
   </div>
   <div class='ocr_carea' id='block_1_103' title="bbox 1859 4184 3438 4259">
    <p class='ocr_par' dir='ltr' id='par_1_103' title="bbox 1859 4184 3438 4259">
     <span class='ocr_line' id='line_1_103' title="bbox 1859 4184 3438 4259; baseline -0.006 -13"><span class='ocrx_word' id='word_1_814' title='bbox 1859 4193 1982 4254; x_wconf 80' lang='lat' dir='ltr'><strong>Ave,</strong></span> <span class='ocrx_word' id='word_1_815' title='bbox 2004 4192 2348 4245; x_wconf 88' lang='lat' dir='ltr'><strong>communicat</strong></span> <span class='ocrx_word' id='word_1_816' title='bbox 2384 4190 2623 4259; x_wconf 88' lang='lat' dir='ltr'><strong>operibus</strong></span> <span class='ocrx_word' id='word_1_817' title='bbox 2662 4187 2804 4241; x_wconf 87' lang='lat' dir='ltr'><strong>illius</strong></span> <span class='ocrx_word' id='word_1_818' title='bbox 2849 4185 3091 4255; x_wconf 87' lang='lat' dir='ltr'><strong>malignis</strong></span> <span class='ocrx_word' id='word_1_819' title='bbox 3129 4184 3212 4253; x_wconf 87' lang='lat' dir='ltr'><strong>(Il</strong></span> <span class='ocrx_word' id='word_1_820' title='bbox 3248 4184 3438 4250; x_wconf 68' lang='lat' dir='ltr'><strong>10am,</strong></span> 
     </span>
    </p>
   </div>
   <div class='ocr_carea' id='block_1_104' title="bbox 1859 4270 3464 4350">
    <p class='ocr_par' dir='ltr' id='par_1_104' title="bbox 1859 4270 3464 4350">
     <span class='ocr_line' id='line_1_104' title="bbox 1859 4270 3464 4350; baseline -0.005 -12"><span class='ocrx_word' id='word_1_821' title='bbox 1859 4283 2034 4350; x_wconf 86' lang='grc'><strong>9-11).</strong></span> <span class='ocrx_word' id='word_1_822' title='bbox 2069 4282 2135 4336; x_wconf 87' lang='lat' dir='ltr'><strong>Et</strong></span> <span class='ocrx_word' id='word_1_823' title='bbox 2166 4296 2234 4336; x_wconf 90' lang='lat' dir='ltr'><strong>ue</strong></span> <span class='ocrx_word' id='word_1_824' title='bbox 2260 4282 2382 4349; x_wconf 90' lang='lat' dir='ltr'><strong>quis</strong></span> <span class='ocrx_word' id='word_1_825' title='bbox 2409 4280 2572 4341; x_wconf 84' lang='lat' dir='ltr'><strong>dicat,</strong></span> <span class='ocrx_word' id='word_1_826' title='bbox 2603 4277 2764 4349; x_wconf 65' lang='grc'><strong>704</strong></span> <span class='ocrx_word' id='word_1_827' title='bbox 2794 4278 2906 4331; x_wconf 81' lang='lat' dir='ltr'><strong>Rex</strong></span> <span class='ocrx_word' id='word_1_828' title='bbox 2936 4276 3326 4343; x_wconf 88' lang='lat' dir='ltr'><strong>est,quomodo</strong></span> <span class='ocrx_word' id='word_1_829' title='bbox 3352 4270 3464 4330; x_wconf 80' lang='lat' dir='ltr'><strong>me</strong></span> 
     </span>
    </p>
   </div>
   <div class='ocr_carea' id='block_1_105' title="bbox 1858 4365 3438 4440">
    <p class='ocr_par' dir='ltr' id='par_1_105' title="bbox 1858 4365 3438 4440">
     <span class='ocr_line' id='line_1_105' title="bbox 1858 4365 3438 4440; baseline -0.006 -15"><span class='ocrx_word' id='word_1_830' title='bbox 1858 4372 1927 4425; x_wconf 88' lang='lat' dir='ltr'><strong>ab</strong></span> <span class='ocrx_word' id='word_1_831' title='bbox 1955 4371 2097 4425; x_wconf 90' lang='lat' dir='ltr'><strong>illius</strong></span> <span class='ocrx_word' id='word_1_832' title='bbox 2133 4381 2321 4440; x_wconf 88' lang='lat' dir='ltr'><strong>potero</strong></span> <span class='ocrx_word' id='word_1_833' title='bbox 2360 4367 2845 4423; x_wconf 87' lang='lat' dir='ltr'><strong>communicatione</strong></span> <span class='ocrx_word' id='word_1_834' title='bbox 2893 4365 3252 4420; x_wconf 81' lang='lat' dir='ltr'><strong>subtrahere?</strong></span> <span class='ocrx_word' id='word_1_835' title='bbox 3300 4366 3438 4417; x_wconf 86' lang='lat' dir='ltr'><strong>sciat</strong></span> 
     </span>
    </p>
   </div>
   <div class='ocr_carea' id='block_1_106' title="bbox 1859 4458 3434 4530">
    <p class='ocr_par' dir='ltr' id='par_1_106' title="bbox 1859 4458 3434 4530">
     <span class='ocr_line' id='line_1_106' title="bbox 1859 4458 3434 4530; baseline -0.006 -11"><span class='ocrx_word' id='word_1_836' title='bbox 1859 4474 2103 4519; x_wconf 90' lang='lat' dir='ltr'><strong>sanctum</strong></span> <span class='ocrx_word' id='word_1_837' title='bbox 2142 4462 2402 4517; x_wconf 81' lang='lat' dir='ltr'><strong>Joannem</strong></span> <span class='ocrx_word' id='word_1_838' title='bbox 2445 4460 2736 4530; x_wconf 84' lang='lat' dir='ltr'><strong>Baptistaut</strong></span> <span class='ocrx_word' id='word_1_839' title='bbox 2769 4460 2887 4512; x_wconf 87' lang='lat' dir='ltr'><strong>ideo</strong></span> <span class='ocrx_word' id='word_1_840' title='bbox 2919 4458 3179 4529; x_wconf 78' lang='lat' dir='ltr'><strong>martyrio</strong></span> <span class='ocrx_word' id='word_1_841' title='bbox 3204 4472 3434 4519; x_wconf 87' lang='lat' dir='ltr'><strong>corona-</strong></span> 
     </span>
    </p>
   </div>
   <div class='ocr_carea' id='block_1_107' title="bbox 1862 4549 3437 4622">
    <p class='ocr_par' dir='ltr' id='par_1_107' title="bbox 1862 4549 3437 4622">
     <span class='ocr_line' id='line_1_107' title="bbox 1862 4549 3437 4622; baseline -0.003 -14"><span class='ocrx_word' id='word_1_842' title='bbox 1862 4564 1993 4617; x_wconf 89' lang='lat' dir='ltr'><strong>tum,</strong></span> <span class='ocrx_word' id='word_1_843' title='bbox 2027 4554 2151 4622; x_wconf 88' lang='lat' dir='ltr'><strong>quia</strong></span> <span class='ocrx_word' id='word_1_844' title='bbox 2184 4554 2393 4607; x_wconf 86' lang='lat' dir='ltr'><strong>dicebat</strong></span> <span class='ocrx_word' id='word_1_845' title='bbox 2422 4552 2616 4606; x_wconf 86' lang='lat' dir='ltr'><strong>Herodi</strong></span> <span class='ocrx_word' id='word_1_846' title='bbox 2647 4569 2659 4603; x_wconf 91' lang='lat'><strong>:</strong></span> <span class='ocrx_word' id='word_1_847' title='bbox 2694 4549 2746 4602; x_wconf 83' lang='grc' dir='ltr'><strong><em>Ν</em></strong></span> <span class='ocrx_word' id='word_1_848' title='bbox 2752 4568 2815 4603; x_wconf 86' lang='lat' dir='ltr'><strong>on</strong></span> <span class='ocrx_word' id='word_1_849' title='bbox 2843 4550 2957 4604; x_wconf 85' lang='lat' dir='ltr'><strong>licet</strong></span> <span class='ocrx_word' id='word_1_850' title='bbox 2988 4551 3081 4603; x_wconf 82' lang='lat' dir='ltr'><strong>tibi</strong></span> <span class='ocrx_word' id='word_1_851' title='bbox 3111 4550 3298 4603; x_wconf 87' lang='lat' dir='ltr'><strong>habere</strong></span> <span class='ocrx_word' id='word_1_852' title='bbox 3321 4564 3437 4605; x_wconf 83' lang='lat' dir='ltr'><strong>eam</strong></span> 
     </span>
    </p>
   </div>
   <div class='ocr_carea' id='block_1_108' title="bbox 1859 4639 3435 4716">
    <p class='ocr_par' dir='ltr' id='par_1_108' title="bbox 1859 4639 3435 4716">
     <span class='ocr_line' id='line_1_108' title="bbox 1859 4639 3435 4716; baseline -0.003 -18"><span class='ocrx_word' id='word_1_853' title='bbox 1859 4645 2053 4716; x_wconf 81' lang='lat' dir='ltr'><strong>(Marc.</strong></span> <span class='ocrx_word' id='word_1_854' title='bbox 2079 4660 2153 4706; x_wconf 85' lang='lat' dir='ltr'><strong>vt,</strong></span> <span class='ocrx_word' id='word_1_855' title='bbox 2178 4644 2287 4713; x_wconf 85' lang='lat' dir='ltr'><strong>l8),</strong></span> <span class='ocrx_word' id='word_1_856' title='bbox 2312 4643 2440 4712; x_wconf 92' lang='lat' dir='ltr'><strong>quin</strong></span> <span class='ocrx_word' id='word_1_857' title='bbox 2467 4642 2765 4695; x_wconf 88' lang='lat' dir='ltr'><strong>adulteram</strong></span> <span class='ocrx_word' id='word_1_858' title='bbox 2799 4640 3099 4694; x_wconf 89' lang='lat' dir='ltr'><strong>mulierem.</strong></span> <span class='ocrx_word' id='word_1_859' title='bbox 3126 4641 3194 4694; x_wconf 86' lang='lat' dir='ltr'><strong>Et</strong></span> <span class='ocrx_word' id='word_1_860' title='bbox 3217 4639 3435 4703; x_wconf 79' lang='lat' dir='ltr'><strong>Paulus,</strong></span> 
     </span>
    </p>
   </div>
   <div class='ocr_carea' id='block_1_109' title="bbox 1856 4733 3440 4804">
    <p class='ocr_par' dir='ltr' id='par_1_109' title="bbox 1856 4733 3440 4804">
     <span class='ocr_line' id='line_1_109' title="bbox 1856 4733 3440 4804; baseline -0.002 -13"><span class='ocrx_word' id='word_1_861' title='bbox 1856 4744 1918 4791; x_wconf 76' lang='lat' dir='ltr'><strong>ut</strong></span> <span class='ocrx_word' id='word_1_862' title='bbox 1947 4735 2323 4804; x_wconf 62' lang='lat' dir='ltr'><strong>prtemisimus,</strong></span> <span class='ocrx_word' id='word_1_863' title='bbox 2349 4750 2471 4788; x_wconf 89' lang='lat' dir='ltr'><strong>eum</strong></span> <span class='ocrx_word' id='word_1_864' title='bbox 2503 4733 2806 4801; x_wconf 88' lang='lat' dir='ltr'><strong>hujusmodi</strong></span> <span class='ocrx_word' id='word_1_865' title='bbox 2842 4750 2942 4787; x_wconf 89' lang='lat' dir='ltr'><strong>nec</strong></span> <span class='ocrx_word' id='word_1_866' title='bbox 2988 4734 3168 4789; x_wconf 86' lang='lat' dir='ltr'><strong>cibqu</strong></span> <span class='ocrx_word' id='word_1_867' title='bbox 3218 4750 3440 4789; x_wconf 81' lang='lat' dir='ltr'><strong>sumere</strong></span> 
     </span>
    </p>
   </div>
   <div class='ocr_carea' id='block_1_110' title="bbox 1856 4824 3437 4897">
    <p class='ocr_par' dir='ltr' id='par_1_110' title="bbox 1856 4824 3437 4897">
     <span class='ocr_line' id='line_1_110' title="bbox 1856 4824 3437 4897; baseline 0.001 -17"><span class='ocrx_word' id='word_1_868' title='bbox 1856 4827 2049 4888; x_wconf 82' lang='lat' dir='ltr'><strong>vetuit,</strong></span> <span class='ocrx_word' id='word_1_869' title='bbox 2072 4826 2162 4894; x_wconf 89' lang='lat' dir='ltr'><strong>qui</strong></span> <span class='ocrx_word' id='word_1_870' title='bbox 2198 4834 2254 4880; x_wconf 87' lang='lat' dir='ltr'><strong>et</strong></span> <span class='ocrx_word' id='word_1_871' title='bbox 2283 4825 2406 4880; x_wconf 86' lang='lat' dir='ltr'><strong>alibi</strong></span> <span class='ocrx_word' id='word_1_872' title='bbox 2440 4824 2571 4879; x_wconf 85' lang='lat' dir='ltr'><strong>dicit</strong></span> <span class='ocrx_word' id='word_1_873' title='bbox 2602 4842 2615 4879; x_wconf 90' lang='lat'>:</span> <span class='ocrx_word' id='word_1_874' title='bbox 2650 4825 2731 4879; x_wconf 80' lang='lat' dir='ltr'><strong>An</strong></span> <span class='ocrx_word' id='word_1_875' title='bbox 2757 4828 3164 4896; x_wconf 68' lang='lat' dir='ltr'><strong>experimentum</strong></span> <span class='ocrx_word' id='word_1_876' title='bbox 3195 4829 3437 4897; x_wconf 65' lang='lat' dir='ltr'><strong>quaeritis</strong></span> 
     </span>
    </p>
   </div>
   <div class='ocr_carea' id='block_1_111' title="bbox 1857 4917 3437 4989">
    <p class='ocr_par' dir='ltr' id='par_1_111' title="bbox 1857 4917 3437 4989">
     <span class='ocr_line' id='line_1_111' title="bbox 1857 4917 3437 4989; baseline 0.001 -18"><span class='ocrx_word' id='word_1_877' title='bbox 1857 4919 1973 4988; x_wconf 75' lang='lat' dir='ltr'><strong>ejus</strong></span> <span class='ocrx_word' id='word_1_878' title='bbox 2007 4919 2097 4989; x_wconf 88' lang='lat' dir='ltr'><strong>qui</strong></span> <span class='ocrx_word' id='word_1_879' title='bbox 2126 4919 2181 4971; x_wconf 87' lang='lat' dir='ltr'><strong>in</strong></span> <span class='ocrx_word' id='word_1_880' title='bbox 2217 4935 2298 4971; x_wconf 87' lang='lat' dir='ltr'><strong>me</strong></span> <span class='ocrx_word' id='word_1_881' title='bbox 2334 4917 2563 4987; x_wconf 83' lang='lat' dir='ltr'><strong>loquitur</strong></span> <span class='ocrx_word' id='word_1_882' title='bbox 2606 4918 2885 4972; x_wconf 82' lang='lat' dir='ltr'><strong>Christus?</strong></span> <span class='ocrx_word' id='word_1_883' title='bbox 2929 4917 3013 4989; x_wconf 81' lang='lat'><strong>(11</strong></span> <span class='ocrx_word' id='word_1_884' title='bbox 3042 4917 3164 4971; x_wconf 90' lang='lat' dir='ltr'><strong>Cor.</strong></span> <span class='ocrx_word' id='word_1_885' title='bbox 3203 4919 3437 4983; x_wconf 83' lang='lat' dir='ltr'><strong>xut,5.)</strong></span> 
     </span>
    </p>
   </div>
   <div class='ocr_carea' id='block_1_112' title="bbox 1861 5011 3439 5082">
    <p class='ocr_par' dir='ltr' id='par_1_112' title="bbox 1861 5011 3439 5082">
     <span class='ocr_line' id='line_1_112' title="bbox 1861 5011 3439 5082; baseline 0 -17"><span class='ocrx_word' id='word_1_886' title='bbox 1861 5011 1923 5067; x_wconf 84' lang='lat' dir='ltr'><strong>Et</strong></span> <span class='ocrx_word' id='word_1_887' title='bbox 1950 5013 2063 5082; x_wconf 87' lang='lat' dir='ltr'><strong>ipse</strong></span> <span class='ocrx_word' id='word_1_888' title='bbox 2090 5011 2349 5066; x_wconf 90' lang='lat' dir='ltr'><strong>Dominus</strong></span> <span class='ocrx_word' id='word_1_889' title='bbox 2380 5013 2433 5066; x_wconf 92' lang='lat' dir='ltr'><strong>in</strong></span> <span class='ocrx_word' id='word_1_890' title='bbox 2484 5013 2768 5082; x_wconf 78' lang='lat' dir='ltr'><strong>Evangelia</strong></span> <span class='ocrx_word' id='word_1_891' title='bbox 2810 5012 3003 5065; x_wconf 87' lang='lat' dir='ltr'><strong>clamat</strong></span> <span class='ocrx_word' id='word_1_892' title='bbox 3045 5029 3058 5065; x_wconf 87' lang='lat'><strong>:</strong></span> <span class='ocrx_word' id='word_1_893' title='bbox 3101 5011 3205 5076; x_wconf 79' lang='lat' dir='ltr'><strong>Qui</strong></span> <span class='ocrx_word' id='word_1_894' title='bbox 3249 5021 3324 5064; x_wconf 87' lang='lat' dir='ltr'><strong>est</strong></span> <span class='ocrx_word' id='word_1_895' title='bbox 3373 5029 3439 5065; x_wconf 73' lang='lat' dir='ltr'><strong>es</strong></span> 
     </span>
    </p>
   </div>
   <div class='ocr_carea' id='block_1_113' title="bbox 1856 5100 3435 5171">
    <p class='ocr_par' dir='ltr' id='par_1_113' title="bbox 1856 5100 3435 5171">
     <span class='ocr_line' id='line_1_113' title="bbox 1856 5100 3435 5171; baseline -0.003 -14"><span class='ocrx_word' id='word_1_896' title='bbox 1856 5104 1990 5167; x_wconf 88' lang='lat' dir='ltr'><strong>Deo,</strong></span> <span class='ocrx_word' id='word_1_897' title='bbox 2016 5103 2163 5156; x_wconf 87' lang='lat' dir='ltr'><strong>verba</strong></span> <span class='ocrx_word' id='word_1_898' title='bbox 2197 5101 2289 5156; x_wconf 86' lang='lat' dir='ltr'><strong>Dei</strong></span> <span class='ocrx_word' id='word_1_899' title='bbox 2310 5103 2458 5155; x_wconf 87' lang='lat' dir='ltr'><strong>audit</strong></span> <span class='ocrx_word' id='word_1_900' title='bbox 2487 5116 2505 5153; x_wconf 92' lang='grc'><strong>.·</strong></span> <span class='ocrx_word' id='word_1_901' title='bbox 2527 5112 2797 5171; x_wconf 87' lang='lat' dir='ltr'><strong>propterea</strong></span> <span class='ocrx_word' id='word_1_902' title='bbox 2825 5118 2911 5154; x_wconf 88' lang='lat' dir='ltr'><strong>vos</strong></span> <span class='ocrx_word' id='word_1_903' title='bbox 2942 5117 3043 5153; x_wconf 85' lang='lat' dir='ltr'><strong>non</strong></span> <span class='ocrx_word' id='word_1_904' title='bbox 3068 5100 3288 5163; x_wconf 87' lang='lat' dir='ltr'><strong>auditis,</strong></span> <span class='ocrx_word' id='word_1_905' title='bbox 3308 5102 3435 5169; x_wconf 81' lang='lat' dir='ltr'><strong>quia</strong></span> 
     </span>
    </p>
   </div>
   <div class='ocr_carea' id='block_1_114' title="bbox 1855 5189 3435 5265">
    <p class='ocr_par' dir='ltr' id='par_1_114' title="bbox 1855 5189 3435 5265">
     <span class='ocr_line' id='line_1_114' title="bbox 1855 5189 3435 5265; baseline -0.006 -16"><span class='ocrx_word' id='word_1_906' title='bbox 1855 5212 1920 5249; x_wconf 81' lang='lat' dir='ltr'><strong>ea:</strong></span> <span class='ocrx_word' id='word_1_907' title='bbox 1951 5193 2058 5249; x_wconf 89' lang='lat' dir='ltr'><strong>Deo</strong></span> <span class='ocrx_word' id='word_1_908' title='bbox 2087 5210 2189 5247; x_wconf 88' lang='lat' dir='ltr'><strong>non</strong></span> <span class='ocrx_word' id='word_1_909' title='bbox 2210 5195 2331 5249; x_wconf 87' lang='lat' dir='ltr'><strong>estis</strong></span> <span class='ocrx_word' id='word_1_910' title='bbox 2357 5193 2541 5265; x_wconf 79' lang='lat' dir='ltr'><strong>(Joan.</strong></span> <span class='ocrx_word' id='word_1_911' title='bbox 2568 5209 2663 5247; x_wconf 83' lang='lat' dir='ltr'><strong>vut</strong></span> <span class='ocrx_word' id='word_1_912' title='bbox 2682 5236 2698 5255; x_wconf 82' lang='lat'><strong>,</strong></span> <span class='ocrx_word' id='word_1_913' title='bbox 2727 5193 2840 5262; x_wconf 73' lang='grc'><strong>47).</strong></span> <span class='ocrx_word' id='word_1_914' title='bbox 2870 5192 2937 5245; x_wconf 89' lang='grc' dir='ltr'><strong>Ει</strong></span> <span class='ocrx_word' id='word_1_915' title='bbox 2963 5192 3090 5245; x_wconf 88' lang='lat' dir='ltr'><strong>item</strong></span> <span class='ocrx_word' id='word_1_916' title='bbox 3123 5209 3134 5244; x_wconf 91' lang='lat'>:</span> <span class='ocrx_word' id='word_1_917' title='bbox 3164 5189 3227 5245; x_wconf 87' lang='lat' dir='ltr'><strong>Si</strong></span> <span class='ocrx_word' id='word_1_918' title='bbox 3255 5190 3435 5258; x_wconf 82' lang='lat' dir='ltr'><strong>diligi-</strong></span> 
     </span>
    </p>
   </div>
   <div class='ocr_carea' id='block_1_115' title="bbox 1855 5283 3430 5355">
    <p class='ocr_par' dir='ltr' id='par_1_115' title="bbox 1855 5283 3430 5355">
     <span class='ocr_line' id='line_1_115' title="bbox 1855 5283 3430 5355; baseline -0.003 -16"><span class='ocrx_word' id='word_1_919' title='bbox 1855 5289 1920 5339; x_wconf 90' lang='lat' dir='ltr'><strong>tis</strong></span> <span class='ocrx_word' id='word_1_920' title='bbox 1952 5304 2050 5350; x_wconf 87' lang='lat' dir='ltr'><strong>me,</strong></span> <span class='ocrx_word' id='word_1_921' title='bbox 2082 5288 2333 5341; x_wconf 77' lang='lat' dir='ltr'><strong>ntandata</strong></span> <span class='ocrx_word' id='word_1_922' title='bbox 2376 5305 2489 5341; x_wconf 85' lang='lat' dir='ltr'><strong>mea</strong></span> <span class='ocrx_word' id='word_1_923' title='bbox 2533 5297 2732 5340; x_wconf 83' lang='lat' dir='ltr'><strong>servate</strong></span> <span class='ocrx_word' id='word_1_924' title='bbox 2763 5302 2782 5338; x_wconf 89' lang='lat'><strong><em>:</em></strong></span> <span class='ocrx_word' id='word_1_925' title='bbox 2809 5285 2898 5355; x_wconf 85' lang='lat' dir='ltr'><strong>qui</strong></span> <span class='ocrx_word' id='word_1_926' title='bbox 2952 5298 3055 5336; x_wconf 82' lang='lat' dir='ltr'><strong>non</strong></span> <span class='ocrx_word' id='word_1_927' title='bbox 3107 5283 3278 5352; x_wconf 86' lang='lat' dir='ltr'><strong>diligit</strong></span> <span class='ocrx_word' id='word_1_928' title='bbox 3327 5299 3430 5345; x_wconf 89' lang='lat' dir='ltr'><strong>me,</strong></span> 
     </span>
    </p>
   </div>
   <div class='ocr_carea' id='block_1_116' title="bbox 1855 5371 3435 5444">
    <p class='ocr_par' dir='ltr' id='par_1_116' title="bbox 1855 5371 3435 5444">
     <span class='ocr_line' id='line_1_116' title="bbox 1855 5371 3435 5444; baseline 0 -17"><span class='ocrx_word' id='word_1_929' title='bbox 1855 5376 2108 5428; x_wconf 80' lang='lat' dir='ltr'><strong>mandata</strong></span> <span class='ocrx_word' id='word_1_930' title='bbox 2148 5392 2262 5429; x_wconf 84' lang='lat' dir='ltr'><strong>mea</strong></span> <span class='ocrx_word' id='word_1_931' title='bbox 2313 5394 2416 5429; x_wconf 90' lang='lat' dir='ltr'><strong>non</strong></span> <span class='ocrx_word' id='word_1_932' title='bbox 2450 5387 2615 5429; x_wconf 83' lang='lat' dir='ltr'><strong>servat</strong></span> <span class='ocrx_word' id='word_1_933' title='bbox 2666 5374 2848 5444; x_wconf 81' lang='lat' dir='ltr'><strong>(Joan.</strong></span> <span class='ocrx_word' id='word_1_934' title='bbox 2882 5389 2997 5435; x_wconf 84' lang='lat' dir='ltr'><strong>)ttv,</strong></span> <span class='ocrx_word' id='word_1_935' title='bbox 3024 5371 3089 5426; x_wconf 81' lang='lat' dir='ltr'><strong>l5</strong></span> <span class='ocrx_word' id='word_1_936' title='bbox 3114 5382 3163 5426; x_wconf 85' lang='lat' dir='ltr'><strong>et</strong></span> <span class='ocrx_word' id='word_1_937' title='bbox 3188 5371 3302 5441; x_wconf 62' lang='grc' dir='ltr'><strong>ΞΛ).</strong></span> <span class='ocrx_word' id='word_1_938' title='bbox 3364 5371 3435 5427; x_wconf 80' lang='lat' dir='ltr'><strong>Et</strong></span> 
     </span>
    </p>
   </div>
   <div class='ocr_carea' id='block_1_117' title="bbox 1856 5462 3431 5534">
    <p class='ocr_par' dir='ltr' id='par_1_117' title="bbox 1856 5462 3431 5534">
     <span class='ocr_line' id='line_1_117' title="bbox 1856 5462 3431 5534; baseline -0.001 -15"><span class='ocrx_word' id='word_1_939' title='bbox 1856 5465 2129 5534; x_wconf 87' lang='lat' dir='ltr'><strong>apostolus</strong></span> <span class='ocrx_word' id='word_1_940' title='bbox 2156 5465 2394 5520; x_wconf 79' lang='lat' dir='ltr'><strong>Joattnes</strong></span> <span class='ocrx_word' id='word_1_941' title='bbox 2439 5484 2451 5519; x_wconf 90' lang='lat'><strong>:</strong></span> <span class='ocrx_word' id='word_1_942' title='bbox 2496 5466 2600 5531; x_wconf 82' lang='lat' dir='ltr'><strong>Qui</strong></span> <span class='ocrx_word' id='word_1_943' title='bbox 2640 5466 2764 5518; x_wconf 87' lang='lat' dir='ltr'><strong>dicit</strong></span> <span class='ocrx_word' id='word_1_944' title='bbox 2798 5465 2922 5534; x_wconf 88' lang='lat' dir='ltr'><strong>quia</strong></span> <span class='ocrx_word' id='word_1_945' title='bbox 2956 5462 3117 5533; x_wconf 86' lang='lat' dir='ltr'><strong>diligo</strong></span> <span class='ocrx_word' id='word_1_946' title='bbox 3148 5463 3336 5528; x_wconf 85' lang='lat' dir='ltr'><strong>Deum,</strong></span> <span class='ocrx_word' id='word_1_947' title='bbox 3379 5472 3431 5517; x_wconf 80' lang='lat' dir='ltr'><strong>et</strong></span> 
     </span>
    </p>
   </div>
   <div class='ocr_carea' id='block_1_118' title="bbox 1856 5554 3429 5627">
    <p class='ocr_par' dir='ltr' id='par_1_118' title="bbox 1856 5554 3429 5627">
     <span class='ocr_line' id='line_1_118' title="bbox 1856 5554 3429 5627; baseline -0.002 -17"><span class='ocrx_word' id='word_1_948' title='bbox 1856 5559 2107 5612; x_wconf 83' lang='lat' dir='ltr'><strong>mandata</strong></span> <span class='ocrx_word' id='word_1_949' title='bbox 2135 5559 2250 5627; x_wconf 85' lang='lat' dir='ltr'><strong>ejus</strong></span> <span class='ocrx_word' id='word_1_950' title='bbox 2277 5575 2378 5611; x_wconf 87' lang='lat' dir='ltr'><strong>non</strong></span> <span class='ocrx_word' id='word_1_951' title='bbox 2404 5558 2651 5621; x_wconf 85' lang='lat' dir='ltr'><strong>custodit,</strong></span> <span class='ocrx_word' id='word_1_952' title='bbox 2691 5557 2918 5610; x_wconf 73' lang='lat' dir='ltr'><strong>mendax</strong></span> <span class='ocrx_word' id='word_1_953' title='bbox 2954 5565 3028 5610; x_wconf 85' lang='lat' dir='ltr'><strong>est</strong></span> <span class='ocrx_word' id='word_1_954' title='bbox 3067 5554 3119 5625; x_wconf 89' lang='grc'><strong>(1</strong></span> <span class='ocrx_word' id='word_1_955' title='bbox 3147 5554 3311 5609; x_wconf 82' lang='lat' dir='ltr'><strong>Joan.</strong></span> <span class='ocrx_word' id='word_1_956' title='bbox 3352 5569 3429 5616; x_wconf 88' lang='lat' dir='ltr'><strong>tv,</strong></span> 
     </span>
    </p>
   </div>
   <div class='ocr_carea' id='block_1_119' title="bbox 1855 5640 3434 5717">
    <p class='ocr_par' dir='ltr' id='par_1_119' title="bbox 1855 5640 3434 5717">
     <span class='ocr_line' id='line_1_119' title="bbox 1855 5640 3434 5717; baseline -0.002 -17"><span class='ocrx_word' id='word_1_957' title='bbox 1855 5647 1969 5717; x_wconf 67' lang='lat'><strong>20).</strong></span> <span class='ocrx_word' id='word_1_958' title='bbox 1996 5648 2062 5700; x_wconf 86' lang='lat' dir='ltr'><strong>Et</strong></span> <span class='ocrx_word' id='word_1_959' title='bbox 2095 5646 2341 5700; x_wconf 86' lang='lat' dir='ltr'><strong>Psalmtts</strong></span> <span class='ocrx_word' id='word_1_960' title='bbox 2367 5647 2434 5701; x_wconf 85' lang='lat' dir='ltr'><strong>de</strong></span> <span class='ocrx_word' id='word_1_961' title='bbox 2460 5646 2685 5701; x_wconf 87' lang='lat' dir='ltr'><strong>Domino</strong></span> <span class='ocrx_word' id='word_1_962' title='bbox 2714 5687 2726 5699; x_wconf 94' lang='lat'><strong>.</strong></span> <span class='ocrx_word' id='word_1_963' title='bbox 2762 5644 2958 5698; x_wconf 85' lang='lat' dir='ltr'><strong>Perdes</strong></span> <span class='ocrx_word' id='word_1_964' title='bbox 3000 5661 3175 5700; x_wconf 88' lang='lat' dir='ltr'><strong>omnes</strong></span> <span class='ocrx_word' id='word_1_965' title='bbox 3221 5645 3310 5716; x_wconf 88' lang='lat' dir='ltr'><strong>qui</strong></span> <span class='ocrx_word' id='word_1_966' title='bbox 3355 5640 3434 5697; x_wconf 85' lang='lat' dir='ltr'><strong>lo-</strong></span> 
     </span>
    </p>
   </div>
   <div class='ocr_carea' id='block_1_120' title="bbox 1857 5734 3434 5808">
    <p class='ocr_par' dir='ltr' id='par_1_120' title="bbox 1857 5734 3434 5808">
     <span class='ocr_line' id='line_1_120' title="bbox 1857 5734 3434 5808; baseline 0.001 -19"><span class='ocrx_word' id='word_1_967' title='bbox 1857 5749 2091 5808; x_wconf 86' lang='lat' dir='ltr'><strong>quuntur</strong></span> <span class='ocrx_word' id='word_1_968' title='bbox 2131 5737 2458 5791; x_wconf 83' lang='lat' dir='ltr'><strong>mendacium</strong></span> <span class='ocrx_word' id='word_1_969' title='bbox 2510 5734 2681 5808; x_wconf 83' lang='lat' dir='ltr'><strong>(Psal.</strong></span> <span class='ocrx_word' id='word_1_970' title='bbox 2712 5752 2762 5802; x_wconf 90' lang='lat' dir='ltr'><strong>v,</strong></span> <span class='ocrx_word' id='word_1_971' title='bbox 2790 5737 2862 5806; x_wconf 91' lang='lat'><strong>7).</strong></span> <span class='ocrx_word' id='word_1_972' title='bbox 2890 5736 2955 5790; x_wconf 84' lang='lat' dir='ltr'><strong>Et</strong></span> <span class='ocrx_word' id='word_1_973' title='bbox 3004 5736 3130 5790; x_wconf 86' lang='lat' dir='ltr'><strong>item</strong></span> <span class='ocrx_word' id='word_1_974' title='bbox 3161 5734 3434 5806; x_wconf 76' lang='lat' dir='ltr'><strong>apostolus</strong></span> 
     </span>
    </p>
   </div>
  </div>
