4006 6338
622 325 726 382 767

621 441 858 498 Joannes
887 440 939 496 in
973 439 1292 511 Apocalypsi
1330 456 1343 492 :

625 537 678 590 in
721 535 926 590 cmlcsti
958 533 1280 594 Jerusalem,
1311 530 1514 601 aliquid
1559 531 1976 600 coinquinatum,
2005 529 2203 598 faciens

624 625 1086 686 abominationem,
1129 632 1179 675 et
1238 620 1566 674 mendaciunt
1615 620 1795 688 (Apoc.
1826 635 1949 681 xxI,
1979 618 2092 688 27).
2140 619 2206 672 Et

627 715 754 769 item
789 733 803 769 :
839 714 1055 769 Timidis
1089 725 1284 778 autem,
1313 725 1360 766 et
1389 712 1702 777 incredulis,
1733 721 1781 765 et
1830 713 2130 775 exsecratis,
2157 712 2208 764 et'

626 807 920 870 homicidia,
946 815 992 859 et
1019 805 1451 873 [ornicatoribus,
1467 815 1512 857 et
1537 803 2205 871 veneﬁcis,‘et.idololatris,

625 909 674 948 et
701 896 1320 953 omnibus'meudacihus,
1367 912 1490 963 pars
1531 894 1741 948 illorum
1777 896 1874 947 erit
1924 895 1977 947 in
2019 903 2204 963 stagno

625 985 835 1056 ardenti
853 985 968 1054 igne
989 994 1036 1038 ct
1058 984 1328 1053 sulphure,
1349 986 1486 1054 quod
1507 996 1580 1039 est
1604 1001 1744 1038 mors
1765 985 1991 1039 secunda
2029 984 2208 1054 (ibid.,

625 1077 702 1144 8).
739 1076 844 1132 Sed
897 1086 952 1131 et
995 1092 1087 1131 eos
1138 1078 1394 1130 terribilis
1447 1078 1744 1147 increpatio
1771 1076 2080 1146 evangelica
2125 1076 2207 1130 in-

626 1167 792 1230 vehit,
815 1167 906 1237 qui
929 1166 1223 1220 dilexerunt
1254 1168 1478 1237 gloriam
1519 1170 1789 1222 hominum
1837 1170 2004 1238 magis
2048 1185 2206 1238 quam
2232 1199 2244 1205 —

627 1257 722 1311 Dei
746 1258 926 1327 (Joan.
951 1273 1047 1322 xu,
1071 1259 1186 1327 45),
1203 1268 1258 1313 et
1288 1276 1381 1313 eos
1411 1261 1693 1330 increpant
1721 1275 1784 1314 ac
1809 1269 2208 1330 persequuntur

629 1349 722 1417 qui
756 1364 814 1402 se
856 1348 1174 1402 subtrahere
1214 1350 1397 1404 volunt
1423 1352 1492 1404 ab
1516 1349 1661 1404 omni
1695 1351 1863 1405 fratre
1890 1351 2206 1410 ambulante

630 1437 951 1494 inordinate.
1010 1439 1084 1493 De
1110 1440 1308 1508 quibus
1343 1441 1592 1495 videlicet
1619 1442 2056 1512 persecutoribus
2076 1441 2208 1496 dici-

625 1534 718 1580 tur
747 1527 799 1580 in
839 1528 1159 1600 Apocalypsi
1191 1546 1204 1582 :
1239 1520 1422 1583 Habeo
1451 1531 1698 1586 adversus
1719 1542 1786 1595 te,
1807 1532 1930 1602 quia
1954 1532 2206 1600 permittis

625 1617 894 1671 mulierem
932 1617 1306 1689 Jezabel,qute
1343 1637 1396 1673 se
1435 1621 1560 1674 dicit
1597 1622 1873 1692 prophetas
1912 1621 2128 1684 docere,
2159 1631 2206 1674 et

623 1707 868 1761 seducere
901 1725 1074 1763 servos
1101 1727 1259 1770 meos,
1291 1710 1547 1778 fornicari
1569 1720 1616 1764 et
1655 1711 1974 1764 manducare
1999 1711 2063 1764 de
2091 1711 2207 1764 ido-

1671 321 2001 377 lllNCMAR]
2042 316 2432 374 RHEMENSIS
2468 317 2984 377 ARCIIIEPISCOPI
3702 337 3774 398 763

1381 438 1492 492 Nec
1524 437 1738 491 intrabit
1784 439 1840 492 in
1887 455 1967 499 ea,
1997 438 2073 494 .id
2117 447 2201 491 est
2229 445 2276 498 Α
2305 449 2488 490 secum
2518 435 2881 490 incorrectum
2912 437 3216 502 convenire,
3241 447 3599 502 utomnesano
3617 453 3780 512 con'silio

2305 525 2603 594 abjicerent
2661 541 2786 580 eum
2843 525 2888 580 si
2941 538 3162 598 negaret
3197 532 3472 586 emendare
3513 549 3580 589 se.
3617 536 3783 610 Cognito

2304 615 2446 668 enim
2489 628 2652 683 opere
2689 614 2826 687 isto,
2878 615 3182 684 pellendum
3227 618 3370 672 illum
3411 618 3649 694 fuissede
3683 642 3784 686 ecta

2304 710 2662 764 fraternitatis
2707 710 2838 765 dicit
2876 711 3199 780 Apostolus;
3243 716 3594 776 omnes'enim
3635 723 3784 778 crimen

2304 799 2421 868 ejus
2453 801 2716 866 sciebant,
2742 809 2798 856 et
2834 817 2937 856 non
2981 805 3277 872 arguebant
3317 822 3330 857 :
3372 806 3560 873 publice
3591 811 3704 864 enim
3722 832 3787 868 no-

2306 905 2520 943 vercam
2558 906 2710 944 suam
2749 890 2873 946 loco
2901 893 3086 946 uxoris
3125 892 3370 947 habebat.
3396 894 3449 948 ln
3472 911 3569 964 qua
3588 913 3635 951 re
3665 916 3787 969 netiue

2305 981 2532 1036 testibus
2560 997 2696 1050 opus
2721 989 2860 1047 erat,
2890 998 3064 1052 neque
3102 986 3695 1058 tergiversatio‘ne'aliqua
3720 1010 3787 1063 po.

2307 1079 2446 1124 terat
2483 1073 2587 1142 tegi
2621 1073 2849 1126 crimen.
2882 1071 2996 1143 Ego
3027 1075 3235 1143 quidem
3262 1075 3401 1130 sicut
3427 1077 3589 1130 absens
3616 1095 3787 1149 corpore,

2308 1179 2539 1234 prmsens
2567 1174 2741 1216 autem
2784 1163 2992 1233 spiritu,
3027 1164 3080 1218 id
3107 1173 3192 1218 est
3235 1164 3423 1220 absens
3454 1165 3592 1230 facie,
3618 1183 3789 1237 praesens

2307 1265 2486 1309 autem
2520 1256 2842 1310 auctoritate
2875 1256 3120 1326 Spiritus,
3147 1257 3236 1325 qui
3266 1265 3516 1326 nusquam
3551 1261 3692 1324 abest,
3711 1265 3788 1332 jam

2302 1346 2559 1415 judicavi,
2607 1359 2662 1400 ut
2704 1364 2930 1416 prwsens
2961 1388 2978 1412 ,
3025 1365 3142 1401 eum
3190 1349 3280 1418 qui
3317 1349 3408 1402 hoc
3449 1351 3632 1404 admisit
3670 1354 3790 1422 (ibid.,

2278 1438 2387 1509 οὗ).
2423 1458 2440 1489 ι
2469 1437 2570 1494 Hie
2623 1439 3010 1494 advertendum
3044 1450 3148 1504 est,
3192 1441 3314 1509 quia
3365 1442 3638 1512 quicunque
3660 1447 3790 1499 cn'mis

2311 1521 2455 1585 nalia
2479 1531 2705 1595 admisit
2738 1541 2988 1599 peccata,
3019 1531 3160 1584 unde
3189 1531 3300 1598 jam
3329 1531 3458 1584 sunt
3475 1533 3712 1587 terminata
3736 1531 3792 1601 jul

2309 1623 2448 1677 dicia
2477 1623 2544 1676 ab
2577 1621 2682 1678 illis
2717 1621 2920 1677 Christi
2961 1622 3203 1692 organis,
3229 1620 3473 1690 qui'cum
3514 1621 3670 1677 illo'ia
3702 1624 3792 1677 etrlo

2311 1722 2562 1785 regnant,
2583 1723 2639 1769 et
2664 1715 2716 1768 in
2747 1714 2909 1768 terris
2935 1715 3214 1769 miraculis
3243 1723 3535 1777 coruscant,
3568 1717 3680 1785 apud
3701 1733 3793 1785 quo-

623 1799 854 1869 lothgtis.
902 1798 971 1852 Et
1014 1801 1134 1854 dedi
1178 1801 1256 1854 illi
1293 1812 1493 1871 tempus
1531 1812 1598 1854 ut.
1626 1803 1982 1871 pamiteutiam
2012 1811 2205 1870 ageret,
2241 1792 2284 1850 Β
2315 1820 2434 1858 rum
2463 1813 2709 1859 mortuos
2737 1813 2929 1858 natura
2958 1805 3194 1870 cineres,
3218 1803 3312 1858 sed
3343 1803 3452 1858 Deo‘
3472 1805 3794 1868 vivos,'merito-

621 1897 668 1942 et
695 1906 799 1943 non
829 1889 935 1944 vult
959 1893 1202 1960 paenitere
1225 1911 1258 1945 a
1279 1893 1625 1962 fornicatione
1645 1910 1761 1946 sua.
1789 1891 1924 1948 Ecce
1946 1910 2038 1963 ego
2059 1893 2205 1962 mitto

621 1998 738 2035 eam
766 1983 822 2036 in
849 1981 1059 2049 lectum,
1085 1994 1132 2038 et
1157 1987 1247 2056 qui
1268 1986 1594 2039 maechantur
1620 1984 1736 2040 cuiu
1779 2003 1840 2038 ea
1887 1987 1941 2038 in
1983 1985 2220 2050 tribula-t

621 2072 815 2126 tionem
842 2074 1150 2139 maximam,
1168 2077 1270 2128 nisi
1290 2075 1643 2144 paenitentiam
1663 2076 1860 2146 egerint
1883 2076 1946 2129 ab
1967 2067 2206 2145 operibus

621 2163 757 2228 suis,
809 2173 857 2218 et
901 2165 1041 2233 ﬁlios
1094 2166 1208 2236 ejus
1257 2167 1570 2235 interﬁciant
1607 2168 1663 2222 in
1692 2178 1940 2231 mortem,
1967 2179 2016 2221 et
2045 2168 2206 2221 scient

620 2273 798 2313 omnes
821 2257 1092 2324 Ecclesiaz,
1109 2260 1232 2330 quia
1253 2277 1345 2330 ego
1373 2277 1488 2314 sum
1511 2273 1753 2315 scrutaus
1786 2277 1929 2314 renes
1952 2271 1998 2314 et
2022 2261 2204 2325 corda,

621 2356 672 2401 et
721 2347 858 2403 dabo
904 2349 1186 2419 unicuique
1234 2351 1520 2404 secundum
1577 2368 1734 2420 opera
1782 2366 1880 2404 sua
1909 2351 2103 2422 (Apoc.
2144 2369 2203 2416 ll,

621 2436 834 2507 20-25).
864 2437 972 2494 Eos
1001 2450 1178 2494 autem
1211 2439 1304 2508 qui
1341 2441 1672 2512 redarguunt
1695 2440 2057 2510 iniquitatem,
2079 2443 2205 2511 quia

621 2531 929 2600 huiusmodi
961 2546 1067 2586 non
1109 2531 1476 2596 consentiunt,
1531 2531 1725 2587 blande
1769 2532 2080 2586 consolatur
2127 2532 2211 2600 dig

622 2637 753 2679 cens
784 2643 798 2678 :
835 2623 956 2679 Scio
977 2618 1366 2678 tribulationem
1398 2634 1543 2677 tuam
1574 2623 2008 2694 etpaupe‘rtatem
2037 2634 2204 2689 tuam,

621 2714 712 2768 sed
732 2715 872 2769 dives
902 2731 989 2778 es;
1019 2724 1066 2768 et
1093 2714 1468 2784 blasphemaris
1497 2715 1560 2767 ab
1593 2713 1675 2767 his
1701 2715 1793 2784 qui
1817 2731 1869 2768 se
1897 2714 2078 2767 dicunt
2105 2713 2210 2767 ,ιιι-ἒ

620 2801 762 2855 da'os
808 2819 938 2868 esse,
982 2811 1032 2856 et
1081 2819 1184 2856 non
1230 2812 1375 2868 sunt,
1405 2802 1641 2856 sed'sunt
1667 2819 1932 2871 synagoga
1965 2802 2199 2870 Satanan

624 2891 775 2945 Nihil
800 2893 985 2946 horum
1011 2893 1194 2946 timeas
1219 2909 1336 2962 qua:
1377 2909 1630 2960 passurus
1659 2909 1733 2946 es.
1773 2891 1910 2944 Ecce
1953 2892 2206 2945 missurus

621 2993 696 3037 est
719 2983 958 3037 diabolus
988 2983 1191 3052 aliquos
1230 3000 1296 3037 ex
1338 2984 1478 3037 vobis
1518 2985 1574 3037 in
1620 3000 1901 3047 carcerem,
1936 2993 1992 3036 ut
2046 2992 2208 3037 tente-

622 3075 788 3137 mini;
847 3083 895 3127 et
951 3074 1204 3128 habebitis
1247 3073 1635 3126 tribulatiaaem
1659 3073 1840 3126 diebus
1863 3073 2058 3126 decent.
2083 3070 2206 3126 Esto

622 3164 793 3234 fidelis
823 3181 984 3235 usque
1024 3165 1092 3218 ad
1127 3176 1369 3230 mortem,
1395 3175 1442 3218 et
1465 3165 1600 3218 dabo
1628 3164 1721 3218 tibi
1750 3181 1996 3218 coronam
2037 3165 2154 3218 vita:
2188 3181 2206 3218 :
2236 3135 2281 3195 Ο

623 3258 714 3327 qui
761 3257 962 3322 vicerit,
1012 3272 1115 3310 non
1166 3255 1388 3310 lwdetur
1436 3273 1468 3309 a
1511 3267 1674 3308 morte
1716 3254 1944 3308 secunda
2000 3254 2161 3324 (ibid.
2191 3295 2207 3320 ,

623 3351 678 3414 9,
727 3349 837 3419 10).
871 3348 964 3403 llis
1008 3364 1158 3412 vero,
1195 3349 1286 3417 qui
1329 3348 2212 3418 auctoritateordinis,autdigni-

625 3449 735 3494 tate
759 3438 1063 3508 potestatis,
1094 3439 1174 3494 vel
1203 3438 1520 3492 fortitudine
1551 3439 1786 3502 virtutis,
1815 3438 1904 3491 tali
1935 3438 2078 3493 facto
2103 3455 2209 3493 non

621 3536 851 3598 possunt
879 3528 1156 3590 resistere,
1189 3527 1430 3582 consulit
1469 3528 1649 3582 divina
1681 3527 1991 3593 clementia,
2022 3529 2211 3583 dicens

625 3621 680 3674 in
718 3609 909 3673 eadem)
947 3613 1312 3690 Apocalypsi:
1356 3619 1510 3674 Vobis
1550 3629 1725 3674 autem
1753 3621 1870 3674 dico
1894 3621 2096 3674 cteteris
2122 3621 2211 3692 qui

628 3709 894 3781 Thgatirce
940 3711 1062 3764 estis
1108 3723 1127 3762 :
1172 3709 1482 3782 Quicunque
1529 3728 1632 3766 non
1674 3711 1863 3764 habent
1917 3713 2209 3766 doctrinam

623 3802 780 3864 hanc,
803 3801 892 3870 qui
920 3818 1021 3856 non
1042 3792 1389 3873 cognoverunt
1415 3802 1746 3857 altitudinem
1774 3803 2014 3869 Satanw,
2036 3821 2212 3875 quent-

623 3891 910 3946 admodum
933 3892 1136 3958 dicunt,
1152 3895 1480 3956 nonmittam
1503 3911 1659 3964 super
1681 3911 1766 3948 vos
1793 3895 1940 3948 aliud
1958 3896 2169 3964 .poudus
2189 3909 2208 3948 :

625 3989 800 4035 tamen
830 3982 884 4034 id
921 3984 1060 4053 quod
1093 3983 1292 4037 habetis
1319 3993 1502 4048 tenete,
1535 3985 1698 4038 donec
1727 3986 1952 4039 veniam.
2008 3984 2076 4038 Et
2121 3985 2212 4056 qui
2252 4019 2266 4036 .

625 4071 820 4136 vicerit,
846 4082 892 4126 et
935 4074 1024 4142 qui
1061 4075 1362 4128 custodierit
1407 4092 1568 4145 usque
1612 4075 1665 4130 in
1693 4075 1849 4144 ﬁnem
1880 4092 2035 4145 opera
2073 4077 2210 4143 mea,

623 4160 758 4214 dabo
783 4161 862 4214 illi
887 4172 1192 4230 potestatem
1218 4181 1373 4233 super
1396 4174 1592 4234 gentes,
1609 4175 1656 4218 et
1687 4177 1820 4236 reget
1843 4165 1964 4220 illas
1987 4167 2043 4220 in
2067 4168 2212 4238 virga

625 4250 832 4320 ferrea;
865 4261 1116 4322 tanquam
1146 4271 1233 4308 vas
1257 4255 1407 4323 ﬁguli
1433 4255 1829 4326 confringentur
1853 4296 1868 4321 ,
1891 4251 2022 4310 sicut
2047 4267 2093 4310 et
2117 4261 2217 4327 ego

624 4346 801 4414 accepi
830 4363 862 4398 a
890 4345 1050 4400 Patre
1073 4363 1206 4410 meo,
1252 4357 1300 4400 et
1337 4347 1472 4402 dabo
1518 4347 1598 4400 illi
1643 4348 1845 4402 stellam
1897 4344 2212 4401 matutinum

625 4437 799 4506 (ibid.,
843 4439 1053 4507 24ο28).
1101 4441 1169 4493 Ει
1210 4450 1442 4495 sanctus
1482 4443 1800 4497 Ambrosius
1827 4445 1879 4496 in
1905 4443 2204 4512 Epistolam

625 4526 694 4580 ad
722 4525 1034 4582 Corinthios
1063 4528 1194 4582 dicit
1226 4547 1240 4582 :
1281 4548 1299 4578 ‹
1340 4529 1398 4582 Si
1425 4531 1545 4599 quis
1566 4540 1888 4600 potestatem
1915 4548 2020 4586 non
2046 4533 2209 4586 habet

625 4631 788 4685 quem
832 4611 950 4671 scit'
980 4633 1130 4672 reum
1173 4621 1426 4689 ahjicere,
1477 4629 1570 4674 aut
1615 4623 1846 4690 probare
1891 4638 1994 4677 non
2042 4623 2212 4687 valet,

628 4707 884 4763 immunis
929 4718 1014 4763 est
1045 4726 1058 4762 :
1092 4718 1146 4762 et
1192 4711 1389 4780 judicis
1448 4705 1570 4766 non“
1601 4714 1851 4768 estsine
1891 4724 2222 4770 accusatore'

628 4795 800 4866 705.
824 4797 1102 4863 damnare,
1147 4800 1272 4868 quia
1303 4809 1356 4855 et
1389 4801 1646 4857 Dominus
1691 4799 2069 4869 Judam,'cum
2120 4803 2209 4857 fur

625 4896 789 4948 esset,
833 4887 960 4955 quia
1011 4903 1117 4941 non
1185 4898 1267 4942 est
1338 4899 1661 4954 accusatus,
1720 4893 1941 4947 minime
1987 4891 2220 4959 abiecit.-

628 4973 780 5030 Ilanc
802 4985 983 5032 autem
1022 4979 1425 5033 excusationem
1460 4990 1586 5035 ante
1625 4983 1792 5036 Deum
1821 4985 2128 5038 sacerdotes
2155 4992 2210 5038 ct

629 5067 899 5136 principes
939 5083 1003 5122 ac
1032 5070 1298 5138 primores
1330 5079 1486 5126 terrae
1513 5072 1711 5126 habere
1735 5089 1840 5126 non
1871 5081 2144 5142 poterunt.
2185 5092 2203 5123 ι

627 5156 780 5213 Unde
817 5159 1080 5214 etisdem
1133 5161 1324 5216 beatus
1375 5161 1694 5216 Ambrosius
1747 5163 1802 5216 in
1857 5163 2044 5217 eodem
2090 5162 2209 5216 loco

625 5250 876 5318 Epistolas
902 5251 1072 5306 dicit:
1103 5251 1172 5305 Et
1212 5269 1298 5307 vos
1330 5253 1500 5322 inﬂati
1527 5254 1670 5317 estis,
1702 5263 1749 5306 et
1791 5270 1894 5306 non
1922 5254 2087 5323 magis
2129 5253 2212 5306 lu-

627 5351 767 5392 ctum
807 5340 1092 5407 habuistis,
1140 5353 1195 5396 ut
1235 5342 1506 5396 tolleretur
1539 5344 1603 5396 de
1639 5343 1809 5396 medio
1857 5355 2078 5398 vestrum
2117 5344 2208 5414 qui

623 5431 720 5484 hoc
745 5449 872 5501 opus
913 5433 1033 5502 fecit
1075 5433 1125 5506 (I
1151 5433 1273 5488 Cor.
1305 5452 1356 5499 v,
1383 5435 1462 5504 2).
1500 5454 1519 5486 ι
1546 5433 1862 5505 Superbiam
1881 5477 1893 5498 ,
1937 5436 2205 5504 inquiens,

628 5522 840 5577 illorum
882 5524 934 5578 in
974 5534 1180 5580 tantum
1220 5526 1498 5589 humiliat,
1547 5536 1607 5580 ut
1654 5541 1758 5580 non
1798 5525 2050 5595 querulos
2091 5526 2206 5596 jam

625 5613 721 5666 sed
751 5615 922 5684 magis
947 5615 1214 5684 supplices
1243 5615 1425 5670 faciat.
1456 5617 1622 5670 Erant
1647 5619 1790 5671 enim
1817 5626 1873 5672 et
1898 5618 1996 5686 ipsi
2037 5619 2204 5686 parti-

623 5703 794 5774 cipes,
823 5705 948 5760 dum
979 5715 1290 5776 paterentur
1335 5722 1482 5761 reum
1515 5716 1621 5762 tam
1669 5707 1902 5777 ingentis
1951 5707 2207 5765 facinoris

2310 1910 2430 1948 rum
2467 1893 2742 1948 miraculis
2773 1894 3180 1957 demonstratur,
3206 1895 3330 1964 quia
3373 1895 3522 1948 etiam
3553 1894 3794 1948 ia’dictisct

2309 1984 2424 2039 suis
2461 1983 2986 2054 promulgationibus
3015 1985 3226 2053 vivunt,
3247 1983 3596 2054 jam-’judieati-
3629 1988 3736 2048 sunt,
3760 1995 3794 2038 et

2311 2077 2414 2131 nisi
2465 2075 2840 2146 pmnitcntiam
2888 2076 3095 2146 egerint
3118 2094 3149 2141 ,'
3190 2075 3525 2146 praedamnati
3555 2091 3577 2128 ':
3614 2077 3794 2144 quamvis

2309 2167 2504 2221 inertia
2538 2175 2745 2231 nostra,
2779 2151 2865 2232 ea,
2896 2167 2964 2221 ad
2989 2182 3111 2236 quae
3137 2157 3371 2221 ordinati
3404 2176 3456 2221 et
3489 2163 3718 2220 constituti
3739 2181 3794 2217 su-

2311 2275 2453 2323 mus,
2489 2259 2541 2312 in
2574 2267 2766 2333 nostro
2801 2267 2857 2313 et
2883 2258 3040 2313 nobis
3073 2256 3478 2314 commissorum
3503 2256 3710 2327 periculo
3732 2271 3792 2308 ex-

2310 2353 2484 2425 sequi
2507 2335 2864 2424 negligamusl
2903 2352 3052 2407 Unde
3087 2367 3314 2424 magnus
3353 2351 3457 2406 Leo
3485 2365 3602 2420 papa
3628 2345 3680 2402 ad
3701 2350 3798 2401 Atu-

2321 2443 2508 2498 tolium
2551 2441 3203 2512 Constantinopolitanum
3241 2442 3534 2512 episcopum
3563 2438 3735 2506 loquens
3753 2437 3796 2488 de

2320 2542 2509 2588 sancto
2551 2531 2772 2588 Nicaeae
2802 2533 3046 2596 concilio,
3076 2533 3222 2601 quod
3266 2541 3322 2587 et
3348 2532 3411 2587 de
3451 2531 3560 2585 aliis
3586 2528 3797 2598 intelligeti-

2310 2625 2434 2678 dum
2459 2625 2590 2679 lides
2615 2623 2770 2680 tenet"
2785 2623 3086 2691 Catholica,
3104 2621 3294 2681 scribit
3316 2627 3479 2695 (epist.
3494 2624 3574 2695 56)
3591 2641 3601 2676 :
3619 2642 3635 2674 ι
3652 2621 3794 2682 Sancti,

2310 2715 2582 2784 inquiens,
2617 2716 2690 2769 illi
2714 2724 2792 2770 'et
2818 2717 3155 2772 venerabiles
3183 2717 3393 2781 Patres,
3423 2716 3508 2786 qui
3538 2716 3583 2769 in
3616 2714 3718 2768 urbe
3734 2711 3795 2765 Ni-

2309 2823 2482 2872 cama,
2530 2807 2793 2878 sacrilego
2818 2807 2948 2862 Ario
2989 2809 3559 2878 cumsua'impietate
3598 2794 3797 2863 damnato,

2314 2912 2598 2952 mansuras
2626 2903 2794 2966 usque
2821 2897 2872 2951 in
2911 2897 3072 2952 finem
3104 2899 3292 2953 mundi
3327 2897 3466 2967 leges
3493 2892 3792 2950 ecclesiastico-

2313 3004 2432 3042 rum
2459 3003 2729 3043 canonum
2764 2987 3148 3052 condiderunt,
3191 2997 3246 3042 et
3283 2981 3421 3058 apud
3461 2979 3638 3050 nos,‘et
3661 2985 3702 3036 in
3723 2990 3798 3034 toto

2313 3080 2444 3131 orbe
2475 3077 2768 3142 terrarum,
2802 3079 2996 3132 insuis
3021 3079 3494 3134 constitutionibus
3516 3077 3686 3136 vivunt,
3709 3070 3798 3126 etsi

2314 3167 2443 3236 quid
2475 3182 2701 3236 usquam
2729 3167 2889 3222 aliter
2927 3182 3088 3236 quam
3135 3167 3218 3222 illi
3267 3175 3499 3222 statuere
3523 3161 3797 3234 praesumitur.

2312 3257 2430 3311 sine
2474 3256 2822 3312 cunctatione
2873 3265 3144 3323 cassatur,
3207 3267 3268 3312 ut
3301 3255 3429 3327 quas
3485 3256 3544 3310 ad
3586 3251 3796 3306 utilitatem

2311 3346 2984 3416 perpetuamgeneraliter
3021 3346 3280 3402 instituta
3302 3355 3444 3410 sunt,
3474 3343 3600 3398 nulla
3622 3353 3796 3395 comatu-

2313 3436 2518 3490 tatione
2547 3435 2846 3500 varientur,
2889 3451 2990 3492 nec
3021 3436 3089 3491 ad
3133 3438 3403 3506 privatum
3432 3435 3672 3489 trahantur
3698 3441 3798 3482 cont-

2312 3527 2531 3581 modum
2559 3543 2680 3597 qua:
2707 3529 2773 3582 ad
2801 3529 3002 3584 bonum
3033 3537 3161 3584 sunt
3206 3543 3484 3584 commune
3513 3522 3708 3596 pretim.
3735 3538 3748 3569 ι
3786 3515 3790 3522 ’

2323 3651 2332 3668 .
2386 3617 2484 3674 llis
2513 3619 2748 3688 denique
2774 3619 3076 3689 perpensis,
3105 3627 3162 3674 et
3199 3620 3339 3686 aliis,
3367 3634 3478 3689 qua:
3513 3624 3695 3686 prepter
3716 3622 3797 3678 pro-

2312 3711 2575 3766 lixitatem
2599 3712 2891 3766 omisimus.
2904 3710 3126 3782 ponere,
3143 3710 3449 3768 Sanctarum
3466 3695 3796 3777 Scriplumunl.

2311 3811 2368 3856 et
2393 3801 2699 3872 regularum
2730 3801 3227 3857 ecclesiasticarum
3255 3798 3652 3858 auctoritatibus,
3674 3789 3795 3845 ccasi-

2313 3896 2500 3951 derato
2541 3895 2706 3951 etiam
2751 3894 2993 3963 periculo
3013 3895 3246 3965 quisque
3270 3909 3383 3957 suo,
3411 3891 3497 3947 sed
3522 3898 3570 3944 et
3591 3888 3630 3942 is
3651 3885 3702 3939 de
3726 3893 3795 3948 quo

2312 3987 2513 4058 agitur,
2543 3987 2610 4038 ad
2644 4000 2711 4064 se
2739 3985 2945 4049 redeat,
2969 3993 3024 4038 et
3062 3996 3156 4039 aut
3191 3994 3369 4040 actum
3407 3997 3551 4037 suum
3587 3973 3735 4031 rationi
3761 3977 3796 4022 et

2313 4077 2624 4132 auctoritati
2648 4078 2929 4132 evidenter
2951 4077 3286 4131 concordare
3312 4071 3632 4130 demonstret,
3651 4081 3702 4119 ne
3722 4064 3795 4131 ipse

2313 4182 2563 4238 peccans.
2593 4167 2731 4222 sicut
2751 4167 2818 4221 de
2837 4165 3122 4221 Jeroboam
3147 4167 3423 4235 Scriptura
3453 4161 3568 4216 dicit
3594 4153 3691 4226 (111
3710 4149 3796 4214 ηερε

2315 4261 2440 4328 xu),
2458 4257 2598 4311 unde
2620 4257 2837 4327 gravius
2862 4256 3028 4309 Deum
3058 4254 3286 4310 oll'endit
3310 4254 3440 4308 alios
3459 4262 3652 4321 peccare
3668 4240 3797 4296 faciat,

2313 4357 2406 4402 aut
2433 4347 2644 4403 salubri
2664 4347 2888 4401 consilio
2917 4355 2972 4401 et
3007 4346 3320 4400 auctoritati
3346 4337 3666 4407 divina‘,quia
3688 4331 3795 4384 aliter

2315 4439 2513 4494 salvari
2543 4454 2648 4493 non
2679 4446 2874 4507 potest,
2925 4452 2982 4492 se
3020 4435 3236 4498 subdat,
3277 4444 3330 4490 et
3377 4429 3795 4512 consideranstplo:

2313 4530 2456 4582 niam
2484 4527 2846 4582 adolescentia
2877 4535 2931 4580 et
2956 4526 3207 4594 voluptas
3243 4540 3377 4579 vana
3419 4529 3549 4581 sunt,
3577 4529 3656 4585 pro
3689 4511 3794 4604 brevi

2311 4627 2366 4674 et
2395 4619 2591 4672 misera
2625 4616 3002 4680 delectatione,
3031 4616 3158 4686 quia
3191 4616 3412 4687 pretium
3441 4607 3583 4665 scorti
3601 4604 3670 4656 vix
3685 4607 3794 4688 erant

2309 4718 2383 4763 est
2429 4707 2580 4778 panis
2630 4705 2813 4777 (Prov.
2851 4723 2924 4773 vt,
2953 4708 3072 4774 26),
3117 4724 3224 4762 non
3250 4707 3343 4774 ~det
3391 4700 3563 4758 alienis
3599 4697 3790 4749 honorem

2310 4800 2486 4864 suum,
2519 4808 2574 4852 et
2601 4813 2774 4852 annos
2801 4813 2929 4854 suos
2955 4799 3182 4864 crudeli,
3216 4813 3314 4852 nec
3345 4796 3426 4850 det
3455 4801 3645 4847 carnem
3669 4788 3790 4834 suam,

2309 4900 2370 4946 ut
2415 4905 2645 4959 peccare
2696 4889 2862 4944 faciat
2895 4889 3130 4943 animam
3180 4903 3350 4948 suam,
3406 4897 3563 4950 neque
3605 4867 3790 4929 exhibet!

2312 4984 2475 5054 706
2503 4983 2741 5037 membra
2783 4997 2879 5036 sua
2920 4997 3069 5036 arma
3117 4980 3413 5050 iniquitatis
3438 4979 3632 5046 peccato
3662 4961 3787 5029 (RM

2311 5089 2387 5137 vi,
2422 5074 2529 5143 15),
2557 5082 2613 5127 et
2644 5081 2823 5142 gemat
2849 5073 2899 5125 in
2929 5072 3256 5135 novissimis,
3286 5067 3488 5138 quando
3525 5057 3790 5115 consumpse-

2313 5167 2382 5220 rit
2409 5182 2602 5221 carnes
2628 5176 2683 5220 et
2721 5182 2918 5234 corpus
2971 5181 3151 5230 suttm,
3183 5161 3394 5234 quando
3435 5149 3681 5211 emendare
3713 5147 3787 5234 ιιίξη

2311 5257 2532 5324 poterit,
2582 5271 2706 5311 cum
2745 5231 2922 5309 anima
2951 5270 3070 5325 qua:
3109 5231 3215 5324 per.
3248 5265 3436 5320 corpus
3464 5240 3608 5316 gessit
3647 5231 3785 5325 cuncti

2315 5315 2538 5400 reddere
2577 5315 3182 5414 contpelletur.-Sicq-ue
3217 5342 3450 5411 cogitans
3479 5334 3578 5386 vias
3619 5315 3786 5414 suis:

2313 5447 2637 5491 convertens
2666 5435 2829 5504 pedes
2857 5451 2982 5489 suos
3008 5435 3060 5488 in
3106 5430 3404 5490 testimonia
3438 5411 3706 5504 Βοωίηίηάθ
3724 5404 3786 5504 Ψ

2313 5542 2432 5594 qme
2473 5500 2754 5595 perperi‘m
2795 5525 2924 5595 εὲῖῑ»
2959 5539 3052 5594 ρετ
3104 5525 3290 5592 dignos
3317 5508 3609 5588 poenitentia:
3631 5500 3781 5595 intenti

2313 5589 2539 5671 Domino
2565 5589 2619 5670 et
2653 5589 2907 5670 Ecclesia:
2934 5589 3248 5677 satisfaciat,
3278 5619 3326 5665 et
3349 5609 3409 5663 de
3434 5611 3604 5659 extero
3624 5589 3780 5680 θηξευξ

2311 5723 2438 5764 suos
2459 5707 2652 5777 dirigat
2679 5705 2973 5762 secundum
3012 5703 3223 5776 eloquia
3265 5693 3461 5755 Domini
3499 5701 3578 5758 per
3612 5677 3780 5750 Eram”
