4006 6338
184 364 296 432 769

1142 374 1230 430 DE
1266 371 1592 430 DIVORTIO
1624 369 1949 428 LOTHARII
1988 369 2076 426 ET
2116 370 2527 430 TETBERGIE.

3355 379 3461 438 770

148 453 329 557 “ejus,
362 478 577 541 nt'no'n
622 476 932 542 dominetur
961 483 1035 540 illi
1062 474 1240 541 omnis
1292 485 1555 554 injustitia
1595 481 1769 554 (Paul.
1800 483 1849 544 Α
1877 491 1932 537 et
1986 492 2189 552 quanto
2231 494 2315 539 est
2358 486 2594 558 dignitas
2636 489 2955 560 spiritalior,
3004 501 3155 548 tanto
3196 507 3460 553 ascensus

179 589 375 640 cxvm,
415 572 543 645 135)
570 590 590 605 '
626 577 847 631 imitans
868 590 1189 631 conversum
1227 575 1474 638 Paulum,
1501 573 1593 643 qui
1624 575 1692 627 de
1718 585 1778 627 se

180 666 322 720 dicit
354 666 464 721 :Et
507 666 566 721 in
595 658 684 722 ine
713 667 1096 737 glorifica’bant'
1122 667 1462 737 DeumfAct.
1494 665 1603 736 1x);
1636 664 1777 717 sicut

178 754 681 827 DominuS'jubet»:
710 756 906 811 Luceat
934 755 1029 811 lita:
1055 767 1225 812 vestra
1253 750 1776 833 coram'hominibus,

176 857 241 901 ut
269 848 480 903 uideant
528 864 687 919 opera
740 858 908 903 vestra
946 848 1103 915 bona,
1150 858 1200 903 et
1244 848 1537 920 gloriﬁcent
1566 845 1777 900 Patrem

174 929 416 995 vestrum
450 940 540 1010 qui
566 940 619 993 in
648 930 789 994 catis
815 948 889 994 est
918 938 1135 1012 (Matth.
1162 940 1361 1009 v.16).-
1444 970 1451 978 ι
1534 972 1539 981 σ
1589 954 1599 965 ³
1762 952 1774 979 ι

178 1040 193 1050 '
258 1027 502 1083 Tandem
526 1029 600 1082 de
629 1030 735 1094 his,
755 1024 883 1099 qua:
914 1031 966 1083 in
994 1031 1095 1084 hac
1116 1029 1341 1099 epismla
1367 1027 1676 1097 pervenisse
1705 1025 1774 1079 ad

176 1121 290 1174 hos
316 1121 760 1185 memoravimus,
793 1128 1054 1190 quantum
1096 1120 1323 1175 Domino
1364 1120 1679 1188 inspirante,
1708 1130 1775 1171 ex

175 1221 500 1265 sanctarum
526 1209 939 1281 Scripturarum‘
955 1216 1127 1280 atque
1137 1206 1775 1265 catholicorutnPata-um

176 1299 463 1364 doctrina,
501 1316 601 1371 pro
647 1311 831 1356 nostra
862 1294 1253 1356 mediocritate
1285 1299 1579 1360 sensimus,
1622 1309 1777 1350 com-

172 1389 424 1458 pellente
448 1388 680 1445 veritate
728 1399 784 1445 et
836 1390 1253 1459 superimpOSito
1275 1390 1282 1397 ’
1308 1384 1611 1442 ministerio
1638 1382 1779 1437 dixi-

175 1473 338 1544 mus,
362 1478 561 1535 nullius
597 1496 743 1535 sana:
771 1478 1184 1549 prtejudieautes
1210 1477 1515 1536 sententiae.
1549 1487 1651 1528 nec
1684 1471 1780 1527 de-

172 1569 517 1626 honorantes
539 1571 955 1625 auctoritatem.‘
972 1588 991 1621 ‹
1028 1567 1355 1639 Nequeenim
1373 1566 1656 1638 quisquam
1682 1568 1777 1615 no:

173 1664 484 1724 strum',"ut
512 1659 655 1714 olim
705 1652 1278 1731 sanctus'Cypt-ianus
1312 1658 1547 1711 .dise‘rat
1600 1653 1770 1723 (conc.

152 1750 441 1821 -Cttrtltag.
473 1751 532 1822 ι),
562 1753 877 1823 episc0pum
906 1764 965 1807 se
994 1767 1113 1808 esse
1154 1752 1532 1822 episcoporum
1570 1740 1773 1800 consti-

1876 572 2178 649 sublimior.
2227 591 2249 624 ‹
2290 574 2494 642 Nonus,
2551 577 2725 649 inquit
2780 580 2918 653 (cap.
2939 581 3020 655 9),
3074 584 3353 640 abusionis
3375 594 3462 641 est

1875 664 2096 733 gradus,
2128 679 2223 719 rex
2258 662 2516 737 iniquus.‘
2540 668 2765 724 Etenim'
2801 672 2983 743 regem
3030 689 3137 729 non
3189 675 3459 745 iniquum,

1876 754 1970 810 sed
2006 764 2373 811 correctorem
2405 758 2714 828 iniquorum
2763 777 2884 817 esse
2930 772 3183 834 oportet:
3230 765 3374 822 unde
3402 767 3458 823 in

1877 844 2168 917 setttetipso
2210 846 2471 912 nor'ninis-
2493 850 2599 904 sui.
2614 852 2951 923 dignitatem.
2977 857 3251 913 custodire
3276 858 3457 914 debet.

1876 933 2083 990 Nomen
2131 937 2274 991 enim
2324 937 2469 1008 regis
2512 938 2951 998 intellectualiter
2999 945 3102 1001 hoc
3152 948 3368 1012 retinet,
3399 957 3463 1004 ut

1876 1025 2135 1094 snbjectis
2170 1026 2424 1081 omnibus
2472 1029 2703 1085 rectoris
2731 1030 2963 1087 ofﬁcium
3020 1044 3290 1103 procuret.
3351 1036 3459 1093 Sed

1875 1116 2108 1186 qualiter
2136 1117 2271 1172 alios
2300 1117 2578 1188 corrigere
2602 1120 2820 1187 poterit,
2857 1123 2949 1192 qui
2980 1125 3226 1193 proprios
3255 1141 3456 1190 mores,

1875 1221 1951 1260 ne
1967 1206 2136 1277 iniqui
2157 1207 2296 1272 .sint,
2328 1218 2451 1263 non‘
2469 1209 2745 1279 corrigit?
2776 1214 3030 1281 quoniam
3060 1215 3269 1285 justitia
3316 1218 3460 1289 regis

1875 1295 2145 1352 exaltatur
2198 1296 2414 1362 solium,
2463 1306 2533 1352 ct"
2571 1301 2802 1355 veritate
2849 1301 3148 1358 solidantur
3178 1306 3454 1376 guberna-
3498 1298 3507 1302 ’

1876 1386 1999 1455 cuia
2043 1386 2386 1458 populorum.
2419 1386 2638 1445 Justitia
2678 1405 2808 1446 vero
2857 1394 3001 1463 regis
3042 1403 3149 1461 est,
3189 1397 3459 1454 neminem

1877 1476 2073 1546 injuste
2122 1492 2220 1545 per
2250 1478 2543 1547 potentiam
2599 1481 2928 1551 Opprimere,
2978 1485 3103 1559 sine
3148 1486 3464 1558 acceptione

1875 1583 2228 1637 personarum
2261 1570 2403 1629 inter
2432 1571 2621 1629 virum
2662 1581 2718 1627 et
2765 1575 3071 1643 proximum
3116 1592 3273 1633 suum
3309 1577 3461 1647 judi-

1877 1671 2042 1712 care:
2074 1651 2397 1724 advenis,'et
2416 1661 2655 1730 pupillis,
2678 1670 2734 1718 et
2759 1665 2934 1719 viduis
2959 1664 3295 1723 defensorem
3313 1683 3459 1738 esse,

1880 1750 2330 1816 furtacohibere,
2358 1752 2622 1813 adulteria
2665 1756 2879 1825 punire,
2913 1757 3127 1829 iniquos
3167 1775 3275 1815 non
3313 1762 3462 1815 exal-

174 1845 305 1908 t’uit,
344 1854 438 1898 aut
468 1821 985 1915 tyrannicoiterrore
1013 1845 1080 1900 ad
1102 1821 1451 1913 ‘obSeqnendi
1478 1837 1772 1912 necessita-
1806 1821 1852 1881 Β
1878 1852 2019 1909 tare,
2050 1844 2357 1914 impudicos
2385 1856 2442 1903 et
2470 1821 2762 1904 histriones
2783 1865 2888 1904 non
2912 1821 3144 1917 nutrire,
3177 1852 3373 1922 impios
3394 1855 3461 1908 de

172 1942 291 1990 tem
318 1935 551 2006 collegas
589 1939 716 1991 suo‘s
743 1936 930 2008 adigit,
961 1928 1191 2006 quando
1215 1935 1414 1990 habeat
1441 1931 1620 1987 omnis
1645 1929 1765 1998 epi-

175 2037 380 2094 seopus
416 2025 589 2095 (salvo
613 2040 710 2096 per
736 2026 915 2082 omnia
964 2027 1248 2098 privilegio
1273 2033 1477 2082 sancta:
1526 2031 1581 2078 et
1628 2036 1764 2092 apo-

173 2114 385 2169 stolica
416 2115 601 2185 prima:
627 2116 679 2170 iu
713 2124 825 2171 toto
849 2116 981 2171 orbe
1009 2124 1274 2175 terrarum
1293 2114 1566 2175 Romanae
1595 2111 1763 2176 sedis,

174 2216 344 2275 atque
386 2206 553 2276 ipsius
583 2196 853 2277 pontificis
889 2198 1073 2263 domni
1116 2206 1320 2262 Nicolai
1367 2220 1539 2277 papas,
1574 2212 1631 2257 et
1668 2204 1767 2257 de-

173 2306 330 2353 creto
354 2306 664 2354 sanctorum
708 2303 979 2355 canonum
1030 2310 1233 2354 sancto.
1266 2297 1471 2370 Spiritu
1502 2295 1764 2351 .conditoa

174 2389 346 2460 rum),
376 2394 477 2458 pro
509 2378 1029 2445 licentia'liberta'tis
1070 2378 1444 2459 et'pbtestatis
1480 2402 1592 2443 suae
1620 2385 1765 2441 arbi-

174 2479 347 2534 trium
375 2474 673 2550 proprium,
700 2490 809 2537 tam
831 2481 922 2551 qui
944 2481 1176 2552 judicari
1200 2482 1269 2535 ab
1303 2481 1409 2535 alio
1435 2495 1540 2534 non
1571 2477 1759 2549 possit,

177 2584 342 2639 quam
374 2582 472 2625 nec
496 2562 615 2641 ipse
638 2578 825 2640 potest.
843 2571 1077 2626 alterum
1114 2569 1460 2641 singulariter
1482 2568 1760 2638 judicare:

177 2659 277 2715 sed
303 2659 446 2714 sicut
473 2652 603 2714 dicit
624 2660 913 2731 Apostolus
932 2652 1114 2730 (Rem.
1147 2658 1281 2728 xiv),
1305 2656 1676 2726 unusquisque
1706 2656 1763 2710 in

178 2744 282 2805 suo
304 2765 468 2825 sensu
495 2750 807 2816 abundans,
822 2759 1197 2821 exspectemus
1224 2750 1463 2806 universi
1496 2748 1762 2818 judicium

178 2840 394 2897 Domini
423 2842 594 2897 nostri
624 2841 991 2903 JesuChriSti,
1023 2842 1113 2911 qui
1142 2857 1281 2896 unus
1318 2849 1372 2895 et
1415 2841 1561 2895 solus
1598 2839 1764 2894 habet

177 2924 613 3002 potestatem,‘.et
639 2920 983 3004 p'razponendi
1011 2947 1109 2987 nos
1138 2933 1190 2986 in
1235 2931 1492 2987 Ecclesiae
1516 2946 1627 2987 sua:
1665 2945 1763 3002 gu-

177 3014 521 3090 bernatione,
544 3022 599 3080 et
624 3025 690 3080 de
714 3015 835 3079 actu
856 3033 1055 3078 nostro
1083 3021 1380 3091 iudicandi.
1403 3038 1440 3074 Ἰ

1869 1941 2014 1988 terra
2062 1935 2309 2004 perdere,
2354 1936 2657 2005 parricidas
2695 1946 2748 1992 et
2779 1937 3117 2008 perjuranIes
3142 1942 3324 1998 vivere
3353 1959 3459 1999 non

1867 2022 2072 2090 sinere,
2118 2025 2380 2081 ecclesias
2411 2025 2738 2093 defendere,
2784 2043 3051 2099 pauperes
3099 2030 3454 2104 eleemosynis

1866 2111 2035 2178 alere,
2059 2112 2238 2183 justos
2284 2127 2447 2183 super
2492 2117 2643 2184 regni
2672 2120 2881 2189 negotia
2911 2121 3263 2187 constituere,
3296 2140 3458 2182 senes

1864 2211 1920 2258 ct
1934 2204 2211 2273 sapientes
2229 2215 2286 2260 et
2309 2205 2521 2262 sobrios
2543 2208 2882 2265 oonsiliarios
2911 2212 3129 2279 habere,
3152 2228 3454 2284 magorum,

1863 2302 1920 2349 et
1967 2294 2320 2361 hariolorum,
2380 2297 2925 2370 pythonissarumqne
2979 2303 3459 2373 superstitionibus

1866 2399 1973 2440 non
2002 2384 2301 2450 intendere,
2331 2387 2665 2443 iracundiam
2701 2388 2942 2453 dilerre,
2985 2393 3219 2461 patriam
3248 2394 3460 2449 fortiter

1868 2487 1925 2532 et
1944 2479 2094 2549 juste
2121 2488 2311 2539 contra
2337 2480 2678 2536 adversarios
2709 2480 3015 2543 defendere,
3055 2499 3153 2553 per
3187 2484 3369 2539 omnia
3402 2485 3457 2539 in

1867 2569 1979 2627 Deo
2026 2571 2232 2637 vivere,
2284 2571 2733 2641 prosperitatibus
2781 2588 2887 2626 non
2935 2573 3148 2629 elevare
3193 2576 3456 2640 animum,

1866 2666 2064 2713 cuncta
2097 2659 2322 2713 adversa
2350 2659 2620 2727 patienter
2666 2659 3022 2731 ferre,.fidetn
3050 2663 3375 2719 catholicam
3402 2666 3457 2720 in

1867 2748 2036 2802 Deum
2083 2746 2306 2813 habere,
2346 2747 2488 2803 filios
2530 2763 2659 2804 suos
2689 2764 2793 2803 non
2848 2750 3028 2806 sinere
3062 2750 3225 2827 impie
3268 2768 3457 2824 agere,

1866 2838 2032 2895 certis
2083 2838 2234 2894 horis
2289 2839 2627 2895 orationibus
2655 2840 2945 2907 insistere,
2983 2851 3109 2898 ante
3136 2843 3300 2899 horas
3326 2858 3460 2900 con-

1866 2942 2030 2997 gruas
2059 2943 2163 2982 non
2194 2937 2411 2997 gustare
2437 2929 2642 2984 cibum.
2675 2929 2765 2986 γω
2791 2932 3138 2999 επίηιίεννω,
3172 2935 3325 3004 cujus
3360 2952 3453 2990 rex

1754 3036 1763 3047 ι
1865 3027 1941 3071 est
1971 3033 2124 3085 puer,
2155 3028 2203 3071 et
2252 3017 2405 3087 cujus
2434 3020 2693 3096 principes
2740 3037 2895 3076 mane
2928 3022 3204 3077 comedunt
3253 3023 3456 3092 (Eccle.

187 3129 201 3139 ’
251 3113 369 3170 Hoc
395 3114 602 3169 tantum
629 3122 820 3171 omnes
848 3115 1094 3171 dominos
1129 3123 1183 3169 et
1211 3108 1628 3169 conSacerdotes
1663 3129 1762 3169 no-
1802 3153 1840 3184 _.
1869 3125 1927 3172 x,
1954 3109 2065 3179 10).
2098 3108 2223 3165 Haec
2250 3111 2399 3182 regni
2425 3113 2838 3182 prosperitatem
2867 3114 2921 3169 in
2954 3114 3207 3184 praesenti
3228 3114 3455 3184 faciunt,

180 3212 346 3275 stros,
369 3212 424 3260 et
446 3196 550 3259 nos
579 3219 702 3260 cum
729 3196 835 3260 illis
859 3206 1063 3276 pariter
1083 3205 1453 3270 admonemus,
1479 3212 1539 3258 ut
1565 3217 1763 3258 secun-
1790 3177 1838 3241 θ
1868 3208 1924 3253 et
1947 3177 2130 3270 regem
2156 3201 2225 3255 ad
2252 3177 2497 3257 coelestia
2545 3177 2707 3274 regna
2747 3177 2972 3260 meliora
3008 3206 3328 3276 perducunt.
3352 3177 3458 3275 Qui

182 3299 307 3351 dum
359 3297 770 3367 praeceptionem
806 3298 985 3369 magni
1032 3297 1230 3354 Leonis
1262 3308 1427 3367 papae
1456 3297 1525 3352 ad
1575 3296 1766 3351 Rustid

179 3380 308 3441 cum
338 3385 742 3443 Narbonensem
774 3382 1108 3457 episcopum
1162 3387 1333 3456 (epist.
1362 3378 1485 3456 95):
1536 3404 1555 3436 ι
1589 3384 1766 3442 In'his

178 3491 300 3547 qua:
342 3476 509 3532 dubia
555 3476 752 3532 fuerint
782 3472 885 3534 'vel
937 3477 1189 3543 obscura,
1222 3477 1274 3532 id
1318 3475 1632 3531 noverimus
1674 3489 1764 3529 se-

179 3566 477 3635 quendum,
506 3567 649 3638 quod
692 3581 793 3623 nec
839 3568 1123 3637 praceptis
1174 3565 1501 3637 evangelicis
1547 3572 1766 3629 contra:

68 3656 87 3671 '
180 3660 360 3724 rium‘,
408 3673 514 3715 nec
546 3656 794 3715 decretis
830 3665 1150 3715 "sanctorum
1202 3657 1511 3713 inveniatur
1568 3656 1766 3721 adver-

356 3746 359 3749 λ
838 3753 848 3763 ι

179 3764 328 3805 sum.
373 3766 395 3802 ὓ
644 3766 647 3769 ’
971 3771 975 3775 ’
1102 3770 1105 3779 ‘
1288 3784 1291 3787 ν
1418 3774 1437 3793 ἠ
1537 3766 1541 3777 “
1594 3770 1597 3785 "

184 3868 195 3879 -
249 3841 424 3896 Porro
444 3841 567 3910 quia
599 3840 929 3911 Redemptor
958 3846 1165 3904 noster,
1196 3837 1287 3908 qui
1315 3853 1408 3893 rex
1432 3839 1591 3897 nobis
1621 3838 1767 3908 pari-

177 3944 265 3990 ter
287 3943 345 3989 et
369 3934 619 3989 sacerdos
649 3933 761 3987 tien'
787 3932 1051 4004 dignatus
1070 3939 1172 3993 est,
1207 3928 1462 3989 sacerdos
1490 3929 1763 3991 videlicet,

180 4033 244 4080 ut
264 4038 365 4080 nos
395 4039 425 4078 a
453 4025 690 4093 peccatis
718 4024 1034 4079 hostia'sute
1050 4019 1323 4090 passionis
1338 4021 1615 4087 emendet,
1645 4035 1762 4085 rex,

179 4124 244 4169 ut
272 4129 498 4185 regnum
531 4113 686 4169 nobis
724 4109 965 4182 perenne
1012 4111 1241 4178 tribuat,
1285 4125 1619 4182 regnumque
1664 4125 1766 4166 nos

181 4206 296 4263 Deo
321 4216 373 4260 et
397 4207 705 4262 sacerdotes
732 4205 920 4271 faciat,
936 4221 1000 4261 ac
1024 4204 1172 4261 solus
1201 4214 1490 4272 utrumque
1507 4203 1766 4274 dignitate

179 4305 238 4350 et
260 4296 501 4362 nomine,
526 4310 619 4350 rex
642 4295 872 4359 scilicet,
888 4306 959 4352 et
988 4294 1243 4350 sacerdos
1262 4292 1626 4349 essentialiter
1647 4292 1764 4347 ﬁeri

179 4386 379 4457 potuit,
410 4385 517 4439 duo
564 4385 901 4456 providentia
936 4399 1034 4438 sua
1083 4383 1397 4448 constituit,
1428 4388 1505 4435 ut
1541 4390 1763 4436 sanctus

179 4472 430 4528 Gelasius
465 4474 533 4529 ad
569 4474 917 4529 Anastasium
956 4474 1336 4543 imperatorem
1363 4472 1601 4543 scripsit,
1636 4473 1759 4541 qui-

179 4561 285 4618 bus
315 4563 681 4633 principaliter
704 4564 935 4618 mundus
960 4563 1048 4619 hic
1078 4565 1305 4636 regitur,
1346 4564 1400 4618 id
1445 4572 1528 4620 est
1562 4572 1759 4637 aucto-

182 4656 399 4711 ritatem
444 4669 653 4710 sacram
702 4655 1043 4727 pontificium,
1078 4666 1136 4711 et
1160 4658 1383 4728 .regiam
1416 4665 1762 4728 potestatem,

179 4746 235 4801 in
293 4745 491 4815 quibus
536 4753 683 4800 tanto
734 4747 950 4816 gravius
1007 4748 1217 4817 pondus
1257 4754 1342 4803 est
1393 4749 1761 4816 sacerdotum,

178 4847 386 4909 quanto
418 4837 581 4893 etiam
607 4853 706 4907 pro
748 4838 882 4907 ipsis
921 4840 1137 4910 regibus
1172 4842 1449 4896 hominum
1496 4843 1550 4897 in
1581 4843 1764 4898 divino

180 4927 445 4982 reddituri
492 4936 618 4982 sunt
664 4930 915 4985 examine
962 4931 1261 4997 rationem,
1307 4932 1373 4987 de
1424 4933 1510 4987 his
1558 4933 1767 4990 duabus

179 5019 345 5090 707
403 5017 870 5075 excellentissimis
918 5020 1241 5091 dignitatum
1290 5023 1560 5091 personis,
1611 5024 1756 5080 beati

178 5108 437 5180 Cypriani
489 5109 758 5179 pontificis
802 5118 856 5165 et
908 5111 1165 5183 martyris
1210 5110 1427 5182 gloriosi
1466 5113 1760 5170 sententias

177 5198 309 5253 huic
340 5197 597 5268 opusculo
618 5199 939 5255 subnectere
959 5200 1178 5271 dignum
1208 5201 1480 5267 duximus,
1506 5211 1563 5255 ut
1585 5211 1762 5257 atten-

177 5291 370 5346 dentes
390 5290 457 5344 ad
484 5287 711 5344 formam
745 5290 827 5345 sui
864 5292 1117 5356 nominis,
1150 5301 1409 5360 quantum
1437 5292 1636 5362 patitur
1656 5293 1761 5346 hu-

178 5396 340 5436 mana
372 5380 658 5460 fragilitas,
706 5384 759 5438 in
788 5382 936 5438 nullo
965 5383 1269 5438 exorbitent
1291 5399 1319 5437 a
1351 5384 1532 5455 regula
1559 5385 1660 5440 sibi
1684 5385 1760 5441 ab

177 5471 373 5525 eodem
401 5471 657 5541 pontifice
689 5472 1031 5541 pontificum,
1059 5480 1115 5528 et
1141 5486 1268 5543 rege
1316 5488 1503 5544 regum
1552 5475 1761 5530 tradita:

179 5558 480 5627 dignitatis.
526 5559 619 5614 Ait
654 5561 801 5616 enim
846 5561 899 5616 in
949 5561 1088 5616 libro
1141 5563 1206 5616 de
1251 5562 1534 5618 duodecim
1581 5564 1785 5637 saeculi~

183 5648 440 5714 abusivis,
469 5650 648 5720 primo
671 5651 737 5706 de
762 5665 910 5723 rege,
938 5659 994 5707 et
1018 5660 1204 5722 postea
1238 5652 1305 5707 de
1332 5653 1608 5724 episcopo,
1638 5656 1762 5724 quia

184 5746 390 5810 quanto
421 5743 619 5817 gradus
644 5750 742 5819 est
788 5743 1006 5818 celsior,
1035 5751 1381 5820 tantopasus
1411 5752 1496 5801 est
1524 5746 1760 5817 gravior,

1784 4516 1843 4580 Β

1865 3304 1999 3345 vero
2022 3290 2343 3346 secundum.
2377 3291 2517 3347 hanc
2550 3293 2723 3363 legem
2774 3308 2880 3349 non
2931 3295 3231 3367 dispensat,
3261 3298 3459 3355 multas

1866 3379 2126 3434 nimirum
2160 3380 2517 3437 adversitates
2542 3382 2754 3453 imperii
2784 3384 3007 3440 tolerat.
3050 3386 3256 3441 Idcirco
3304 3388 3455 3444 enim

1865 3484 2009 3542 saepe
2032 3486 2136 3541 pax
2161 3473 2479 3541 populorum
2528 3473 2812 3543 rumpitur,
2843 3483 2897 3530 et
2924 3473 3247 3532 offendicula
3277 3476 3449 3532 etiam

1866 3558 1934 3612 de
1971 3573 2136 3628 regno
2163 3560 2519 3625 suscitantur,
2566 3568 2835 3629 terrarum
2878 3578 3097 3634 quoque
3135 3564 3344 3620 fructus
3369 3566 3455 3620 di-

1868 3648 2188 3704 minuuntur
2207 3674 2237 3714 ,-
2270 3656 2327 3705 et
2370 3650 2593 3705 servitia
2639 3651 2962 3722 populorum
3008 3655 3452 3724 praepediuntur:

1756 3782 1761 3795 .
1864 3738 2019 3793 multi
2044 3740 2204 3811 etiam
2230 3738 2453 3796 .dolores
2502 3744 2924 3812 prosperitatem
2973 3748 3124 3818 regni
3180 3749 3450 3817 inliciunt,

1864 3828 2150 3903 charorum
2176 3839 2234 3884 et
2282 3831 2573 3887 liberorum
2603 3842 2808 3891 mortes
2838 3835 3114 3891 tristitiam
3142 3837 3454 3905 conferunt,

1866 3921 2100 3977 hostium
2155 3922 2409 3979 incursus
2457 3926 2767 3995 provincias
2814 3928 3053 3998 undique
3090 3940 3328 3995 vastant,
3359 3930 3456 3986 be-

1866 4013 1984 4067 stia:
2037 4023 2406 4072 armentorum
2450 4024 2508 4069 et
2562 4031 2820 4085 pecorum
2886 4033 3079 4089 greges
3126 4021 3448 4086 dilacerant,

1869 4111 2220 4171 tempestates
2247 4104 2394 4159 veris
2427 4114 2481 4159 et
2509 4105 2717 4177 hyemis
2749 4115 3014 4165 terrarum
3065 4106 3453 4166 fecunditatem

1864 4203 1919 4248 et.
1945 4195 2112 4250 maris
2158 4196 2458 4251 ministeria
2492 4198 2802 4266 prohibent,
2834 4210 2890 4253 et
2940 4200 3235 4270 aliquando
3264 4202 3455 4256 fulmi-

1863 4301 1993 4341 num
2026 4287 2164 4342 ictus
2189 4297 2401 4357 segetes
2449 4296 2504 4343 et
2549 4288 2806 4364 arborum
2858 4289 3018 4346 ﬂores
3065 4300 3120 4347 et
3168 4294 3455 4363 pampinos

1862 4385 2114 4432 exurunt.
2143 4377 2319 4447 Super
2343 4380 2523 4434 omnia
2565 4395 2693 4435 vero
2735 4382 2877 4452 regis
2930 4382 3211 4452 injustitia,
3238 4398 3343 4441 non
3374 4399 3459 4439 so-

1866 4467 1975 4523 lum
2005 4461 2294 4539 praesentis
2321 4468 2533 4539 imperii
2560 4469 2754 4526 faciem
2786 4472 2977 4535 fuseat,
3004 4473 3098 4528 sed
3124 4472 3288 4529 etiam
3318 4473 3458 4530 filios

1872 4558 2009 4615 suos
2028 4568 2084 4637 et
2124 4562 2366 4630 nepotes,
2398 4576 2465 4616 ne
2510 4570 2634 4631 post
2678 4576 2737 4616 se
2787 4563 2940 4633 regni
2981 4564 3352 4619 haereditatem
3378 4574 3457 4620 te-

1872 4659 2060 4716 neant,
2088 4652 2364 4708 obscurat.
2395 4650 2622 4720 Propter
2661 4653 2931 4722 piaculum
2975 4655 3120 4710 enim
3150 4654 3457 4712 Salomonis

1872 4761 2097 4817 regnum
2131 4748 2324 4803 donius
2362 4745 2527 4801 israel
2552 4743 2814 4805 Dominus
2841 4746 2907 4802 de
2941 4747 3194 4803 manibus
3220 4747 3455 4804 filiorum

1870 4837 1990 4907 ejus
2017 4837 2292 4909 dispersit,
2346 4847 2402 4893 et
2429 4845 2649 4906 propter
2668 4835 2934 4906 justitiam
2965 4837 3134 4894 David
3182 4842 3346 4911 regis.
3376 4842 3459 4895 lu-

1871 4943 2095 4983 cernam
2121 4927 2190 4982 de
2212 4925 2421 4982 semine
2449 4926 2566 4994 ejus
2593 4940 2807 4996 semper
2836 4926 2890 4981 in
2918 4925 3221 4982 Jerusalem
3243 4928 3458 4997 reliquit

1865 5016 1983 5089 (III
2006 5016 2132 5087 Reg.
2158 5032 2235 5080 xi,
2260 5015 2371 5086 15).
2413 5015 2552 5070 Ecce
2581 5024 2840 5084 quantum
2856 5014 3067 5085 justitia
3092 5011 3234 5086 regis
3258 5016 3457 5072 saeculo

1862 5108 2027 5174 valet,
2060 5107 2396 5163 intuentibus
2442 5107 2729 5178 perspicue
2771 5113 2942 5177 patet.
2994 5105 3105 5161 Pax
3134 5106 3456 5178 populorum

1865 5208 1951 5255 est
1997 5207 2361 5254 tutamentum
2415 5198 2628 5269 patriae,
2663 5197 2983 5252 immunitas
3040 5195 3235 5267 plebis,
3281 5199 3459 5252 muni-

1866 5299 2108 5346 mentum
2132 5291 2330 5361 gentis,
2352 5305 2481 5345 cura
2505 5289 2843 5359 languorum,
2874 5288 3125 5359 gaudium
3155 5287 3456 5355 hominum,

1869 5380 2161 5449 temperies
2183 5380 2348 5445 aeris,
2380 5378 2647 5435 serenitas
2691 5377 2879 5441 maris,
2926 5385 3086 5432 terra
3129 5375 3453 5442 fecunditas,

1870 5474 2121 5530 solatium
2166 5487 2486 5545 pauperum,
2523 5469 2811 5525 haereditas
2852 5469 3104 5535 filiorum,
3132 5477 3188 5524 et
3215 5470 3459 5525 sibimet-

1870 5564 2006 5635 ipsis
2030 5578 2154 5634 spes
2178 5562 2380 5617 futuraa
2408 5558 2784 5614 beatitudinis.
2840 5559 3007 5630 708
3031 5559 3285 5614 Attamen
3317 5558 3458 5615 sciat

1872 5671 1967 5711 rex
1997 5652 2163 5725 quod,
2195 5653 2337 5707 sicut
2368 5650 2424 5704 in
2476 5649 2672 5704 throno
2699 5649 2980 5704 hominum
3009 5649 3218 5718 primus
3257 5649 3460 5704 consti-

1876 5755 2026 5804 tutus
2060 5752 2160 5811 est,
2195 5743 2274 5800 sic
2299 5740 2429 5798 etin
2460 5739 2661 5811 pomis,
2689 5739 2733 5796 si
2776 5737 3043 5810 justitiam
3087 5755 3195 5796 non
3245 5741 3455 5808 fecerit,
