4006 6338
639 350 738 406 771

1598 339 1947 395 'IIINCMARI
1986 336 2382 393 BHEME‘NSIS
2419 336 2937 394 ARCIIIEPISCOPI
3727 352 3804 408 πε

636 462 816 517 locum
879 459 1143 530 primatus
1198 456 1483 512 habiturus
1534 462 1636 507 est.
1695 453 1898 507 Omnes
1944 468 2216 520 namque,
2249 455 2293 512 A
2324 449 2414 518 qui
2445 449 2575 504 loris
2619 458 2764 513 sunt,
2796 448 3078 519 proferens
3123 451 3476 511 doctrinarum
3520 457 3694 516 ﬁdelem
3721 482 3803 523 scr.

637 565 990 622 quoscunque
1016 557 1331 618 peccatores
1377 545 1480 599 sub
1525 561 1583 599 se
1616 545 1667 597 in
1714 543 1985 617 praesenti.
2012 543 2219 606 habuit,

636 658 801 713 supra
860 657 919 695 se
963 641 1120 694 modo
1167 638 1360 708 plagali
1385 676 1400 703 ,
1456 636 1507 689 in
1556 636 1642 690 illa
1690 634 1867 689 futura
1915 647 2072 703 pinna
2125 633 2223 687 ha-

637 732 804 786 bebit.
1624 734 1627 737 ’

712 821 865 891 (Cap.
891 819 1004 890 to.)
1034 839 1052 870 ‹
1096 819 1347 873 Decimus
1369 818 1645 873 abnsionis
1668 817 1868 888 gradus
1899 822 1982 870 est
2012 815 2220 884 episco-

636 928 739 984 pus
767 896 1073 983 uegligens,
1090 913 1181 982 qui
1206 914 1402 982 gradus
1421 912 1502 966 sui
1525 912 1783 965 honorem
1809 911 1951 963 inter
1973 909 2218 963 homines

638 992 886 1073 requirit,
912 1005 1006 1059 sed
1038 1004 1323 1057 ministerii
1360 1003 1442 1058 sui
1490 1003 1806 1072 dignitatem
1858 1017 2040 1055 coram
2086 999 2217 1064 Deo,

638 1112 738 1166 pro
762 1111 872 1165 quo
920 1095 1188 1164 legatione
1230 1094 1493 1164 fungitur,
1529 1110 1635 1148 non
1665 1094 1921 1148 custodit.
1978 1093 2217 1146 Primum

636 1202 872 1257 namque
920 1187 988 1241 ab
1039 1188 1332 1256 episcOpo.
1387 1186 1515 1254 quid
1572 1185 1653 1238 sui
1707 1185 1940 1238 nominis
1987 1184 2219 1253 dignitas

639 1286 809 1341 tenet,
838 1276 1162 1346 inquiratnr.
1196 1276 1461 1342 Quoniam
1487 1275 1793 1343 episcOpus,
1824 1289 1945 1327 cum
1969 1272 2217 1327 Grarcum

637 1383 832 1422 nomen
861 1368 952 1431 sit,
984 1367 1281 1433 speculator
1306 1368 1712 1437 interpretatur.
1745 1365 1922 1431 Quare
1942 1378 2071 1417 vero
2094 1378 2216 1432 spe-

636 1461 850 1516 culator
903 1460 1143 1528 ponitur,
1190 1469 1246 1513 et
1286 1460 1412 1529 quid
1463 1475 1491 1511 a
1533 1458 1876 1525 speculatore
1901 1456 2216 1524 requiritur,

636 1554 898 1614 Dominus
921 1555 1034 1623 ipse
1062 1553 1318 1615 denudat,
1341 1566 1461 1605 cum
1494 1548 1595 1603 sub
1621 1547 1924 1603 Ezechielis
1946 1548 2221 1617 prophetas

636 1660 867 1716 persona
901 1645 1155 1712 episcopo
1190 1641 1346 1696 ot‘ﬁcii
1396 1641 1479 1693 sui
1512 1640 1775 1693 rationem
1806 1638 2111 1699 denuntiat,
2145 1636 2218 1690 ita

636 1735 924 1803 inquiens:
965 1733 1356 1802 Speculatorem
1400 1731 1518 1783 dedi
1561 1740 1610 1782 te
1650 1729 1828 1781 domui
1871 1727 2059 1781 Israel.
2113 1729 2220 1781 Au-

2322 554 2536 594 monem
2564 556 2577 603 ;
2607 548 2731 593 ante
2764 539 3128 608 episcopatum
3163 557 3266 596 non
3322 544 3491 613 plures
3514 548 3689 605 habens
3712 571 3807 610 uxo-

2322 644 2410 683 res
2436 644 2596 697 quam
2628 644 2788 682 unam
2819 646 2832 693 ;
2865 644 2970 682 non
2996 643 3303 698 percussor,
3345 649 3444 686 non
3478 634 3713 709 bilinguis,
3730 661 3806 702 ηοη

2320 720 2586 782 ebriosus,
2639 736 2745 775 ηοη
2798 720 3119 790 neophytus,
3170 730 3231 774 ut
3287 737 3383 790 per
3432 724 3536 780 haec
3582 730 3679 797 ipse
3701 736 3808 802 prius

2318 811 2568 871 ostendat
2593 810 2642 863 in
2668 825 2853 879 opere,
2885 811 3026 880 quod
3066 811 3199 867 alios
3247 812 3402 866 docet
3430 815 3479 868 iu
3505 832 3714 875 sermone
3742 826 3809 878 do-

2318 904 2507 957 ctrina:
2553 902 2604 973 (Ι
2634 902 2770 956 Tim.
2811 920 2894 969 ιιι,
2922 902 3073 974 2-7).
3107 903 3345 960 Caveant
3390 922 3510 977 ergo
3553 911 3811 981 negligentes

2317 992 2579 1063 episcopi,
2631 994 2776 1063 quod
2827 995 2881 1048 in
2928 1002 3170 1064 tempore
3196 996 3444 1050 vindicue
3488 999 3708 1056 Dominus
3742 1021 3811 1074 per

2317 1082 2634 1152 prophetam
2658 1082 3012 1151 conqueritur
3036 1100 3050 1136 :
3081 1082 3321 1137 Pastores
3346 1087 3490 1157 multi
3511 1089 3708 1143 demoliti
3723 1105 3808 1147 sunt

2315 1174 2562 1244 populum
2590 1190 2763 1227 meum
2804 1173 2939 1245 (Jer.
2963 1175 3085 1243 xu),
3115 1184 3163 1229 et
3211 1191 3315 1228 non
3362 1177 3617 1243 pascebant
3638 1192 3811 1249 pastores

2318 1279 2527 1334 gregem
2588 1281 2780 1329 meum,
2838 1265 2929 1318 sed
2980 1265 3262 1334 pascebant
3307 1277 3529 1334 pastores
3582 1273 3811 1340 semetipaos

2320 1354 2777 1425 (Exeduxxxw).
2809 1354 2913 1410 Sed
2955 1346 3135 1426 potius
3160 1368 3449 1424 procurent
3490 1359 3559 1421 hi,
3586 1376 3699 1427 quos
3716 1378 3811 1416 con-

2317 1445 2497 1501 stituit
2529 1446 2786 1503 Dominus
2811 1463 2973 1517 supra
3004 1448 3261 1501 familiaut
3294 1464 3469 1512 suam,
3500 1451 3617 1505 dare
3659 1452 3739 1505 illis
3760 1453 3811 1505 ci-

2320 1536 2447 1590 bum
2496 1536 2549 1589 iu
2592 1546 2833 1607 tempore
2871 1553 2969 1592 suo
3007 1553 3319 1592 mensuram
3372 1540 3527 1594 tritici
3573 1539 3699 1609 (Luc.
3726 1543 3811 1610 xu).

2318 1642 2507 1696 puram
2553 1628 2783 1692 scilicet,
2834 1637 2890 1681 et
2933 1629 3215 1697 probatam
3262 1629 3570 1695 doctrinam,
3595 1641 3810 1699 quatenus,

2319 1718 2570 1771 veniente
2589 1718 2832 1782 Domino,
2851 1728 3160 1772 mereantur
3181 1720 3398 1773 audire:
3424 1720 3579 1791 Euge,
3593 1737 3710 1775 serve
3723 1724 3812 1778 bene

638 1826 786 1879 diem
808 1842 928 1892 ergo
959 1840 1024 1878 ea:
1052 1841 1140 1877 ore
1171 1840 1283 1876 meo
1305 1836 1619 1884 sermonem,
1644 1820 1910 1873 nuntiabis
1940 1821 2013 1873 eis
2033 1837 2097 1873 ex
2117 1836 2214 1873 me.

2254 1794 2295 1852 Β
2322 1817 2369 1861 et
2401 1807 2594 1875 ﬁdelis,
2625 1808 2749 1876 quia
2777 1825 2937 1877 supra
2962 1826 3129 1876 pauca
3153 1809 3303 1878 fuisti
3333 1810 3520 1877 ﬁdelis,
3544 1828 3678 1880 supra
3695 1813 3809 1867 multa

637 1915 697 1971 Si
726 1929 897 1970 autent
929 1917 1118 1969 uideris
1140 1914 1374 1982 gladium
1402 1911 1703 1975 venientem,
1735 1921 1782 1964 et
1807 1920 1861 1963 tu
1886 1928 1989 1964 non
2018 1929 2223 1963 annun-

636 2007 850 2060 tiareris
889 2014 944 2056 ut
984 2013 1269 2056 rerertatur
1293 2002 1483 2070 impius
1524 2018 1555 2054 a
1600 2002 1684 2054 via
1723 2017 1843 2063 sua,
1884 2002 1992 2069 ipse
2013 2001 2223 2071 quidem

636 2096 828 2163 impius
853 2094 907 2146 in
946 2082 1219 2162 impietate
1257 2108 1352 2145 sua
1381 2092 1652 2153 morietur,
1703 2091 2008 2159 sanguinem
2047 2098 2222 2140 autem

637 2185 754 2253 ejus
784 2184 848 2236 de
875 2200 1037 2236 manu
1062 2194 1152 2235 tua
1188 2183 1468 2250 requiram.
1520 2179 1578 2235 Si
1623 2189 1799 2233 autem
1842 2191 1895 2232 tu
1940 2179 2223 2231 annuntiad

640 2272 791 2333 reris,
823 2282 868 2323 et
899 2271 987 2324 ille
1029 2287 1132 2323 non
1182 2270 1339 2339 fuerit
1382 2285 1633 2332 reversus,
1664 2271 1771 2337 ipse
1795 2268 2000 2337 quidem
2033 2267 2085 2318 in
2115 2266 2221 2319 ini-

637 2363 838 2432 quitate
860 2378 958 2414 sua
1000 2361 1274 2422 morietur,
1307 2360 1396 2411 sed
1438 2368 1492 2411 tu
1541 2359 1771 2410 animam
1803 2370 1948 2409 tuam
1990 2356 2222 2409 liberaui

636 2453 856 2524 (Ezech.
884 2468 1072 2516 χχχιιι,
1117 2450 1325 2520 17-19).
1354 2451 1519 2503 Decet
1559 2464 1689 2519 ergo
1723 2449 2055 2518 episcopum,
2099 2463 2220 2500 om-

639 2542 789 2597 nium
819 2543 961 2597 enim
992 2541 1298 2611 speculator
1323 2540 1528 2610 positus
1553 2549 1655 2601 est,
1685 2547 1903 2607 peccata
1939 2538 2222 2606 diligenter

644 2632 946 2687 intendere.
1001 2631 1269 2701 Audiens.
1295 2645 1447 2698 ergo,
1472 2638 1529 2682 et
1573 2630 1857 2698 postquam
1908 2628 2217 2690 attenderit,

646 2735 898 2775 sermone
928 2722 970 2775 si
996 2720 1234 2789 potuerit
1259 2728 1313 2773 et
1341 2728 1463 2773 actu
1490 2718 1786 2787 corrigere,
1818 2727 1872 2771 et
1903 2718 1948 2772 si
1989 2732 2091 2770 non
2124 2732 2221 2786 po-

638 2808 995 2875 tnerit,juxta
1035 2808 1305 2878 Evangelii
1341 2807 1599 2876 regulam,
1629 2807 1893 2861 scelerum
1941 2806 2221 2875 operarios

643 2899 937 2952 declinare.
973 2897 1033 2952 Si
1061 2899 1222 2955 enim.
1275 2899 1451 2966 inquit
1483 2898 1534 2950 in
1565 2898 1878 2966 Eiangclio,
1930 2900 2218 2967 peccaverit

634 2991 689 3042 in
717 2999 765 3041 te
793 2991 957 3057 frater
980 3000 1121 3053 tuus,
1150 2992 1354 3058 corripe
1407 2989 1559 3043 illum
1606 2991 1742 3043 inter
1771 3001 1821 3043 te
1848 3000 1894 3042 et
1926 2992 2092 3058 ipsum
2134 3007 2220 3044 so-

634 3077 765 3143 lum.
797 3075 854 3129 Si
882 3086 930 3130 te
967 3078 1210 3141 audierit,
1243 3078 1479 3132 lucratus
1509 3095 1561 3131 es
1589 3079 1807 3146 fratrem
1857 3090 2022 3131 tuutn.
2058 3080 2118 3133 Si
2166 3089 2216 3133 te

2321 1908 2369 1950 te
2381 1898 2723 1961 constituam;
2740 1898 2876 1954 intra
2893 1900 2944 1950 in
2960 1899 3212 1968 gaudium
3227 1898 3436 1952 Domini
3450 1901 3521 1953 tui
3535 1901 3710 1968 (Matth.
3724 1916 3811 1965 xxv,

2318 1989 2433 2059 25).
2460 2010 2477 2040 ι
2506 1989 2631 2045 limo
2666 1991 2899 2058 denique
2918 1990 3022 2043 duo
3043 1990 3145 2045 alia
3177 1991 3398 2045 abusiva
3439 2001 3811 2062 sequuntur,qua

2320 2080 2389 2134 ab
2422 2081 2646 2135 istorum
2670 2081 2834 2151 709
2864 2081 3210 2151 negligentia,
3226 2093 3280 2137 et
3302 2084 3532 2152 periculo
3547 2094 3812 2139 secretaesse

2321 2186 2426 2225 non
2468 2181 2716 2244 possunt.
2749 2172 2908 2225 Plebs
2930 2172 3179 2226 videlicet
3206 2175 3324 2226 sine
3346 2174 3624 2244 disciplina,
3642 2174 3749 2242 quod
3765 2174 3811 2228 ad

2321 2261 2640 2328 negligentis
2664 2242 2901 2329 episcopi
2929 2269 3173 2326 reatum;
3201 2261 3434 2330 Populus
3460 2242 3568 2317 sine
3584 2263 3696 2333 lege,
3713 2263 3810 2331 quod

2322 2352 2387 2403 ad
2417 2351 2558 2419 regis
2590 2348 2755 2418 iniqui
2783 2351 3103 2418 pravitatem
3132 2364 3243 2403 non
3266 2351 3482 2420 dubium
3502 2360 3576 2405 est
3594 2352 3807 2421 pertinere.

2322 2442 2427 2499 Sed
2450 2454 2505 2497 et
2530 2453 2653 2497 octo
2680 2459 2925 2508 numero,
2956 2458 3077 2513 quae
3108 2444 3227 2496 lucc
3257 2444 3529 2512 capitanea
3555 2443 3644 2497 duo
3666 2457 3809 2513 prece—

2321 2536 2477 2596 dnnt,
2518 2534 2571 2588 id
2613 2544 2714 2599 est,
2752 2536 2972 2603 sapiens
3007 2543 3065 2588 et.
3106 2535 3430 2604 prmdicator
3470 2535 3577 2589 sine
3607 2532 3809 2603 operibus,

2322 2640 2490 2680 senex
2539 2624 2656 2679 sine
2708 2624 2988 2694 religione,
3037 2624 3359 2680 adolescens
3407 2625 3517 2680 sine
3558 2622 3809 2684 obedientia,

2322 2718 2472 2773 dives
2503 2714 2620 2773 sine
2652 2717 3017 2788 eleemosyna,
3048 2716 3252 2773 femina
3281 2719 3398 2773 sine
3422 2717 3668 2787 pudicitia,
3692 2715 3809 2768 domic

2320 2824 2422 2863 nus
2469 2809 2587 2863 sine
2625 2809 2847 2872 virtute,
2892 2807 3239 2863 Christianus
3282 2807 3640 2872 contentiosus,
3668 2818 3810 2874 pauper

2321 2899 2605 2967 superbus,
2639 2899 2710 2952 ad
2748 2897 2851 2951 ista
2883 2898 2988 2951 duo
3023 2896 3285 2965 capitula,
3315 2896 3503 2965 quibus
3526 2893 3808 2966 principaliter

2320 2989 2553 3043 mundus
2597 2990 2685 3043 hic
2728 2989 2952 3059 regitur,
2983 2990 3096 3043 sive
3131 3004 3261 3043 cum
3304 2988 3458 3045 laude
3484 2995 3536 3043 et
3561 2982 3808 3057 gloria,site

2320 3096 2441 3134 cum
2484 3080 2877 3148 vituperatione
2913 3087 2968 3132 et
3005 3077 3237 3145 judicio,
3272 3078 3532 3149 respicere
3562 3078 3805 3146 diguoscun-

635 3184 741 3221 non
768 3168 1013 3230 audierit,
1036 3169 1231 3222 adhibe
1274 3179 1443 3222 tecum
1473 3170 1645 3223 adhuc
1669 3185 1829 3223 unum
1859 3170 1935 3223 vel
1961 3170 2116 3233 duos,
2156 3179 2212 3224 ut
2243 3150 2286 3211 Ο
2321 3183 2426 3225 tur.
2458 3170 2719 3238 Quoniam
2752 3169 3075 3239 episcopalis
3099 3170 3399 3226 auctoritas
3424 3163 3807 3239 pmdicandoviu

632 3258 688 3310 in
725 3274 815 3310 ore
838 3259 1064 3312 duorum
1091 3258 1167 3313 vel
1212 3261 1373 3312 trium
1411 3261 1617 3313 testium
1661 3268 1759 3313 stet
1800 3276 1949 3315 omne
1983 3262 2211 3315 verbum.

636 3344 694 3400 Si
719 3346 837 3400 illos
861 3365 962 3401 non
994 3349 1241 3413 audierit,
1290 3350 1375 3403 die
1402 3349 1654 3404 Ecclesia:
1676 3368 1695 3404 :
1719 3351 1764 3404 si
1795 3351 2084 3405 Ecclesium
2111 3368 2215 3405 non

636 3441 893 3505 audierit,
917 3443 980 3495 sit
1006 3442 1099 3494 tibi
1133 3442 1268 3495 sicut
1297 3442 1533 3495 ethnicus
1559 3451 1607 3494 et
1638 3442 1948 3511 publicanus
1995 3443 2212 3513 (Matth.

636 3546 795 3594 ιινιιι,
825 3531 1027 3600 lii-l7).
1059 3529 1175 3583 Tali
1203 3531 1397 3585 ordine
1435 3531 1786 3600 expcllendus
1829 3539 1931 3597 est,
1983 3533 2074 3600 qui
2100 3533 2216 3585 cui~

633 3636 850 3691 cunque
886 3621 1089 3675 doctori
1116 3621 1199 3676 vel
1224 3624 1476 3692 episcopo
1501 3623 1777 3679 adhzerere
1798 3626 2114 3679 contemnit.
2147 3625 2215 3680 Et

634 3715 727 3782 qui
763 3713 852 3767 tali
898 3715 1089 3768 ordine
1134 3714 1386 3785 expulsus
1433 3715 1615 3781 fuerit,
1657 3717 1725 3771 ab
1755 3716 1860 3771 alio
1909 3716 2090 3786 aliquo
2118 3717 2214 3771 do-

635 3816 786 3860 ctore
807 3808 921 3860 sive
942 3807 1195 3876 episcopo
1226 3808 1389 3877 recipi
1421 3824 1528 3862 non
1566 3810 1745 3863 debet.
1776 3809 1883 3877 Qui
1906 3826 2035 3882 ergo
2062 3811 2211 3865 illum

631 3899 1159 3952 exconnnunicatnm
1189 3914 1218 3951 a
1250 3899 1541 3963 catholico,
1588 3901 1678 3954 illo
1706 3917 1812 3956 non
1844 3903 2209 3972 permittente,

633 3989 734 4043 sibi
778 3986 975 4058 jungit,
1025 3986 1148 4056 jura
1183 3990 1472 4045 sacerdotii
1522 3992 1718 4055 sancti,
1760 3993 1904 4061 quod
1946 3992 2213 4047 Christia-

631 4094 823 4133 norum
856 4095 1024 4149 genus
1047 4080 1280 4136 electum
1311 4091 1413 4148 est,
1446 4084 1677 4138 excedit.
1713 4083 1825 4139 Hac
1868 4086 2076 4139 ratione
2104 4086 2214 4153 cpi-

631 4187 853 4242 scopmn
876 4174 942 4226 ad
965 4189 1080 4237 eos,
1108 4175 1305 4244 quibus
1332 4176 1384 4228 in
1423 4176 1846 4245 speculationem
1875 4180 2080 4245 positus
2108 4186 2209 4243 «ει,

628 4277 750 4317 csse
775 4273 1007 4332 oportet.
1038 4265 1303 4319 Caeterum
1326 4280 1476 4331 vero,
1498 4268 1673 4335 qualis
1702 4268 1755 4320 in
1784 4268 2075 4336 semetipso
2094 4283 2214 4322 esse

629 4354 846 4418 debeat,
876 4356 928 4409 in
956 4355 1073 4425 lege
1103 4356 1169 4409 de
1198 4357 1479 4411 sacerdote
1521 4359 1814 4411 scribitur:
1857 4356 2079 4410 Viduam
2119 4368 2213 4410 aut

632 4447 963 4514 repudiatam
1014 4463 1119 4500 non
1164 4449 1386 4516 accipiat
1428 4465 1641 4503 uxorem
1674 4432 1996 4519 (Leuit.xx1,
2025 4449 2098 4519 7).
2144 4449 2209 4502 Et

2315 3272 2369 3317 et
2403 3264 2587 3328 verbo,
2620 3273 2676 3317 et
2713 3264 2861 3333 regia
2902 3264 3135 3333 dignitas
3172 3266 3411 3335 regendo
3453 3272 3506 3317 et
3543 3255 3803 3326 corrigendo.

2314 3370 2549 3424 praeesse
2589 3370 2652 3409 ac
2694 3355 2953 3424 prodesse
2989 3355 3247 3411 omnibus
3287 3356 3493 3417 debent,
3521 3353 3600 3422 qui
3629 3343 3806 3416 discipli-

2316 3461 2464 3509 nam,
2502 3445 2554 3499 id
2598 3455 2683 3499 est
2728 3446 3033 3502 ordinatam
3077 3447 3488 3508 correctionem,
3526 3454 3575 3500 et
3611 3442 3805 3511 maiorum

2314 3536 2736 3605 praecedentium
2791 3536 3095 3606 regularem
3144 3538 3565 3594 observationem
3615 3530 3732 3600 sequi
3766 3534 3805 3580 ει

2314 3629 2606 3683 observan
2643 3629 2885 3699 cupiunt.
2932 3629 3038 3684 Eos
3080 3638 3267 3687 autem
3303 3632 3394 3701 qui
3433 3629 3596 3685 divina
3635 3626 3803 3679 dictaet

2315 3721 2494 3790 legum
2536 3720 2670 3775 scita
2698 3729 3071 3784 contemnunt,
3103 3722 3392 3792 episcopus
3429 3714 3693 3774 medicinali
3724 3724 3803 3764 nut-

2315 3825 2502 3876 erone,
2537 3819 2596 3864 ut
2626 3812 2927 3865 membrum
2954 3812 3229 3881 putridum
3263 3828 3292 3865 a
3327 3812 3467 3866 sanis
3502 3806 3802 3865 abscidere,et

2317 3918 2411 3956 rex
2438 3901 2682 3971 judiciali
2718 3901 2896 3971 gladio
2942 3902 3140 3971 impios
3173 3903 3333 3957 debet
3366 3904 3430 3955 de
3463 3909 3591 3954 terra
3623 3893 3798 3966 perdere.

2315 4005 2581 4064 quatenus
2610 4010 2638 4047 a
2677 4009 2890 4049 sununo
2918 3993 3140 4048 Pastore
3168 4004 3225 4049 et
3246 3993 3392 4063 Rege
3420 4005 3588 4062 regqu
3616 3999 3711 4041 cum
3732 3977 3800 4035 sibi

2315 4085 2537 4139 creditis
2574 4083 2764 4139 ovibus
2804 4094 2860 4139 et
2899 4082 3158 4151 subjectis
3199 4084 3258 4138 iu
3300 4084 3474 4138 futuro
3506 4096 3563 4135 ac
3598 4069 3801 4132 tremendo

2309 4176 2515 4244 judicio
2553 4184 2873 4230 mereantur
2905 4174 3109 4239 audire,
3141 4183 3202 4228 ut
3229 4174 3352 4228 boni
3379 4181 3432 4227 et
3458 4170 3620 4225 ﬁdeles
3637 4163 3742 4218 servi
3762 4158 3800 4213 in

2316 4269 2621 4323 ministerio
2643 4270 2695 4323 in
2723 4285 2833 4339 quo
2872 4266 3089 4321 fuerant
3116 4267 3414 4329 constituti,
3443 4266 3507 4318 ab
3530 4264 3628 4330 ipso
3648 4254 3715 4324 qui
3736 4263 3800 4339 eo?

2315 4358 2597 4413 constituit
2634 4337 2862 4413 Domino
2907 4356 3094 4412 ﬁdeles
3134 4356 3362 4420 inventi,
3410 4352 3588 4412 Venite,
3614 4337 3799 4401 beruditfl'

2319 4448 2498 4503 Patris
2535 4450 2658 4515 mei,
2684 4450 2930 4518 percipile
2969 4465 3185 4518 regnum
3211 4446 3353 4519 quod
3377 4445 3507 4500 vobis
3530 4446 3728 4510 paratum

631 4537 834 4592 Paulus
882 4538 1158 4608 apostolus
1209 4541 1449 4609 exponit,
1483 4550 1539 4594 ut
1585 4544 1652 4596 ad
1680 4508 1924 4612 ‘gradum
1967 4508 2206 4613 episcopi
2243 4508 2287 4564 θ
2314 4540 2378 4594 ab
2425 4541 2624 4611 origine
2666 4508 2852 4594 mundi
2892 4508 3110 4611 (Matib.
3152 4508 3282 4605 xx'v,
3312 4537 3424 4606 54),
3460 4531 3585 4605 quod
3618 4516 3798 4598 promisit

632 4627 878 4691 veniens,
905 4629 975 4681 sit
1009 4628 1241 4691 sobrius,
1270 4630 1530 4699 prudens,
1573 4642 1779 4697 castus,
1815 4633 2048 4701 sapiens,
2095 4648 2211 4686 mo-

630 4719 842 4784 destus,
892 4728 947 4772 et
994 4718 1294 4789 hospitalis,
1353 4720 1494 4776 ﬁlios
1540 4721 1744 4777 habens
1789 4723 2034 4778 subditos
2085 4738 2209 4778 cum

626 4811 779 4867 ontni
826 4811 1097 4877 castitate,
1129 4814 1495 4870 testimonium
1527 4815 1733 4872 habens
1770 4817 1972 4872 bonum
2025 4815 2094 4870 ab
2125 4814 2210 4871 his

2313 4633 2404 4701 qui
2450 4648 2557 4686 non
2603 4631 2863 4685 mentitur
2905 4631 3046 4687 Deus
3085 4630 3428 4702 diligentibus
3463 4640 3534 4689 se,
3560 4630 3606 4677 et
3637 4612 3797 4702 virittt

2314 4730 2504 4794 regnat
2525 4730 2651 4777 θηῑε
2671 4722 2874 4785 omnia.
2897 4729 2953 4778 el
2978 4737 3076 4793 per
3094 4724 3296 4789 omnia,
3325 4727 3378 4774 et
3402 4718 3455 4773 in
3479 4711 3636 4770 omnia
3658 4696 3796 4758 saltu“

2313 4814 2655 4871 saeculorum.
2690 4814 2883 4869 Amen.
