4006 6338
178 363 288 418 775

1260 366 1601 425 CAPI'I'ULA
1651 356 2128 425 PRESBYTEttIS
2169 371 2374 427 DATA.

3326 386 3433 443 774

1332 644 2254 760 HINCMABI

1219 851 1885 914 ARCHIEPISCOPI
1931 855 2416 916 RHEMENSIS

759 938 1737 1162 CAPITULA

1859 1034 2864 1177 SYNODICA.

967 1523 1131 1594 710
1159 1522 1500 1579 CAPlTLTLA
1536 1523 2012 1585 PRESBYTERIS
2048 1530 2234 1586 DATA
2268 1531 2458 1591 ANNO
2493 1534 2618 1594 852.

186 1687 193 1697 '
242 1678 400 1733 Anno
440 1673 544 1731 852
591 1672 844 1729 Kalendis
883 1673 1200 1730 Novembris
1246 1683 1512 1729 conventu
1560 1676 1744 1731 habito
1773 1690 1818 1748 Α
1849 1678 2112 1737 Similiter
2133 1685 2376 1740 ordinem
2404 1696 2459 1742 et
2483 1704 2672 1760 preces
2701 1691 2753 1747 in
2784 1697 3055 1767 exsequiis
3082 1708 3241 1771 atque
3262 1720 3420 1776 agen-

157 1773 609 1843 presbylerorum
670 1767 721 1820 in
784 1767 1063 1834 metropoli
1121 1767 1339 1820 civitate
1392 1767 1740 1833 Ilhemorum,

159 1864 315 1916 inter
362 1869 551 1914 caetera
601 1858 799 1911 nzonita
842 1857 1218 1919 saluberrima,
1251 1857 1376 1910 dum
1422 1858 1488 1910 de
1540 1857 1745 1926 legibus

157 1963 332 2021 atque
354 1952 513 2005 rebus
545 1948 925 2003 ecclesiasticis
955 1948 1021 2000 ab
1052 1948 1339 2001 liincmaro
1370 1948 1594 2016 prtesule
1628 1957 1741 2001 tra-

158 2050 426 2104 ctaretur,
464 2039 578 2093 haec
603 2039 656 2092 in
687 2037 874 2090 ultimo
902 2036 1104 2105 prolata
1136 2046 1261 2089 sunt
1291 2039 1562 2091 memoria:
1590 2052 1739 2092 com-

158 2129 491 2193 mendanda,
519 2135 573 2182 et
602 2140 945 2195 summopere
966 2127 1320 2179 observanda.

157 2237 297 2293 CAP.
338 2239 378 2293 Ι.
411 2269 483 2279 -
513 2236 577 2291 Ut
606 2237 889 2307 presbyteri
935 2237 1138 2289 discant
1178 2238 1547 2308 expositionem
1582 2237 1737 2308 Sym-

234 2310 342 2362 boli
381 2319 431 2362 et
478 2309 730 2362 orationis
769 2308 1087 2370 Dominicw,
1139 2324 1281 2371 etc.,
1327 2324 1445 2361 cum
1494 2307 1739 2378 Symbolo

231 2380 532 2432 Athanasii.

232 2490 309 2546 Ut
387 2490 753 2558 unusquisque
832 2488 1272 2559 presbyterorum
1347 2487 1739 2556 expositionem

161 2580 425 2654 Sylnboli,
467 2590 627 2649 atque
663 2580 924 2634 orationis
964 2580 1277 2643 Dominicae,
1304 2579 1455 2647 juxta
1496 2578 1740 2632 t:aditio—

159 2688 287 2727 nem
329 2672 750 2728 orthodoxorum
798 2670 1016 2725 Patrum
1064 2670 1274 2738 plenius
1318 2670 1510 2734 discat,
1542 2669 1737 2724 exinde

159 2765 502 2835 praedicando
547 2761 801 2834 populum
860 2762 960 2816 sibi
1007 2763 1354 2817 connuissnm
1408 2761 1595 2815 sedulo
1653 2762 1738 2815 in-

160 2866 353 2912 struat.
405 2855 780 2909 Praefationem
823 2870 1053 2923 quoque
1085 2854 1336 2918 canonis,
1387 2863 1443 2906 et
1485 2853 1733 2908 eumdem

161 2959 419 3005 curionem
444 2944 749 3013 fintelligat,
786 2954 841 2998 et
878 2944 1187 2997 memoriter
1224 2958 1288 2998 ac
1323 2942 1578 2997 distincte
1609 2958 1732 3010 pro-

1847 1772 1931 1825 dis
1961 1773 2335 1830 defunctorum
2355 1818 2369 1841 ,
2415 1795 2516 1835 nec
2553 1782 2730 1839 minus
2759 1788 3088 1844 exorcismos
3116 1800 3169 1845 et
3201 1772 3420 1851 benedi-

1846 1864 2053 1918 ctiones
2080 1882 2233 1935 aquae
2259 1878 2313 1945 c_t
2335 1869 2484 1924 salis.

1845 1952 1972 2007 (lar.
2000 1952 2067 2008 γ.
2094 1985 2163 1994 -
2195 1955 2274 2011 De
2300 1961 3019 2085 aquabomnliuiedbominico
3049 1978 3170 2024 ante
3202 1973 3413 2029 missam

2476 2047 2583 2084 enet
2607 2048 2717 2085 tcen
2759 2051 2811 2085 a.

2476 2047 2811 2087 enetttcenaa.

1921 2133 1991 2189 Ut
2020 2136 2164 2191 omni
2201 2136 2482 2193 Dominico
2521 2141 2605 2195 die
2640 2143 2870 2213 quisque
2907 2148 3188 2220 presbyter
3226 2151 3278 2205 in
3319 2169 3414 2207 sua

1841 2224 2068 2279 ecclesia
2099 2235 2222 2282 ante
2251 2229 2536 2285 missarum
2568 2232 2825 2288 solemnia
2853 2251 3047 2306 aquam
3075 2239 3411 2296 benedictam

1841 2313 2005 2369 faciat
2034 2317 2085 2370 in
2113 2332 2239 2372 vase
2270 2320 2442 2374 nitido
2465 2330 2519 2376 et
2546 2330 2694 2378 tanto
2721 2326 3024 2381 ministerio
3049 2333 3411 2399 convenienti,

1841 2402 1907 2457 de
1929 2420 2032 2472 qua
2060 2409 2290 2475 populus
2314 2408 2528 2465 intrans
2548 2414 2834 2469 ecclesiam
2858 2429 3178 2487 aspergatur
3201 2440 3213 2474 :
3243 2433 3298 2476 et
3322 2425 3413 2493 qui

1838 2494 2071 2550 voluerit
2103 2498 2155 2552 iu
2185 2500 2422 2555 vasculis
2456 2502 2570 2557 suis
2598 2502 2786 2560 nitidis
2814 2518 2881 2561 ex
2910 2508 2998 2562 illa
3027 2510 3325 2579 accipiant,
3350 2516 3411 2568 et

1837 2601 1936 2655 per
1971 2591 2300 2656 mansiones,
2347 2601 2405 2648 ct
2449 2609 2631 2663 agros,
2684 2605 2739 2650 et
2766 2598 2974 2663 vineas,
3020 2614 3183 2670 super
3213 2619 3409 2673 pecora

1837 2690 2049 2746 quoque
2074 2693 2167 2731 sua
2187 2718 2201 2744 ,
2231 2690 2392 2749 atque
2422 2695 2585 2751 super
2611 2685 2802 2754 pabula
2832 2702 3053 2754 eorum,
3102 2707 3329 2749 necnon
3357 2707 3412 2751 et

1837 2780 2000 2835 super
2024 2768 2175 2824 cibos
2202 2782 2256 2824 et
2281 2781 2466 2841 potum
2493 2790 2649 2829 suum
2676 2789 3053 2849 conspergunt.

2079 2877 2208 2933 CAP.
2239 2879 2324 2935 Vl.
2352 2911 2423 2922 --
2457 2883 2537 2939 De
2563 2886 2827 2942 thuribulo
2854 2899 2901 2942 et
2931 2892 3161 2957 incenso.

161 3035 303 3090 ferre
350 3036 559 3099 valeat,
613 3045 666 3090 et
726 3035 1000 3089 orationes
1054 3035 1376 3099 missarum,
1433 3032 1732 3101 apostolum

1913 2999 1985 3055 Ut
2009 3003 2186 3056 omnis
2223 3004 2506 3075 presbyter
2542 3009 2870 3066 thuribulum
2913 3021 2968 3066 et
3004 3013 3278 3069 incensum
3310 3021 3407 3071 ha-

161 3138 374 3194 quoque
413 3134 468 3179 et
506 3124 854 3193 Evangelium
886 3124 1020 3179 bene
1046 3126 1224 3192 legere
1254 3123 1424 3192 possit
1448 3141 1460 3176 :
1490 3122 1735 3178 Psaltno-

164 3230 276 3268 rum
306 3216 471 3270 etiam
507 3215 669 3270 verba
712 3223 763 3268 et
808 3214 1186 3270 distinctiones
1219 3215 1561 3285 regulariter,
1589 3224 1643 3268 et
1665 3229 1732 3268 ex

159 3309 359 3371 corde,
398 3322 520 3360 cum
570 3308 802 3361 canticis
848 3308 1337 3362 consuetudinariis
1382 3307 1734 3376 pronuntiare

154 3399 309 3452 sciat.
340 3396 451 3453 Nec
472 3414 577 3453 non
606 3406 661 3453 et
688 3411 991 3451 sermonem
1020 3398 1299 3453 Athanasii
1324 3399 1390 3453 de
1425 3400 1553 3464 lide,
1579 3399 1733 3467 cujus

156 3486 372 3540 iunium
410 3495 494 3541 est
523 3504 535 3539 :
568 3485 873 3557 Quicunque
901 3487 1006 3540 uult
1055 3490 1231 3542 salvus
1276 3504 1416 3552 esse,
1458 3490 1732 3543 memoria:

155 3576 386 3647 quisque
421 3580 789 3642 commendet,
836 3587 892 3633 et
924 3594 1141 3634 sensum
1176 3581 1316 3634 illius
1346 3580 1637 3650 intelligat,
1678 3588 1733 3635 et

154 3670 335 3725 verbis
364 3672 741 3749 communibus
768 3672 1051 3727 enuntiare
1078 3684 1263 3742 queat.

192 3785 353 3855 71],
374 3787 503 3841 Car.
533 3786 682 3839 ll.—
711 3786 785 3839 De
807 3788 1058 3841 scrutinio
1085 3800 1130 3840 et
1162 3788 1346 3841 ordine
1372 3787 1693 3858 baptizandi.

232 3899 300 3954 Ut
322 3902 655 3964 scrutinium,
675 3910 729 3954 et
748 3917 960 3955 onmem
983 3902 1225 3956 ordinem
1248 3903 1578 3972 baptizandi,
1597 3906 1727 3959 nulli

160 3992 381 4061 penitus
405 3996 560 4049 liccat
587 3995 851 4062 ignorare.

155 4103 289 4158 Car.
324 4104 408 4157 lll.
436 4138 499 4148 —
534 4107 613 4161 De
653 4107 957 4161 exorcismis
995 4108 1486 4163 cateclmmenorum
1508 4151 1524 4175 ,
1571 4119 1621 4163 et
1666 4110 1730 4165 de

230 4176 475 4241 baptismo
503 4178 849 4246 infirmorum.
882 4176 1018 4231 Item
1042 4179 1106 4231 de
1132 4179 1386 4246 fontibus,
1414 4194 1473 4232 ac
1500 4183 1633 4233 vasis
1661 4181 1728 4233 ad

229 4248 520 4314 corporalia
545 4259 593 4301 et
621 4246 791 4317 pallas
818 4247 1127 4301 abluendas.

230 4354 567 4412 Exoreismos
603 4366 658 4411 et
681 4356 954 4411 orationes
981 4358 1496 4432 adgcatechumenos
1526 4358 1723 4416 facien-
1755 4391 1800 4453 ο

157 4444 322 4508 dum,
353 4446 424 4499 ad
460 4446 636 4501 fontes
665 4461 879 4515 quoque
915 4450 1373 4515 consecrandum,
1413 4458 1469 4504 et
1505 4461 1729 4508 caeteras

157 4552 349 4606 preces
371 4554 534 4608 super
564 4538 832 4592 masculos
865 4546 921 4591 et
956 4538 1183 4593 feminas
1202 4580 1217 4605 ,
1254 4541 1536 4610 pluraliter
1565 4552 1729 4612 atque

160 4626 499 4687 singulariter
531 4668 544 4691 ,
601 4630 855 4682 distincte
907 4639 961 4682 et
1014 4630 1406 4685 rationabiliter
1456 4633 1730 4686 memoriae

158 4718 515 4774 eotlnnendet.
550 4717 814 4771 Similiter
838 4729 891 4771 et
914 4721 1157 4773 ordinem
1188 4720 1491 4790 baptizandi
1518 4722 1585 4776 ad
1609 4738 1731 4777 suc-

160 4809 481 4861 currendum
528 4806 775 4861 inﬁrmis.
833 4805 901 4859 Et
938 4808 1028 4875 qui
1058 4808 1500 4875 fonteslapideos
1528 4810 1730 4866 habere

161 4901 476 4969 nequiverit,
504 4915 598 4953 vas
624 4899 948 4953 conveniens
973 4900 1037 4953 ad
1070 4900 1171 4954 hoc
1197 4900 1530 4958 solummodo
1555 4902 1732 4972 bapti-

160 4994 313 5048 zatdi
342 4992 573 5047 cilicium
604 4992 827 5054 habeat,
864 5003 918 5047 et
955 4992 1204 5045 similiter
1234 4993 1302 5046 ad
1343 4993 1622 5060 corporale
1651 4994 1731 5047 la-

157 5091 412 5151 vandum,
437 5093 492 5139 et
511 5085 575 5137 ad
598 5083 765 5153 pallas
787 5082 993 5149 altaris,
1015 5084 1229 5153 propria
1255 5098 1381 5138 vasa
1405 5085 1727 5152 habeantur,

161 5178 215 5230 in
233 5178 440 5249 quibus
467 5174 599 5229 nihil
629 5174 771 5227 aliud
800 5173 915 5227 fiat.

150 5291 280 5349 Car.
311 5291 403 5345 IV.
425 5321 494 5336 -φ
523 5289 599 5342 De
627 5288 807 5342 ordine
835 5286 1225 5360 reconciliandi,
1257 5298 1302 5342 et
1332 5292 1557 5360 ungendi
1586 5292 1732 5359 infir-

222 5379 337 5415 mos
354 5375 372 5411 :
393 5362 555 5429 deque
571 5360 825 5429 exsequiis
842 5357 1228 5425 defunctorum,
1242 5369 1287 5412 et
1302 5361 1366 5413 de
1383 5357 1731 5416 b'encdicn'oIte

213 5433 354 5490 mlta
379 5441 428 5484 et
454 5445 624 5499 aqutc.

214 5542 485 5602 Ordinem
507 5538 910 5603 reconciliandi,
928 5538 1081 5608 juxta
1107 5540 1320 5594 modum
1348 5540 1450 5594 sibi
1472 5542 1730 5596 canonice

143 5643 515 5693 mser-Vatum,
542 5640 704 5701 atque
734 5632 966 5701 ungendi
1000 5632 1266 5699 infirmos,
1291 5635 1567 5690 orationes
1589 5652 1726 5707 quo-

1838 3092 1995 3158 beat,
2032 3101 2093 3146 ut
2122 3104 2364 3163 tempore
2389 3111 2497 3165 quo
2527 3098 2875 3170 Evangelium
2910 3103 3121 3173 legitur,
3164 3116 3218 3159 et
3259 3109 3415 3164 linito

1837 3183 2133 3251 offertorio,
2182 3202 2345 3257 super
2371 3188 2697 3245 oblationem
2725 3193 3033 3260 incensum,
3066 3206 3119 3249 ut
3152 3196 3204 3250 in
3238 3210 3408 3253 morte

1836 3275 2088 3332 videlicet
2112 3276 2509 3348 Redemptoris,
2538 3290 2722 3350 ponat.

1866 3410 1867 3415 “
1941 3407 2069 3464 CAP.
2102 3408 2299 3463 \’ll.—
2321 3408 2398 3464 De
2420 3427 2555 3481 pane
2581 3412 2648 3465 ad
2675 3412 2909 3485 eulogia:
2936 3414 3298 3473 benedicendo.

1910 3527 1979 3584 Ut
2007 3529 2073 3584 de
2101 3527 2320 3594 oblatis,
2350 3543 2471 3598 qua:
2498 3527 2799 3586 oll‘eruntur
2826 3547 2856 3586 a
2883 3531 3101 3602 populo,
3132 3546 3187 3589 et
3213 3550 3405 3591 conse-

1833 3621 2066 3680 crationi
2095 3630 2404 3690 supersunt,
2434 3623 2594 3693 712
2619 3624 2704 3679 vel
2731 3625 2798 3680 de
2823 3627 3072 3696 panibus,
3099 3642 3236 3697 quos
3262 3629 3410 3684 defe-

1832 3720 1960 3765 runt
1983 3711 2168 3768 lidelcs
2191 3715 2259 3768 ad
2283 3713 2591 3781 ecclesiam,
2615 3715 2699 3770 vel
2719 3724 2865 3771 certe
2885 3718 2951 3772 de
2972 3718 3102 3783 suis,
3126 3721 3410 3790 presbyter

1833 3803 2219 3864 convenienter
2248 3816 2429 3874 partes
2457 3806 2658 3863 incisas
2686 3808 2885 3863 habeat
2916 3808 2967 3862 in
2998 3824 3123 3864 vase
3153 3810 3323 3866 nitido
3351 3820 3409 3867 et

1833 3892 2208 3959 convenienti,
2249 3903 2300 3948 ut
2346 3903 2469 3963 post
2506 3896 2794 3951 missarum
2825 3897 3106 3963 solenmia,
3138 3900 3227 3968 qui
3260 3915 3408 3955 com-

1834 3986 2117 4039 municare
2162 4000 2267 4039 non
2313 3985 2532 4040 fuerunt
2576 3987 2791 4056 parati,
2842 3988 3082 4056 eulogias
3130 3992 3276 4045 omni
3319 3993 3407 4046 die

1832 4072 2134 4136 Dominico,
2176 4083 2231 4129 et
2269 4074 2321 4128 in
2359 4074 2548 4130 diebus
2576 4074 2747 4140 festis,
2777 4075 2972 4131 exinde
3000 4079 3288 4146 accipiant.
3337 4082 3407 4137 Et

1831 4163 1953 4227 illa,
2004 4163 2147 4217 unde
2190 4162 2432 4234 eulogias
2459 4166 2745 4236 presbyter
2774 4167 2998 4221 daturus
3034 4179 3146 4232 est,
3189 4179 3315 4223 ante
3347 4172 3403 4226 in

1832 4253 1945 4308 lucc
1974 4255 2135 4308 verba
2167 4255 2469 4320 benedicat,
2499 4265 2554 4310 et
2579 4257 2659 4312 sic
2686 4257 2988 4326 acceptoris
3017 4258 3327 4326 distribuat,
3351 4270 3406 4315 et

1834 4343 2003 4397 micas
2034 4359 2101 4398 ne
2129 4344 2342 4399 incaute
2368 4344 2603 4399 deﬂuant
2628 4348 2895 4402 custodiat
2921 4366 2935 4402 :
2967 4348 3191 4405 Domine
3219 4360 3405 4407 sancte

1832 4431 2011 4496 Pater,
2040 4433 2381 4502 omnipotens
2396 4436 2607 4489 'azterne
2636 4435 2792 4501 Deus,
2823 4437 3140 4491 benedicere
3167 4440 3406 4509 digneris

1830 4522 1974 4576 lmnc
1998 4538 2193 4592 panem
2226 4531 2314 4576 tua
2342 4532 2529 4579 sancta
2558 4534 2614 4578 et
2641 4525 2872 4595 spiritali
2904 4526 3301 4593 benedictione,
3348 4538 3406 4582 ut

1830 4611 1899 4665 sit
1930 4613 2181 4666 omnibus
2216 4627 2337 4666 cum
2376 4612 2512 4676 fide,
2547 4622 2602 4667 et
2637 4617 2971 4680 reverentia,
3012 4632 3074 4671 ac
3108 4619 3400 4688 gratiarum
3468 4620 3475 4626 ’

1831 4708 2043 4755 tuarum
2066 4703 2275 4756 actione
2298 4704 2635 4758 sumentibus
2655 4704 2801 4759 salus
2829 4707 3027 4762 mentis
3053 4717 3108 4761 et
3135 4710 3401 4778 corporis,

1831 4800 1993 4861 atque
2018 4802 2202 4847 contra
2229 4808 2421 4849 omnes
2446 4795 2682 4859 morbos,
2706 4804 2761 4850 et
2783 4797 3061 4853 universas
3083 4809 3401 4855 cunctorum

1831 4881 2171 4937 inimicorum
2190 4868 2427 4938 insidias
2461 4893 2838 4941 tutamentum.
2871 4886 2973 4940 Per
2996 4886 3280 4941 Dominum
3309 4904 3404 4943 no-

1832 4979 2003 5026 strum
2032 4971 2215 5029 Jesum
2246 4975 2520 5031 Christum
2558 4979 2752 5033 Filium
2795 4989 2942 5034 tuum
2964 5021 2978 5043 .
3017 4996 3213 5048 panem
3245 4982 3400 5046 vitaz,

1832 5063 1922 5131 qui
1968 5062 2035 5116 de
2086 5065 2223 5118 cmlo
2270 5067 2578 5131 descendit,
2629 5078 2684 5122 et
2735 5071 2826 5123 dat
2872 5071 3041 5124 vitam
3076 5085 3139 5125 ac
3173 5070 3402 5125 salutem

1831 5156 2060 5217 tumido,
2107 5167 2161 5209 et
2193 5166 2368 5212 tecum
2399 5159 2565 5223 vivit,
2613 5169 2667 5215 et
2709 5170 2896 5229 regnat
2933 5161 3076 5215 Deus
3109 5162 3161 5214 in
3197 5149 3414 5216 unitate.

1834 5238 2066 5324 Spiritus
2118 5253 2338 5318 sancti,
2417 5268 2514 5323 per
2575 5252 2756 5307 omnia
2811 5252 3007 5307 saecula
3060 5253 3399 5308 saeculorum.

1831 5344 2020 5398 Amen.

1832 5454 1960 5511 CAP.
1988 5454 2121 5509 Vill.
2163 5484 2234 5496 -—
2256 5454 2335 5508 De
2359 5453 2586 5507 homiliis
2614 5451 2673 5506 S.
2691 5450 2947 5522 Gregorii,
2979 5462 3027 5506 et
3052 5452 3116 5507 de
3143 5463 3399 5522 computo,

2294 5534 2550 5605 cantuque
2583 5522 2947 5577 ecclesiastico.

1904 5638 2165 5696 Homilias
2194 5636 2548 5709 quadraginta
2577 5635 2823 5707 Gregorii
2855 5636 3084 5707 quisque
3119 5637 3425 5706 presbyter-

143 5745 254 5800 quc
275 5727 459 5785 cidem
483 5724 790 5780 necessitati
812 5734 1177 5795 competentes
1199 5730 1512 5785 memoriter
1531 5731 1724 5786 discat.
1755 5727 1806 5787 D
1833 5733 2070 5789 studiose
2095 5730 2270 5800 legat,
2312 5737 2365 5783 et
2396 5727 2689 5799 intelligat;
2735 5738 2791 5782 et
2831 5736 2891 5781 ut
2933 5736 3224 5798 cognoscat
3251 5742 3311 5783 se
3339 5729 3406 5783 ad
