4006 6338
648 322 755 380 Ἶῗὸ

1625 314 1956 385 umerum
1995 311 2227 369 RHEME

2264 311 2387 368 iSIS
2422 313 2945 381 ARCHIEPISCOPI
3731 339 3809 401 πθ

648 441 878 513 formam
915 433 1251 506 scptuaginta
1292 432 1521 488 duorum
1559 430 1944 501 discipulorum
1978 430 2032 483 in
2065 427 2222 481 mini-
2253 426 2303 485 A
2329 422 2458 515 Car.
2486 426 2619 515 Xlll.
2646 428 2812 515 —_._Ux
2842 431 3185 515 presbyter-ra
3206 434 3407 503 publice
3432 446 3727 515 peccantibus,
3752 460 3807 510 ut

538 568 543 571 -
648 530 816 584 sterio
844 527 1211 582 ecclesiastico
1240 540 1362 580 esse
1389 534 1721 595 promotum,
1753 537 2058 577 sermonem
2091 537 2233 591 prte-

650 622 779 676 dicti
808 619 1045 675 doctoris
1072 618 1138 672 de
1163 617 1504 687 septuaginta
1531 615 1742 669 duobus
1766 614 2044 683 discipulis
2069 615 2100 668 ti
2128 613 2232 668 Do.

654 712 798 767 mino
825 712 890 772 ad
918 692 1316 780 praedicandum
1355 707 1537 762 missis
1568 702 1882 777 plenissime
1911 698 2118 772 discat,
2167 722 2232 763 ac

651 800 925 856 memoria:
950 798 1145 852 tradat.
1169 796 1435 867 Computo
1456 797 1618 851 etiam
1643 797 1972 877 necessario,
1994 806 2049 869 et
2068 806 2231 852 cantu
2264 823 2275 831 -

649 904 748 961 per
772 890 899 944 anni
924 888 1208 953 circulum,
1237 886 1554 958 plenissime
1579 887 1900 942 instruatur.

650 1003 779 1059 CAP.
808 1001 898 1057 IX.
921 1033 993 1043 --
1023 1001 1098 1055 De
1123 999 1425 1055 matulinali
1449 1000 1719 1071 adiciant
1754 997 2191 1071 [torisezrplendis
2208 1011 2229 1050 .'

720 1085 768 1128 et
811 1082 924 1146 post
964 1073 1181 1126 missam
1216 1071 1343 1142 quid
1384 1060 1538 1141 agere
1581 1060 1847 1139 presbiter
1886 1060 2067 1122 debeat
2105 1060 2231 1146 gnte

676 1198 679 1199 ,
719 1143 1021 1215 prandium.
1238 1196 1241 1197 ,

720 1254 864 1323 (lvo,
906 1269 960 1324 p.
990 1268 1067 1318 vn,
1097 1251 1219 1318 181,
1260 1267 1329 1330 ex
1359 1252 1421 1307 C.
1456 1251 1675 1316 Namn.,
1715 1250 1780 1304 de
1818 1248 2063 1305 celebrat.
2096 1249 2230 1327 Mis-

650 1362 853 1412 surum,
882 1360 934 1401 c.
966 1346 1019 1408 1,
1051 1359 1118 1400 ex
1144 1342 1488 1416 Agathensi.)
1534 1342 1692 1398 Mane
1719 1343 2024 1398 matutinali
2052 1341 2231 1399 cilicio

649 1434 883 1505 expleto,
929 1449 1157 1504 pensum
1204 1432 1643 1517 servitutis'sute
1681 1433 1927 1489 canendo
1970 1433 2227 1503 primam,

650 1525 887 1591 tertiam,
934 1532 1165 1590 sextam,
1205 1516 1512 1595 nonamque
1551 1516 1861 1596 persolvat:
1908 1523 1983 1579 ita
2022 1518 2229 1593 tamen,

649 1621 711 1669 ut
736 1625 924 1683 postea
952 1613 1102 1668 horis
1127 1612 1579 1685 competentibus,
1603 1614 1759 1683 juxta
1787 1615 2226 1695 possibilitatem,

650 1711 746 1758 aut
787 1718 820 1757 a
860 1718 941 1770 se,
988 1711 1084 1759 aut
1122 1704 1192 1759 ab
1230 1704 1828 1774 scholasticis‘publice
1869 1707 2224 1777 compleatur.

2404 500 2847 620 apazlnitentibus,
2878 500 3084 572 quo'eis
3111 500 3342 572 faveam,
3383 500 3579 566 munera
3603 500 3814 578 nouere;

2404 583 2525 620 utan
2553 605 2570 620 .

2401 583 2570 637 piam.

2405 675 2505 747 (De
2538 679 2782 747 simonia,
2823 696 2943 751 cap.
2981 681 3071 749 11,
3096 699 3164 741 ex
3185 684 3485 746 Alexandro
3507 692 3604 764 lll.)
3627 694 3815 759 Ulnemo

2331 770 2775 839 presbyterorum
2825 775 3074 849 exenium
3097 817 3112 842 ,
3160 776 3247 832 vel
3289 782 3620 854 quodcunque
3658 792 3815 851 emoti.

2332 858 2572 913 mentum
2616 860 2928 932 temporale,
2975 865 3086 921 imo
3133 868 3506 927 detrimentum
3544 877 3755 947 spiritale,
3792 901 3816 941 ε

2332 965 2656 1046 quocunque
2684 953 2900 1046 publice
2925 966 3185 1046 peccante
3209 962 3296 1016 vel
3323 963 3609 1025 incestuoso
3627 976 3814 1046 accipiat,

2332 1044 2575 1118 ut‘nobis
2614 1045 2699 1117 vel
2734 1046 2999 1117 ministris
3038 1044 3242 1109 nostris
3284 1066 3553 1126 peccatum
3585 1044 3815 1128 illiusreti.

2260 1178 2263 1180 .
2331 1141 2488 1187 ceat:
2517 1150 2617 1190 nec
2644 1153 2744 1207 pro
2769 1151 3018 1209 respectu
3058 1144 3318 1216 cujusque
3351 1164 3598 1219 personat,
3622 1165 3700 1212 aut
3719 1176 3814 1219 cca-

2329 1224 2732 1296 sanguinitatis,
2754 1230 2839 1285 vel
2862 1229 3270 1304 familiaritatis,
3293 1238 3478 1298 alienis
3495 1249 3697 1313 peccatis
3710 1268 3814 1310 eom-

2330 1315 2636 1403 municans,
2681 1318 2787 1375 hoc
2824 1322 2982 1379 nobis
3028 1324 3112 1380 vel
3156 1328 3420 1386 ministris
3444 1333 3813 1399 innotescerede—
3910 1315 3911 1373 1

2331 1411 2560 1502 tractet:
2586 1423 2687 1464 nec
2726 1425 2760 1465 a
2799 1426 3123 1486 quocunque
3167 1421 3465 1489 pmnitente
3507 1436 3595 1482 aut
3625 1435 3811 1502 gratiam,

2330 1505 2424 1549 aut
2452 1495 2717 1566 favorem,
2745 1512 2838 1557 aut
2860 1520 3058 1563 munus
3084 1511 3363 1582 suscipere
3381 1495 3663 1589 praesumat,
3684 1534 3732 1581 ut
3747 1495 3813 1582 mi;

2328 1588 2624 1686 nusdigne
2647 1594 3003 1662 pmnitentem
3029 1601 3099 1655 ad
3123 1606 3603 1668 reconciliationem
3627 1615 3810 1686 adducat,

2328 1685 2383 1732 et
2403 1678 2455 1733 ei
2485 1683 2873 1778 testimonium
2910 1696 3369 1755 reconciliationis
3395 1700 3548 1771 ferat,
3570 1715 3619 1762 et
3637 1678 3811 1778 quocum;

651 1785 857 1849 Deinde
888 1794 1124 1863 peractis
1155 1792 1445 1849 missarum
1468 1778 1774 1859 'solemniis,
1805 1803 1861 1849 et
1888 1795 2048 1851 fessis
2077 1795 2227 1850 inllr-

2264 1785 2306 1847 Β
2334 1784 2440 1863 que
2485 1771 2655 1830 livore
2700 1777 2868 1834 alium
2911 1784 3210 1852 quemlibet
3243 1788 3454 1861 dignius
3488 1771 3808 1863 pmnitentema

649 1886 755 1940 mis
780 1886 1039 1952 visitatis,
1073 1885 1140 1940 ad
1168 1901 1303 1957 opus
1328 1885 1527 1951 rurale,
1562 1895 1617 1940 et
1642 1885 1911 1955 quodsibi
1940 1888 2226 1958 competit,

648 1970 808 2032 exeat
822 1975 1066 2046 jejunus:
1090 1972 1150 2032 ut
1167 1977 1364 2033 lterum
1387 1978 1802 2033 necessitatibus
1821 1979 2230 2049 peregrinorum

652 2066 924 2136 hospitum
942 2105 958 2131 ,
998 2065 1113 2121 sive
1138 2066 1478 2122 diversorum
1504 2067 1957 2149 commeantium,
1988 2066 2232 2123 inﬁrmo-

649 2173 773 2213 rum
800 2173 1014 2229 quoque
1042 2167 1206 2229 atque
1232 2146 1997 2225 defunctorum,'succurrere
2024 2160 2245 2237 possit”

649 2263 823 2318 usque
852 2248 918 2303 ad
948 2258 1206 2305 statutam
1234 2249 1428 2304 horam
1464 2264 1564 2319 pro
1591 2249 1851 2319 qualitate
1882 2250 2139 2320 temporis
2176 2256 2234 2304 et

649 2339 1078 2409 opportunitate.
1220 2398 1223 2401 λ
1580 2328 1583 2331 ’

742 2424 885 2507 Car.
993 2439 1067 2492 -ὲ
1095 2451 1173 2507 De
1200 2418 1334 2520 cura.
1352 2413 1615 2524 bospilunt
1642 2414 1690 2509 et
1717 2456 2132 2526 peregrinorum.

720 2566 851 2637 (lvo,
882 2580 936 2636 p.
958 2581 1016 2632 v,
1040 2565 1172 2633 257,
1199 2582 1266 2622 ex
1286 2564 1490 2623 Concil.
1518 2566 1915 2638 Namnetensi.)
1947 2566 2018 2624 Ut
2041 2584 2249 2624 curam.

648 2654 941 2728 hospitum,
967 2655 1201 2711 maxime
1226 2658 1524 2726 pauperum
1550 2665 1711 2727 atque
1732 2656 2007 2721 debilium,
2033 2659 2245 2728 orpha-‘

651 2761 844 2801 norum
873 2759 1088 2817 quoque
1116 2754 1286 2816 atque
1314 2747 1724 2818 peregrinorum
1742 2748 1990 2814 habeat,
2024 2749 2245 2819 hosque?

649 2838 719 2892 ad
743 2840 1025 2909 prandium
1050 2828 1206 2895 suum
1233 2841 1474 2911 quotidie
1490 2840 1644 2911 juxta
1666 2843 2077 2911 possibilitatem
2099 2860 2232 2900 con-

651 2938 828 2994 vocet,
856 2930 1044 3000 eisque
1070 2931 1362 3000 hospitium
1389 2942 1761 3003 competenter
1788 2935 2009 2990 tribuat.

654 3039 818 3109 713
844 3037 973 3094 CAP.
996 3038 1090 3094 XI.
1124 3039 1204 3095 De
1233 3022 1400 3097 sacris
1426 3044 1727 3099 ministeriis
1755 3044 1825 3099 ad
1850 3028 2082 3100 taedium
2122 3062 2225 3101 non

682 3184 685 3189 ι
970 3116 975 3123 ·
1228 3176 1233 3181 μ
1332 3112 1544 3169 dandis.
1706 3188 1709 3191 ν

723 3218 845 3290 (De
875 3204 1191 3290 pignoribus
1242 3230 1293 3276 et
1352 3223 1471 3291 aliis
1525 3233 1694 3291 caut.,
1737 3241 1789 3282 c.
1826 3208 1907 3295 "l,
1950 3243 2019 3285 ex
2071 3246 2239 3289 conc.

657 3309 899 3382 Rhem.)
945 3310 1015 3365 Ut
1059 3311 1237 3368 nullus
1284 3315 1565 3385 presbyter
1614 3300 1907 3386 praasumat
1969 3322 2226 3392 calicem,

648 3399 734 3455 vel
773 3409 1051 3471 patenam,
1112 3411 1207 3456 aut
1247 3403 1444 3472 pallam
1505 3405 1732 3471 altaris,
1796 3409 1880 3462 vel
1927 3412 2226 3469 vestimen-

652 3499 767 3544 tum
815 3478 1190 3556 sacerdOtale,
1242 3500 1335 3547 aut
1383 3492 1580 3549 librum
1626 3496 2088 3568 ecclesiasticum,
2139 3513 2226 3558 ta-

650 3583 907 3657 bernario
952 3583 1039 3652 vel
1088 3585 1408 3654 negotiatori
1433 3602 1457 3654 ,υ
1499 3596 1595 3643 aut
1641 3586 1863 3647 cuilibet
1907 3586 2068 3660 laico,
2129 3596 2218 3651 vel

650 3672 888 3737 feminea,
937 3673 993 3728 in
1043 3673 1407 3731 vadimonium
1447 3678 1622 3735 dare:
1650 3681 1777 3750 quia
1810 3692 1956 3739 tanta
1987 3694 2071 3740 est
2100 3701 2226 3743 san-

651 3764 812 3820 ctitas
859 3766 1000 3821 sacri
1049 3767 1477 3835 ministerii,-‘ut
1521 3773 1671 3827 salva
1725 3774 1933 3831 altioris
1980 3781 2228 3852 mysterii

651 3855 1028 3927 intelligentia,
1076 3859 1239 3912 etiam
1270 3875 1367 3928 per
1395 3864 1711 3932 prophetam
1742 3865 2003 3924 Dominus
2037 3872 2225 3939 prohi-

650 3948 851 4019 buerig
882 3963 951 4004 ne
979 3965 1102 4005 eum
1132 3953 1334 4006 sanctis
1362 3955 1705 4011 vestimentis
1749 3961 2004 4015 sacerdos
2033 3977 2224 4031 proce-

649 4036 743 4091 dat
786 4038 853 4091 ad
891 4038 1164 4108 populum,
1212 4042 1305 4096 sed
1344 4043 1483 4098 intra
1529 4056 1714 4102 sancta
1758 4048 1847 4102 illa
1879 4050 2116 4107 dimittat
2157 4055 2227 4109 ad

647 4140 774 4182 eum
801 4143 831 4181 a
857 4129 1129 4198 colloquio
1150 4130 1332 4188 divino
1360 4134 1574 4190 rediens
1602 4137 1817 4207 (Ezech.
1846 4143 2015 4213 xuv).
2047 4143 2116 4198 Et
2139 4145 2226 4200 cui

651 4214 704 4269 in
738 4217 989 4274 tabernas
1013 4220 1080 4273 ad
1108 4220 1401 4276 bibendum
1426 4238 1456 4277 a
1483 4227 1656 4281 sacris
1684 4230 1982 4287 canonibus
2016 4232 2224 4304 ingredi

645 4307 998 4376 prohibetur,
1047 4313 1383 4370 sanctiﬁcata
1436 4333 1593 4374 sacro
1647 4322 1950 4380 ministerio
2000 4344 2105 4384 nec
2156 4332 2224 4385 ad

649 4399 1068 4469 contingendum
1109 4402 1420 4471 immundis,
1452 4419 1652 4479 quanto
1668 4394 1855 4471 'minus
1885 4418 1940 4471 in
1974 4422 2218 4478 vadimo-

644 4490 815 4554 nium,
845 4492 1101 4547 exhibere
1126 4492 1315 4551 debet?
1336 4498 1477 4553 sicut
1499 4500 1808 4572 Stephanus
1832 4518 2054 4566 sanctus
2076 4528 2215 4583 papa

598 4572 615 4589 '
645 4586 703 4632 et
731 4587 935 4649 martyr
966 4582 1301 4640 ad‘sanctum
1346 4587 1605 4647 Hilarium
1634 4596 1687 4648 in
1718 4597 1833 4653 suis
1855 4572 2219 4663 decretalibus

646 4669 827 4725 docuit
853 4671 1022 4744 (epist.
1054 4674 1128 4747 1).

645 4768 774 4836 CAP.
822 4782 935 4840 XII.
978 4817 1051 4827 —
1087 4787 1158 4844 Ut
1204 4791 1259 4846 in
1298 4795 1514 4852 ecclesia

680 4878 687 4883 -
716 4854 893 4938 nullus
925 4859 1226 4928 sepeliatur,
1263 4874 1310 4918 et
1342 4877 1397 4919 ut
1438 4884 1532 4938 pro

713 4934 888 4994 gatur.

1560 4802 1674 4856 sine
1701 4808 1976 4885 consultu
1990 4817 2217 4885 episcopi

1575 4873 1879 4943 sepeliendis
1925 4873 2057 4936 nihil
2102 4873 2214 4940 eali-

668 5114 673 5123 .
715 5034 788 5091 Ut
831 5054 988 5095 nemo
1026 5042 1463 5116 presbyterorum
1505 5067 1829 5125 quemquam
1880 5060 1934 5115 in
1981 5063 2217 5123 ecclesia

645 5127 871 5223 sepeliet
904 5130 1021 5186 sine
1054 5134 1300 5189 consultu
1331 5139 1571 5212 episcopi
1596 5184 1611 5208 ,
1636 5151 1879 5218 exceptis“
1908 5152 2217 5223 hujusmodi

642 5218 907 5312 duntaxat
947 5225 1215 5292 personis,
1260 5242 1399 5297 quas
1447 5232 1759 5305 singillatim
1786 5250 1845 5295 et
1868 5218 2122 5312 privatim
2155 5248 2211 5304 in

642 5310 847 5405 synodo
885 5313 1256 5385 signavimus:
1290 5335 1393 5377 nec
1438 5337 1538 5392 pro
1582 5310 1905 5398 sepeliendis
1954 5338 2213 5405 quiddam

640 5404 819 5459 exenii
865 5406 1047 5479 exigat
1083 5409 1168 5464 vel
1205 5421 1548 5484 extorqueat.
1578 5416 1637 5473 Si
1667 5422 1795 5490 quid
1818 5404 1999 5482 autem
2028 5428 2212 5499 altari,

639 5494 725 5549 vel
752 5495 1013 5561 ecclesiae,
1042 5509 1137 5555 aut
1159 5502 1262 5557 sibi
1292 5506 1464 5575 gratis
1493 5507 1732 5580 oblatum
1759 5514 1922 5573 fuerit
1946 5535 1977 5574 a
2004 5494 2213 5581 devntis

637 5584 989 5683 quibuslibet.
1036 5605 1160 5646 cum
1204 5590 1538 5667 benignitate
1574 5603 1817 5675 recipere
1845 5625 1952 5667 non
1986 5606 2211 5671 interdi-

636 5687 829 5729 (31111118.

2250 3131 2301 3198 α

2331 1858 2774 1924 reconciliatione
2816 1883 3095 1930 removeat
3121 1894 3134 1929 :
3156 1879 3285 1946 quia
3306 1858 3425 1937 'hoc
3460 1858 3755 1944 simoniacam
3774 1901 3810 1947 et

2330 1950 2442 2042 Deo
2466 1962 2521 2008 et
2542 1955 2852 2015 hominibus
2878 1962 3244 2024 abominabile
3270 1980 3373 2025 est.

2331 2082 2458 2141 CAP.
2485 2084 2718 2179 XIY._f
2741 2091 3015 2179 Quomodo
3036 2098 3092 2153 in
3116 2105 3365 2160 conviviis
3386 2107 3703 2179 defunctorum
3719 2116 3811 2171 alio-

2576 2175 2752 2217 rumve
2772 2163 3110 2222 colleclarum
3128 2186 3310 2241 gerere
3330 2193 3385 2231 se
3412 2163 3625 2237 debeant.

2401 2263 2489 2334 (Ι).
2524 2266 2624 2365 ⁵14,
2667 2269 2866 2327 Nullus
2902 2278 3345 2351 presbyterorum,
3397 2301 3461 2341 ex
3504 2287 3808 2365 Namnetensi.)

2236 2376 2243 2412 =.
2332 2346 2413 2450 U't
2445 2358 2625 2450 nullus
2669 2346 3114 2436 presbyterorum
3152 2373 3226 2429 ad
3273 2346 3670 2437 anniversariam,

2233 2474 2242 2482 ~
2328 2445 2417 2542 vel
2457 2449 2790 2542 tricesimum
2841 2458 3080 2526 tertiam,
3128 2461 3220 2518 vel
3245 2467 3520 2535 septimam
3544 2471 3724 2542 alicujus
3743 2445 3806 2526 de;

2330 2533 2522 2631 functi,
2571 2551 2666 2595 aut
2691 2558 3014 2617 quacunque
3040 2533 3326 2611 vocatione
3356 2558 3510 2631 714
3527 2561 3586 2616 ad
3602 2533 3804 2618 collectam

2278 2643 2291 2658 -
2329 2629 2636 2701 presbyteri
2668 2639 3045 2709 convenerint,
3070 2656 3131 2698 se
3160 2643 3431 2702 inebriare
3454 2629 3717 2719 praesumat,
3742 2665 3807 2706 nec

2329 2909 2645 2973 precatione
2690 2913 3026 2985 ingurgitare
3050 2938 3063 2973 :
3091 2936 3196 2977 nec
3221 2923 3441 2993 plausus
3464 2935 3515 2983 et
3539 2928 3658 2984 risus
3678 2928 3811 2984 incolt"

2331 2993 2495 3060 ditos,
2520 3005 2574 3050 et
2602 2997 2814 3058 fabulas
2846 3004 3036 3062 inanes
3066 3007 3141 3063 ibi
3172 3010 3377 3071 referre
3399 3025 3489 3071 aut
3516 3026 3697 3073 cantare
3715 3000 3805 3087 pre-

2330 3093 2529 3151 sumat,
2571 3103 2674 3144 nec
2697 3093 2874 3162 turpia
2905 3093 3031 3163 joca
3066 3113 3195 3155 cum
3231 3118 3360 3160 urso
3396 3105 3474 3160 vel
3516 3107 3803 3162 tornatricibrs

2335 3184 2461 3231 ante
2508 3193 2569 3234 se
2618 3180 2801 3239 facere
2849 3190 3163 3258 permittat,
3219 3211 3321 3252 nec
3361 3196 3526 3254 larvas
3565 3199 3803 3263 demolion,

2332 3281 2469 3335 quas
2492 3268 2653 3340 vulgo
2683 3272 3003 3351 talamascas
3037 3280 3247 3350 dicunt,
3278 3286 3349 3342 ibi
3378 3288 3620 3344 anteferre
3642 3302 3803 3344 consono

2332 3357 2431 3413 tiat
2459 3376 2473 3412 :
2495 3360 2623 3428 quia
2648 3363 2753 3419 hoc
2781 3365 3105 3426 diabolicum
3126 3383 3239 3440 est,
3267 3385 3323 3432 et
3349 3393 3380 3432 a
3404 3380 3561 3435 sacris
3583 3377 3799 3435 canonilu

2330 3448 2685 3540 prohibitum.
2729 3452 2836 3509 Sed
2860 3472 2986 3514 cum
3021 3460 3308 3522 honestate
3344 3477 3399 3524 et
3442 3469 3663 3540 religione
3693 3478 3799 3538 plin:

2331 3539 2475 3606 deat,
2508 3550 2565 3597 et
2590 3544 2658 3598 ad
2687 3555 2898 3617 tempus
2925 3551 2992 3605 ad
3018 3567 3173 3609 suam
3203 3558 3479 3614 ecclesiam
3505 3539 3675 3615 redeat.
3698 3558 3797 3613 Sun.

2330 3645 2562 3707 mopere.
2591 3634 2761 3691 etiam
2809 3640 3041 3711 quisque
3088 3659 3312 3714 cavens,
3357 3651 3490 3705 sicut
3521 3650 3580 3704 de
3606 3655 3794 3704 stater

2328 3723 2441 3800 vult
2487 3728 2758 3798 gaudere,
2804 3741 2864 3787 ut
2894 3720 3018 3789 non
3061 3752 3382 3811 quacunque
3423 3742 3696 3798 occasione.
3734 3741 3794 3787 ιιιι

2298 3882 2305 3889 ο
2327 3829 2512 3884 parem
2535 3834 2716 3887 suum,
2740 3832 2832 3877 aut
2855 3824 3018 3881 alium
3043 3832 3363 3898 quemlibet,
3392 3834 3454 3889 ad
3478 3834 3597 3888 iram
3620 3828 3793 3898 enixam

2327 3908 2412 3964 vel
2439 3913 2863 3979 contentionem,
2910 3929 3116 3987 quanto
3163 3924 3336 3992 magis
3357 3926 3421 3979 ad
3452 3912 3791 3996 pugnaw'velid

2327 4002 2527 4083 caedem
2568 4004 2750 4074 aliquo
2793 4010 2961 4065 verbo
2990 4011 3189 4080 irritet,
3222 4004 3313 4071 Seu
3342 4027 3595 4086 provocet,
3622 4025 3691 4068 ὀε
3709 4023 3813 4079 9'0"

2327 4088 2554 4149 vocatus
2602 4096 2667 4150 ad
2707 4096 2829 4154 hoc
2854 4101 3086 4171 quisque
3126 4106 3408 4175 prosiliat:
3435 4109 3547 4179 quia
3586 4108 3625 4162 it
3657 4098 3790 4156 talibus

2328 4186 2811 4243 comessationibus
2863 4199 2920 4245 et
2971 4196 3366 4263 potationibus,
3416 4200 3546 4253 sicut
3593 4185 3789 4259 irreligiOSi

2326 4270 2547 4340 faciunt,
2578 4292 2793 4348 semper
2813 4297 2872 4337 se
2896 4281 3166 4341 immiscet
3187 4290 3424 4347 diabolus
3445 4292 3521 4362 (ι).
3540 4288 3616 4353 il,
3637 4278 3787 4350 Ωιι-ιώ

2327 4364 2609 4435 presbyteri
2645 4383 2711 4423 ex
2740 4369 3135 4445 Namnetensi.)
3170 4378 3391 4445 Quando
3418 4391 3579 4435 autem
3600 4382 3785 4432 comem“

2249 4482 2303 4543 Β
2331 4453 2442 4508 rint
2477 4459 2779 4531 presbyteri
2808 4463 2876 4518 ad
2906 4465 3123 4536 aliquod
3154 4470 3472 4538 convivium,
3511 4464 3788 4527 decanumlll

2328 4545 2523 4616 aliquis
2548 4551 2698 4619 prior
2722 4553 2955 4623 illorum,
2981 4570 3204 4615 versum
3234 4571 3358 4619 ante
3384 4576 3595 4618 mensam
3619 4550 3784 4623 intuli“!

2322 4636 2379 4723 et
2422 4638 2599 4694 cibum
2640 4641 2921 4701 benedicat
2945 4665 2958 4701 :
2983 4657 3040 4703 et
3072 4658 3201 4708 tunc
3238 4653 3515 4708 secundum
3545 4660 3673 4705 suum
3693 4637 3787 4695 ortii'

2322 4745 2446 4808 nem
2489 4736 2839 4804 consedeant,
2892 4741 3030 4797 alter
3058 4745 3280 4802 alterius
3306 4747 3544 4802 honorem
3569 4741 3782 4812 parum“

2300 4824 2377 4875 ὀι
2412 4839 2509 4894 per
2538 4828 2937 4890 vicissitudines
2976 4835 3156 4892 cibum
3177 4848 3234 4894 et
3259 4848 3433 4909 potum
3460 4833 3734 4891 benedicens
3756 4826 3785 4874 ⁸

2327 4911 2524 4984 aliquis
2549 4916 2617 4972 de
2640 4920 2853 4978 illorum
2888 4925 3103 4985 clericis
3129 4929 3418 5001 aliquidde
3445 4934 3607 4985 sancta
3625 4920 3782 4978 lectioni

2326 5006 2501 5079 legat;
2534 5017 2736 5081 etpost
2773 5013 3123 5074 refectionem
3170 5021 3412 5076 similiter
3455 5025 3661 5072 sanctum
3685 5010 3782 5078 hyr

2325 5113 2455 5152 num
2496 5099 2696 5169 dicant,
2738 5105 2807 5158 ad
2839 5108 3149 5179 Exemplum
3189 5110 3391 5167 Domini
3417 5118 3467 5162 et
3492 5100 3779 5162 Salvatoristt=

2322 5189 2710 5260 discipulorum
2747 5194 2884 5266 ejus,
2938 5199 3081 5255 sicut
3108 5202 3259 5256 illum
3286 5200 3335 5255 in
3358 5212 3498 5255 cinna
3521 5195 3674 5249 fecisse
3690 5187 3776 5253 1⁸8⁸

2321 5293 2445 5334 mus
2487 5279 2705 5351 (Matth.
2739 5286 2912 5359 xxVI).
2942 5287 3010 5343 Et
3039 5291 3118 5347 sic
3138 5307 3197 5348 se
3219 5290 3509 5347 contineant
3532 5293 3681 5339 omnes
3701 5286 3778 5344 ρκ’

2324 5371 2531 5459 sbyteri
2572 5373 2629 5428 in
2671 5378 2818 5432 omni
2856 5378 2998 5447 loco,
3048 5383 3278 5437 maxime
3309 5380 3359 5436 in
3396 5376 3584 5438 talibus,
3612 5382 3667 5426 ne
3687 5362 3779 5419 sic“

2325 5462 2456 5518 dicit
2502 5463 2819 5535 Apostolus,
2865 5470 3202 5541 vituperetur
3245 5466 3567 5527 ministerium
3604 5460 3779 5517 nostrum

2322 5550 2409 5622 (11
2434 5552 2557 5608 Cor.
2582 5556 2678 5627 vr).

3012 5748 3211 5761 —_
