4006 6338
164 336 259 391 777

1227 329 1567 391 CAPITULA
1600 324 2077 383 PRESBYTERIS
2114 326 2321 384 DATA.

3299 336 3401 395 778

159 452 291 508 Car.
327 450 443 507 XV.
467 483 537 493 -—
563 450 705 530 Quid
748 451 1034 530 cauendum
1069 449 1137 504 sit
1161 449 1493 530 presbyteris,
1520 440 1729 517 quando
1757 440 1809 499 Α
1833 453 1995 530 unam
2040 439 2411 496 tantummodo
2438 441 2697 509 oblatam,
2727 451 2781 499 et
2826 441 3158 501 oﬂ'ertorium
3199 462 3300 518 pro
3346 463 3409 505 se

437 539 535 593 per
574 520 842 576 Kalendas
870 520 1007 574 inter
1033 536 1088 575 se
1117 520 1448 574 conveniunt.

228 632 322 705 (ι).
366 632 458 686 lt.
497 631 723 698 Quando
764 631 1069 702 presbyteri,
1111 645 1180 686 ex
1221 629 1619 702 Namnetensi.)
1666 627 1739 685 Ut

162 721 383 791 quando
412 721 711 792 presbyteri
749 736 847 790 per
877 720 1146 776 Kalendas
1175 720 1336 775 simul
1363 721 1736 787 convenerint,

160 822 287 883 post
319 820 596 882 peractum
640 812 880 867 divinum
918 812 1259 883 mysterium,
1290 819 1345 867 et
1374 812 1738 868 necessariam

157 903 529 969 collationem,
554 917 661 958 non
688 903 842 973 quasi
866 901 931 957 ad
954 903 1236 973 prandium
1266 902 1342 959 ibi
1380 903 1449 959 ad
1500 902 1737 958 tabulam

156 993 472 1058 resideant,
512 1001 567 1047 et
606 1006 705 1063 per
738 991 874 1048 tales
907 991 1351 1048 inconvenientes
1386 992 1643 1063 pastellos
1678 1006 1740 1048 se

155 1085 399 1140 invicem
424 1093 666 1156 gravent,
694 1085 820 1154 quia
849 1085 1192 1139 inhonestum
1219 1094 1302 1139 est
1345 1093 1401 1139 et
1424 1098 1735 1140 onerosum.

157 1171 322 1243 δεῖρε
357 1175 499 1229 enim
531 1173 681 1227 tarde
711 1173 777 1227 ad
802 1172 1059 1228 ecclesias
1085 1189 1212 1229 suas
1243 1173 1535 1228 redeuntes
1566 1165 1741 1241 majus

152 1262 424 1317 damnum
453 1263 520 1316 de
549 1262 971 1332 reprehensione
1006 1263 1355 1333 conquirunt,
1378 1264 1523 1319 etde
1546 1278 1741 1334 grave-

153 1350 289 1405 dine
333 1358 518 1404 mutua
569 1350 918 1416 contrahunt,
956 1365 1117 1420 quam
1146 1351 1357 1407 lucrum
1388 1352 1482 1407 ubi
1513 1352 1737 1408 faciant.

150 1441 295 1497 Nam
332 1442 398 1497 de
423 1426 727 1511 huiusmodi
757 1452 1049 1510 conventu,
1094 1445 1186 1514 qui
1216 1445 1317 1500 sub
1338 1440 1614 1516 religionis
1642 1446 1744 1502 ob-

149 1541 313 1587 tentu
348 1533 629 1604 agebatur,
676 1532 877 1589 Paulus
916 1534 1192 1604 apostolus
1238 1535 1624 1591 convenienter
1648 1549 1740 1589 re-

147 1623 447 1693 prehendit
473 1623 782 1679 Corinthios
802 1622 854 1694 (I
879 1623 1137 1694 Cor.'xi),
1171 1625 1264 1695 qui
1294 1624 1740 1680 inconvenienter

148 1728 372 1769 caenam
399 1714 731 1770 Dominicam
754 1717 1085 1772 manducare
1110 1717 1525 1773 conveniebant.
1570 1716 1663 1772 Sic
1683 1726 1739 1772 et

1838 528 2058 598 suisque
2082 530 2332 586 omnibus
2375 531 2676 602 conjunctis
2711 542 2767 588 et
2810 533 3167 592 familiaribus
3191 536 3407 593 otl'erat.

1840 616 1895 673 Si
1921 618 2040 687 plus
2068 620 2133 673 de
2174 620 2298 675 vino
2325 621 2554 675 voluerit
2596 622 2649 676 in
2679 623 2939 679 butticula
2966 625 3053 680 vel
3079 640 3286 693 canna,
3316 635 3412 682 aut

1834 708 2019 778 plures
2057 709 2296 775 oblatas,
2342 720 2438 765 aut
2476 720 2598 766 ante
2629 712 2851 768 missam
2894 723 2986 769 aut
3014 722 3139 785 post
3183 716 3409 771 missam

1835 800 2152 872 presbytero
2176 800 2258 855 vel
2298 802 2545 858 ministro
2575 804 2717 861 illius
2753 806 2980 871 tribuat,
3010 807 3153 863 unde
3179 808 3412 879 populus

1836 889 1891 944 in
1922 889 2264 962 eleemosyna
2295 899 2351 946 et
2392 891 2764 949 benedictione
2807 895 2951 949 illius
2988 896 3227 968 eulogias
3268 896 3413 955 acci-

1836 983 1971 1053 piat,
2002 982 2088 1037 vel
2135 983 2414 1055 presbyter
2461 984 2888 1053 supplementum
2933 986 3151 1057 aliquod
3192 988 3413 1045 habeat.

1836 1070 2029 1128 Pastos
2053 1082 2232 1128 autem
2272 1083 2328 1129 et
2366 1074 2816 1141 comessationes,
2844 1089 2977 1145 quas
3019 1076 3200 1133 divina
3227 1086 3418 1135 aucto-

1840 1164 1974 1219 ritas
2016 1173 2183 1231 vetat,
2226 1165 2318 1219 ubi
2350 1172 2406 1219 et
2444 1166 2795 1237 gravedines,
2823 1174 2878 1222 et
2905 1168 3156 1224 indebitae
3176 1169 3418 1226 exactio-

1838 1271 1958 1322 nes,
1984 1264 2040 1311 et
2066 1265 2250 1326 turpes
2274 1271 2340 1312 ac
2358 1257 2546 1313 inanes
2571 1258 2769 1315 laetitiae
2796 1268 2851 1314 et
2879 1260 3032 1321 rixas,
3061 1276 3202 1331 saepe
3225 1262 3413 1328 etiam,

1840 1346 1978 1402 sicut
2003 1348 2211 1418 experti
2240 1364 2445 1414 sumus,
2473 1364 2645 1419 usque
2689 1351 2755 1405 ad
2791 1351 3080 1407 homicidia
3116 1360 3172 1408 et
3210 1352 3332 1407 odia
3360 1361 3420 1409 et

1840 1437 2194 1495 dissentiones
2221 1440 2464 1495 accidere
2492 1439 2688 1506 solent,
2726 1441 2861 1497 adeo
2889 1443 3104 1512 penitus
3140 1444 3420 1500 interdici-

1838 1544 1960 1584 mus
2006 1536 2068 1583 ut
2108 1529 2199 1599 qui
2245 1529 2312 1584 de
2351 1537 2547 1585 czetero
2575 1531 2679 1586 hoc
2725 1546 2885 1603 agere
2915 1534 3341 1604 praesumpserit,
3370 1536 3420 1592 si

1838 1626 2120 1693 presbyter
2165 1619 2355 1684 fuerit,
2390 1621 2470 1675 vel
2519 1621 2745 1691 quilibet
2789 1623 3053 1692 clericus,
3100 1626 3267 1697 gradu
3307 1628 3423 1698 pri-

1840 1718 2020 1777 vetur,
2051 1710 2094 1765 si
2130 1708 2318 1776 laicus,
2346 1709 2430 1765 vel
2460 1711 2659 1767 femina
2699 1728 2870 1784 usque
2896 1716 2964 1770 ad
2990 1715 3418 1773 satisfactionem

148 1807 251 1876 qui
297 1807 365 1862 ad
405 1821 619 1863 coenam
666 1808 1025 1874 Dominicam,
1061 1810 1115 1865 id
1156 1819 1241 1865 est
1285 1811 1353 1865 ad
1390 1809 1734 1865 collationem
1768 1780 1816 1840 Β
1844 1813 2144 1875 separetur.
2187 1804 2497 1885 Conventus
2525 1816 2705 1862 autem
2750 1809 2936 1863 talium
2980 1810 3335 1875 confratrum,
3369 1811 3421 1868 si

149 1901 314 1956 verbi
354 1901 455 1956 sub
486 1902 773 1959 occasione
818 1905 1169 1970 conveniunt,
1197 1913 1251 1959 et
1270 1920 1337 1960 ex
1361 1905 1590 1960 veritate
1613 1920 1740 1960 ven-

147 1992 254 2046 tris
298 2006 460 2047 causa
500 1991 919 2062 coniunguntur,
966 1995 1419 2065 reprehensibiles
1453 2005 1737 2051 etocoram

149 2078 267 2135 Deo
292 2089 351 2135 et
376 2095 560 2136 coram
597 2082 904 2139 hominibus
939 2083 1226 2139 habentur.
1254 2084 1322 2139 Et
1349 2085 1470 2140 ideo
1499 2084 1737 2155 peractis

150 2170 432 2235 omnibus,
482 2170 572 2240 qui
622 2171 912 2237 voluerint,
961 2188 1156 2244 panem
1211 2188 1334 2229 cum
1375 2174 1639 2230 cbaritate
1682 2183 1740 2230 et

149 2260 453 2330 gratiarum
483 2261 696 2316 actione
721 2262 773 2315 in
798 2263 960 2317 domo
981 2263 1277 2319 confratris
1307 2266 1389 2321 sui
1433 2265 1591 2320 simul
1612 2280 1737 2321 cum

148 2348 423 2407 fratribus
448 2352 562 2407 suis
588 2350 859 2423 frangant,
881 2363 936 2409 et
957 2354 1199 2424 singulos
1224 2355 1436 2412 biberes
1469 2357 1740 2427 accipiant

1841 1908 2063 1949 necesse
2090 1892 2254 1949 fuerit
2277 1903 2335 1948 ut
2354 1895 2513 1950 simul
2535 1897 2879 1964 conveniant,
2908 1908 2966 1953 ut
2986 1900 3032 1954 si
3056 1899 3194 1955 forte
3216 1899 3418 1970 aliquis

1841 1995 2029 2042 contra
2066 2001 2253 2056 parem
2300 2002 2455 2042 suum
2486 1987 2804 2067 discordiam
2836 1989 3104 2057 habuerit,
3133 2004 3294 2059 quem
3326 2004 3417 2046 re-

1840 2078 2113 2134 conciliari
2141 2091 2361 2133 necesse
2388 2078 2477 2143 sit,
2509 2087 2565 2133 et
2594 2079 2710 2133 sine
2739 2089 3006 2133 conventu
3035 2079 3336 2152 presbyteri
3354 2089 3420 2153 et

1840 2177 2157 2225 cretei-orum
2199 2182 2321 2224 esse
2355 2183 2461 2223 non
2501 2168 2706 2239 possit,
2751 2176 2873 2239 post
2913 2178 3131 2241 peracta
3166 2169 3256 2225 illa
3292 2185 3415 2242 qua:

1840 2261 1933 2316 Dei
1963 2269 2110 2327 sunt,
2135 2269 2191 2315 et
2214 2259 2536 2316 Christianae
2566 2261 2809 2332 religioni
2839 2263 3185 2329 conveniunt,
3212 2273 3417 2345 etpost

1838 2355 2047 2411 debitas
2074 2354 2487 2420 admonitiones,
2517 2355 2610 2425 qui
2639 2354 2907 2411 voluerint
2930 2355 3170 2429 eulogias
3196 2372 3228 2413 a
3259 2373 3413 2430 pres-

151 2441 398 2497 maxime
431 2450 613 2497 autem
646 2443 788 2496 ultra
818 2443 1035 2498 tertiam
1064 2445 1238 2499 vicem
1260 2445 1511 2514 poculum
1532 2445 1607 2501 ibi
1629 2460 1737 2501 non
1835 2448 2028 2518 hytero
2054 2447 2340 2517 accipiant,
2383 2455 2438 2501 et
2461 2461 2657 2517 panem
2694 2455 2902 2503 tantum
2932 2448 3269 2520 frangentes,
3303 2451 3429 2506 sin--

151 2539 496 2610 contingant,
517 2547 573 2594 et
601 2539 667 2594 ad
692 2539 955 2595 ecclesias
983 2555 1111 2597 suas
1137 2543 1377 2599 redeant.

152 2650 321 2722 715
358 2649 490 2706 CAP.
524 2651 668 2731 ξίνι.
696 2684 767 2692 -
795 2653 871 2708 De
893 2655 1244 2731 _eonf_ratriis_,
1272 2675 1572 2731 earumque
1608 2677 1735 2716 εοη-

346 2799 360 2811 .
399 2723 653 2789 rentibus,
678 2725 936 2793 quomodo
967 2723 1217 2781 celebrari
1246 2728 1483 2783 debeant.

221 2833 302 2890 Ut
345 2833 413 2889 de
459 2834 729 2902 collectis,
783 2852 919 2906 quas
958 2838 1235 2910 geldonias
1284 2841 1371 2897 vel
1416 2841 1740 2899 confratrias

152 2924 319 2993 vulgo
349 2933 565 2990 vocant,
609 2926 749 2981 sicut
772 2926 885 2995 jam
933 2929 1113 3007 verbis
1156 2931 1483 2996 monuimus,
1513 2941 1568 2987 et
1598 2949 1739 2989 nunc

153 3014 383 3082 scriptis
409 3029 661 3083 expresse
693 3017 1052 3087 praecipimus,
1100 3028 1307 3075 tantum
1338 3020 1451 3088 fiat,
1479 3033 1736 3092 quantum

154 3103 220 3182 ad
252 3103 635 3159 auctoritatem
666 3115 721 3159 et
760 3106 1048 3162 utilitatem
1078 3117 1239 3180 atque
1283 3113 1546 3168 rationem
1573 3115 1740 3184 perti-

153 3201 250 3247 net
274 3208 291 3248 :
317 3192 457 3252 ultra
483 3204 662 3250 autem
689 3194 850 3253 nemo
872 3214 1046 3268 neque
1072 3201 1344 3268 sacerdos,
1372 3220 1546 3275 neque
1569 3207 1740 3264 fidelis

153 3281 481 3351 quisquam,
522 3282 880 3354 in‘parochia
928 3298 1113 3344 nostra
1152 3294 1398 3363 progredi
1438 3296 1648 3351 audeat.
1681 3296 1740 3352 ld

151 3382 240 3430 est
281 3371 335 3427 in
390 3374 536 3429 omni
577 3376 1142 3450 obsequioreligionis
1184 3382 1578 3457 conjungantur
1608 3404 1622 3444 :
1654 3389 1737 3443 vi-

153 3462 362 3518 delicet
379 3463 440 3518 in
472 3463 742 3524 oblatione
762 3508 779 3533 ,
805 3469 861 3523 in
888 3468 1263 3541 luminaribus,
1295 3474 1351 3529 in
1379 3476 1740 3537 oblationibus

154 3554 386 3619 mutuis,
430 3555 486 3611 in
529 3548 802 3629 exsequiis
829 3562 1236 3632 defunctorum,
1281 3568 1337 3623 in
1362 3569 1735 3645 eleemosynis,

152 3653 207 3698 et
239 3645 459 3701 caeteris
484 3647 701 3716 pietatis
736 3650 927 3708 olliciis
956 3671 970 3707 :
1003 3655 1181 3714 ita-ut.
1210 3658 1305 3729 qui
1348 3661 1626 3717 candelam
1654 3661 1739 3718 ol-

154 3734 306 3790 ferre
332 3737 620 3806 voluerint,
651 3740 765 3797 sive
790 3744 1115 3814 specialiter,
1141 3747 1255 3805 sive
1279 3753 1622 3822 generaliter,
1647 3763 1743 3811 aut

154 3833 289 3917 ante
327 3826 572 3895 missam,
604 3839 698 3886 aut
741 3833 885 3889 inter
910 3836 1130 3893 missam
1170 3850 1459 3912 antequam
1495 3844 1742 3917 Evange-

155 3913 296 3970 lium
334 3916 561 3988 legatur,
587 3922 654 3977 ad
681 3921 854 3979 altare
880 3924 1146 3983 deferant.
1174 3920 1513 3989 Oblationem
1535 3913 1737 4005 autem,

1838 2539 1947 2611 guli
1972 2538 2211 2611 singulos
2231 2540 2444 2595 biberes
2467 2540 2756 2609 accipiant,
2784 2550 2838 2596 et
2864 2542 2998 2597 nihil
3026 2542 3257 2613 amplius
3281 2557 3415 2600 con-

1838 2631 2047 2701 tingere
2068 2638 2413 2697 praesumant,
2444 2639 2500 2689 et
2536 2633 2615 2689 sic
2641 2634 3011 2706 unusquisque
3049 2635 3119 2693 ad
3145 2650 3243 2693 sua
3285 2645 3414 2693 cum

1838 2718 2213 2778 benedictione
2238 2723 2449 2780 Domini
2485 2725 2692 2780 redeat.

1838 2862 1966 2935 CAP.
1991 2858 2317 2935 XVll.—l_!t,
2345 2860 2589 2935 defuncto
2614 2864 2932 2935 presbytero,
2961 2866 3135 2921 nullus
3155 2867 3265 2922 sine
3284 2856 3435 2923 con?

1874 2931 2016 2987 saltu
2039 2932 2260 3002 episc0pi
2286 2931 2556 2987 ecclesiam
2582 2931 2724 2987 illius
2754 2931 2845 2989 aut
2873 2936 3125 3007 capellam
3152 2948 3380 3007 appetat.

1919 3066 1985 3123 Ut
2033 3068 2081 3122 si
2126 3065 2354 3137 quilibet
2399 3066 2839 3140 presbyterorum
2884 3068 3170 3125 defunctus
3226 3071 3418 3138 fuerit,

1766 3133 1812 3197 θ
1840 3159 2051 3215 vicinus
2094 3160 2378 3232 presbyter
2415 3161 2554 3229 apud
2602 3160 2871 3217 seniorem
2915 3161 3227 3217 saecularem
3271 3162 3419 3218 nulla

1839 3251 2170 3321 precatione,
2201 3251 2286 3307 vel
2322 3251 2502 3322 aliquo
2536 3252 2759 3318 exenio,
2788 3251 3072 3308 ecclesiam
3104 3252 3252 3307 illam
3279 3253 3422 3308 obti-

1842 3352 1987 3409 neat,
2017 3359 2137 3414 quze
2165 3344 2351 3400 titulus
2387 3360 2486 3416 per
2510 3359 2569 3400 se
2589 3352 2844 3400 constans
2880 3353 3039 3400 antea
3064 3346 3295 3411 exstitit,
3321 3345 3423 3400 sed

1842 3449 2017 3506 neque
2055 3435 2344 3505 capellam,
2376 3436 2495 3490 sine
2523 3435 2767 3491 consultu
2795 3448 3001 3491 nostro.
3027 3435 3178 3504 Quod
3207 3435 3255 3490 si
3282 3434 3424 3492 fece-

1842 3527 1935 3592 rit,
1982 3524 2262 3581 diﬂinitam
2310 3527 2630 3582 sententiam
2676 3526 2779 3582 sibi
2825 3526 3092 3597 prolatam
3139 3525 3421 3596 suscipiat,

1842 3616 1998 3673 sicuti
2027 3617 2094 3673 de
2117 3617 2369 3687 episcopo
2405 3616 2666 3673 canonica
2711 3617 2951 3672 decrevit
2997 3616 3313 3681 auctoritas,
3356 3624 3422 3672 ut

1841 3709 1933 3780 qui
1977 3725 2073 3779 per
2099 3711 2447 3765 ambitionem
2486 3711 2747 3782 majorem
2792 3710 3067 3765 civitatem
3108 3709 3419 3780 appetierit,

1842 3808 1899 3856 et
1943 3801 2089 3855 illam
2130 3802 2321 3871 perdat
2366 3816 2529 3870 quam
2578 3801 2770 3866 tenuit,
2816 3809 2872 3855 et
2911 3801 3055 3857 illam
3079 3816 3424 3872 nequaquam

1840 3890 2105 3958 obtineat,
2136 3906 2298 3961 quam
2325 3905 2587 3961 usurpare
2622 3890 2868 3945 tentavit.
3286 3916 3291 3925 ι

158 4053 3421 4098 ._.__..._._.__.___—____________________________,

1743 4182 1857 4258 Π.

161 4296 334 4368 716
361 4295 703 4355 CAPITULA
725 4261 981 4369 ρυηὲυδ
1000 4303 1090 4362 DE
1111 4294 1341 4366 REBUS
1365 4310 1693 4371 MAGISTR!
1715 4315 1805 4372 ET
1837 4315 2084 4373 DECANI
2102 4315 2238 4383 PER
2262 4313 2603 4384 SlNGULAS
2627 4312 2997 4373 ECCLESIAS
3018 4310 3422 4381 lNQUlRERE,

146 4432 154 4441 .
1120 4396 1210 4453 ET
1262 4399 1598 4462 EPISCOPO
1638 4403 2091 4472 BENUNTIARE
2127 4405 2472 4463 DEBEANT.

157 4598 317 4661 Haec
346 4597 524 4690 omni
558 4616 726 4665 anno
757 4600 1202 4742 investiganda
1238 4613 1391 4671 sunt
1423 4626 1460 4674 a
1488 4613 1812 4692 magistris
1841 4619 1902 4678 et
1928 4613 2196 4678 decanis
2233 4611 2625 4692 presbyteris
2663 4629 2777 4692 per
2806 4611 3092 4690 singulas
3133 4609 3430 4700 matrices

242 4678 574 4742 ecclesms.
610 4686 671 4741 et
702 4697 816 4742 Der
843 4699 994 4742 cane
1027 4684 1117 4742 las
1149 4686 1464 4742 narochim
1497 4701 1752 4742 nnctrm-
1784 4699 1845 4742 nt
1882 4694 2071 4742 nnhie
2118 4690 2425 4742 Kalendis
2473 4690 2666 4742 Jnhig
2703 4690 3153 4742 renuntianda-
3187 4687 3430 4742 Simili—

242 4678 574 4761 ecclesias,
602 4686 671 4761 et
700 4697 822 4761 per
843 4699 994 4761 cape

1027 4684 1117 4745 las
1149 4686 1464 4763 parochias
1493 4684 1753 4767 nos'tree,
1784 4699 1845 4756 et
1882 4694 2071 4756 nobis
2117 4684 2445 4755 Kalendis
2473 4684 2681 4753 Juliis'
2703 4684 3154 4753 renuntianda.
3187 4687 3433 4751 Simili-

242 4762 345 4850 ter
373 4756 562 4818 etiam
596 4756 1111 4850 investigandum
1147 4756 1208 4824 et
1246 4756 1752 4850 renuntiandum
1792 4778 1889 4834 est
1918 4772 2107 4834 nobis
2136 4770 2413 4850 qualiter
2445 4770 2868 4834 observentur
2889 4775 2952 4834 et
2980 4767 3427 4833 custodiantur

242 4833 358 4896 illa
388 4851 533 4913 qua:
566 4833 956 4915 capitulatim
993 4841 1393 4906 observanda
1423 4833 2189 4929 presbyterisdedimus‘.
2656 4833 2659 4834 ν
2695 4833 2714 4834 ᾗ
2794 4926 2797 4927 ν
2906 4833 2910 4834 ί
3436 4868 3445 4884 ’

230 4978 278 5033 Ι.
310 4977 693 5050 lnquirendnm
717 4980 770 5035 in
802 4997 907 5051 qua
940 4983 1082 5051 villa,
1109 4997 1203 5042 aut
1245 4988 1530 5058 cujuslibet
1568 4994 1823 5057 sancti.D
1919 4994 2008 5050 IV.
2039 4991 2229 5062 Qualia
2274 4992 2383 5049 sint
2430 4992 2742 5050 indumenta
2770 4991 2989 5058 altaris,
3031 5000 3163 5061 quot
3207 5006 3346 5048 nova
3372 4999 3432 5051 et

155 5070 399 5137 honore,
428 5069 782 5141 praetitulatus
819 5073 889 5128 sit
916 5076 1219 5148 presbyter,
1265 5078 1350 5135 vel
1380 5095 1411 5134 a
1450 5095 1559 5151 quo
1582 5081 1747 5139 fuerit

156 5160 473 5217 ordinatus.

233 5249 303 5303 ll.
333 5247 391 5303 Si
419 5249 615 5304 haheat
647 5265 893 5305 mansum
937 5252 1226 5311 liaoentem
1265 5258 1573 5315 bunnuaria
1615 5262 1751 5317 duo-
1782 5244 1785 5247 l

158 5340 365 5423 decim,
395 5350 590 5411 praeter
618 5342 1019 5423 cmmcterium;
1049 5354 1105 5400 et
1132 5355 1366 5414 cortem,
1398 5350 1487 5405 ubi
1515 5350 1747 5407 ecclesia

157 5440 220 5484 et
251 5397 445 5486 demtis
472 5430 639 5501 ipsius
677 5397 1019 5501 continetur:
1046 5443 1140 5489 aut
1167 5435 1214 5491 si
1250 5397 1446 5494 habeat
1478 5441 1747 5511 mancipia

156 5528 423 5591 quatuor.

237 5613 326 5668 Ill.
350 5614 495 5683 Quot
511 5630 731 5672 mansos
752 5616 950 5674 habeat
972 5636 1026 5674 In
1050 5634 1145 5677 sua
1169 5622 1424 5692 parochia
1449 5622 1748 5693 ingenuiles

156 5711 217 5756 et
254 5704 502 5770 serviles,
532 5714 625 5761 aut
651 5705 884 5773 accolas,
909 5709 1052 5763 unde
1074 5710 1336 5768 decimam
1360 5713 1604 5784 accipiat.

491 5800 763 5862 Ρηιιοι.
808 5800 1062 5863 cxxv.
1344 5790 1360 5825 ‘

1848 5078 1983 5155 quot
2000 5092 2232 5161 vetusta,
2259 5083 2492 5155 qualiter
2512 5084 2682 5140 nitida
2710 5101 2725 5138 :
2752 5098 2859 5153 quo
2884 5083 3102 5138 metallo
3122 5084 3232 5139 sint
3252 5100 3432 5156 capsas

1857 5184 1912 5231 et
1936 5190 2124 5231 cruces
2153 5184 2438 5245 cooperta,
2470 5184 2564 5232 aut
2591 5175 2638 5231 si
2663 5175 2950 5247 diligenter
2986 5175 3278 5233 reconditae
3305 5186 3433 5234 sunt

1856 5265 2098 5337 reliquiae
2121 5267 2174 5321 in
2196 5266 2355 5321 altari
2384 5283 2397 5320 :
2427 5265 2473 5321 si
2500 5264 2630 5337 ipsas
2652 5280 2829 5337 capsae
2855 5264 2992 5323 seris
3029 5268 3248 5323 munita:
3279 5278 3427 5324 sunt.

1926 5356 1990 5410 ν.
2029 5353 2173 5423 Quos
2198 5367 2252 5411 et
2292 5364 2426 5426 quot
2469 5355 2637 5412 libros
2682 5356 2900 5423 habeat,
2929 5364 3023 5412 aut
3060 5357 3104 5412 si
3151 5358 3288 5414 bene
3317 5358 3428 5414 sint

1853 5445 2085 5501 recitati.
3169 5435 3171 5437 ’

1923 5529 2011 5587 Vl.
2041 5531 2228 5600 Qualia
2274 5540 2366 5587 aut
2412 5542 2543 5605 quot
2591 5535 2946 5592 sacerdotalia
2974 5537 3295 5593 vestimenta
3335 5550 3433 5591 na-

1855 5625 1999 5689 beat,
2031 5632 2083 5679 et
2112 5624 2343 5696 qualiter
2369 5627 2478 5682 sint
2504 5627 2695 5697 nitida,
2723 5638 2816 5686 aut
2845 5630 2898 5686 in
2927 5630 3099 5688 nitido
3124 5629 3242 5687 loco
3265 5629 3429 5687 collo-

1859 5732 1956 5774 ceu
1963 5726 2014 5772 ιιι
2021 5734 2063 5772 l‘.

2872 5816 2951 5876 25
