4006 6338
647 340 751 399 779

1623 334 1953 393 IIINCMARI
1995 334 2387 391 IIHEMENSIS
2424 336 2935 395 ARCHIEI‘ISCCPI
3722 358 3792 417 περ

676 476 681 479 -
720 458 829 512 \‘ll.
878 457 935 512 Si
985 457 1179 512 habeat
1232 456 1407 509 locum
1455 462 1835 525 praeparatum,
1892 452 1981 507 ubi
2027 448 2226 505 effundi
2258 450 2305 509 Α
2337 452 2640 505 manserit:
2671 455 2926 523 quoniam
2978 462 3168 509 contra
3215 456 3418 512 decreta
3461 473 3681 519 canonum
3724 469 3794 527 hoc

651 554 825 625 possit
871 566 1008 620 aqua
1057 550 1270 619 quando
1303 548 1593 602 abluuntur
1636 561 1761 601 vasa
1812 544 2145 608 altaris,aut
2172 557 2234 596 os

652 622 735 699 vel
779 650 972 698 manus
1018 648 1139 711 post
1168 638 1568 709 perceptionem
1619 652 1787 692 sacra:
1815 622 2230 691 communionis.

650 735 757 787 Ant
798 732 845 787 si
877 731 989 800 ipse
1034 728 1314 801 presbyter
1340 728 1577 799 propriis
1621 727 1901 790 manibus,
1932 735 2022 779 aut
2053 725 2236 779 diaco-

651 838 774 885 nus,
797 835 800 838 ’
826 828 919 874 aut
963 819 1325 875 subdiaconus
1355 817 1501 887 ejus,
1536 817 1677 872 lavet
1721 818 1895 886 primo
1931 814 2231 885 corporale.

722 910 853 965 VIII.
885 909 1004 977 Quo
1030 908 1246 964 metallo
1266 909 1336 963 sit
1363 908 1501 962 calix
1529 917 1582 962 et
1612 916 1825 978 patena,
1860 916 1954 961 aut
1984 922 2086 976 qua
2115 907 2234 960 dili-

648 1003 825 1070 gentia
874 1000 1271 1065 custodiantur,
1319 1008 1413 1053 aut
1457 999 1502 1054 si
1558 999 1754 1054 habeat
1803 998 2088 1069 pyxidem,
2142 996 2232 1050 ubi

648 1102 889 1161 cengrue
925 1090 1098 1160 possit
1139 1088 1361 1145 recondi
1410 1103 1562 1143 sacra
1595 1087 1797 1142 oblatio
1842 1086 2132 1142 reserunda
2166 1084 2233 1139 ad

647 1182 906 1237 viaticum
935 1180 1183 1235 infirmis.

719 1272 813 1327 IX.
852 1272 919 1329 Ut
949 1271 1182 1327 chrisma
1227 1280 1279 1327 et
1328 1286 1504 1328 oneum
1548 1277 1923 1326 consecratum
1967 1267 2067 1323 sub
2109 1281 2231 1322 sera

653 1365 1035 1421 recondantur.

721 1454 788 1509 Χ.
816 1453 876 1510 Si
910 1455 1021 1524 ipse
1072 1454 1356 1525 presbyter
1402 1454 1583 1509 visitet
1614 1452 1876 1516 inlirmos,
1923 1459 1977 1506 et
2012 1451 2235 1520 inungat

648 1550 766 1605 oleo
792 1558 999 1615 sancto,
1026 1558 1079 1604 et
1102 1549 1463 1604 communicet
1486 1562 1579 1616 per
1607 1562 1687 1610 se,
1709 1555 1764 1600 et
1794 1560 1898 1600 non
1929 1560 2026 1614 per
2042 1558 2234 1613 quem-

651 1645 800 1711 libet,
828 1652 881 1699 et
915 1643 1001 1698 ille
1027 1643 1139 1713 ipse
1182 1643 1543 1698 communicet
1583 1639 1860 1710 populum,
1910 1651 2010 1692 nec
2055 1638 2235 1691 tradat

649 1737 1084 1792 comnnmionem
1114 1736 1363 1804 cuiquam
1397 1735 1532 1788 laico
1561 1733 1628 1786 ad
1668 1730 2019 1786 deferendum
2051 1729 2103 1782 in
2136 1727 2229 1782 do-

648 1845 794 1882 mum
824 1842 974 1882 suam
1002 1839 1170 1881 causa
1195 1824 1482 1893 cujuslibet
1503 1820 1722 1875 infirmi.

722 1916 810 1972 XI.
839 1916 897 1972 Si
936 1917 1129 1972 habeat
1152 1915 1406 1971 clericum
1441 1913 1530 1982 qui
1567 1911 1735 1982 possit
1761 1919 1944 1964 tenere
1966 1904 2227 1971 scholam,

649 2020 742 2064 aut
789 2011 963 2080 legere
992 2006 1297 2077 epistolam,
1326 2013 1418 2058 aut
1449 2017 1645 2058 canere
1692 2000 1889 2065 valeat,
1930 2003 2091 2069 prout
2135 2011 2232 2051 ne-

646 2102 939 2158 cessariqu
972 2100 1073 2154 sibi
1104 2100 1334 2153 videtur.

718 2191 829 2247 XII.
877 2190 1310 2260 Investigandum
1366 2186 1713 2242 nihilominus
1764 2183 1829 2237 de
1873 2180 2230 2237 luminaribus

643 2285 904 2345 ecclesiae,
939 2290 1032 2337 aut
1058 2289 1189 2351 quot
1216 2279 1456 2335 cerarios
1490 2278 1685 2333 habeat
1712 2274 1823 2346 ipse
1856 2272 2063 2327 titulus.

716 2375 877 2447 717
917 2366 1054 2429 XIII.
1094 2371 1338 2441 Qualiter
1367 2371 1437 2425 sit
1464 2378 1720 2438 cooperta
1751 2364 2012 2428 ecclesia,
2055 2370 2147 2417 aut
2180 2361 2228 2417 si

645 2471 713 2522 sit
743 2476 1016 2521 cmucrata
1040 2505 1054 2529 ,
1102 2471 1157 2518 et
1203 2471 1261 2517 ut
1308 2462 1378 2516 ibi
1412 2459 1674 2515 columbm
1706 2455 1787 2511 vel
1814 2455 1934 2508 aliae
1960 2467 2089 2507 aves
2120 2466 2226 2506 non

644 2558 940 2618 nidificcnt,
974 2564 1198 2625 propter
1230 2549 1622 2606 intmunditiem
1687 2547 1773 2603 vel
1801 2542 2229 2616 importunitatis

644 2648 1094 2720 inquietudinem.
1118 2635 1125 2648 ’

712 2739 851 2794 XIV.
884 2739 1001 2805 Quo
1024 2736 1240 2793 metallo
1270 2737 1508 2791 habeant
1533 2731 1729 2787 ibidem
1761 2730 1933 2801 signa.

712 2829 828 2885 XV.
858 2829 913 2885 Si
938 2829 1137 2884 atrium
1162 2828 1360 2882 habeat
1388 2825 1676 2888 munitum,
1704 2831 1794 2877 aut
1822 2821 1863 2876 si
1895 2819 2081 2874 cellam
2103 2834 2225 2889 pro~

644 2924 816 2993 priam
852 2921 1054 2975 habeat
1089 2920 1243 2990 juxta
1273 2918 1593 2982 ecclesiam,
1619 2924 1712 2968 aut
1757 2913 1802 2968 si
1842 2912 2136 2968 susuiciosa
2167 2911 2221 2965 in

642 3011 874 3065 circuitu
906 3008 1099 3064 ostiola
1139 3009 1267 3061 sint.

717 3099 850 3154 XVI.
890 3098 959 3154 Ut
987 3115 1053 3154 ex
1084 3097 1307 3154 decimis
1342 3105 1576 3168 quatuor
1603 3094 1880 3165 portiones
1911 3092 2037 3146 fiant
2064 3089 2217 3160 juxta

2340 542 2539 596 malum
2570 543 2748 614 agitur
2775 561 2804 597 a
2832 544 3027 614 quibus
3062 554 3420 615 pcrpetratnr;
3449 552 3558 619 quia
3587 555 3698 609 sicut
3726 575 3794 615 nec

2337 647 2457 699 suo,
2497 633 2568 687 ita
2598 649 2699 690 nec
2724 634 2904 689 alieno
2955 637 3172 691 nomine
3209 639 3493 708 presbyter,
3533 642 3604 696 vel
3635 645 3799 713 quilibet

2336 724 2437 778 sub
2493 724 2711 794 regula,
2755 723 2936 780 foenus
2986 739 3243 780 exercere
3285 726 3638 793 debet,‘multo
3671 735 3798 790 minus

2337 827 2518 870 autem
2552 816 2793 872 fraudem
2816 816 2996 872 facere
3023 818 3090 872 de
3118 815 3448 874 facultatibus
3473 820 3797 881 ecclesiasticis:

2336 908 2593 976 quoniam
2631 908 2736 963 hoc
2766 922 2928 979 agere
2965 908 3282 980 sacrilegum
3311 918 3422 975 est,
3457 919 3507 965 et
3537 926 3623 985 par
3653 916 3799 973 crimen

2334 999 2560 1053 Ananite
2602 1008 2661 1053 et
2705 998 2951 1070 Saphirte
2974 1042 2987 1063 ,
3018 1008 3182 1070 atque
3214 999 3359 1057 Judre
3388 1002 3536 1069 furis,
3572 1005 3648 1077 qui
3672 1022 3802 1067 sacras

2336 1089 2656 1154 oblationes,
2683 1104 2807 1159 qum
2832 1092 2899 1144 ad
2925 1106 3055 1145 usus
3084 1090 3317 1145 fidelium
3345 1108 3406 1147 ac
3441 1109 3690 1164 pauperum
3720 1101 3804 1153 mit-

2336 1179 2610 1245 tebantur,
2657 1182 2973 1250 asportabat
3015 1190 3069 1234 et
3104 1181 3400 1236 Inrabatur.
3446 1182 3565 1237 Nam
3609 1186 3720 1240 aliud
3749 1197 3805 1243 est

2335 1271 2452 1325 sine
2486 1271 2772 1341 dispendio
2799 1272 3046 1326 ecclesiae
3087 1273 3278 1327 amicis
3308 1272 3386 1326 vel
3422 1276 3692 1344 parentibus
3716 1293 3804 1347 pau-

2334 1361 2587 1430 peribus,
2635 1370 2728 1414 aut
2772 1360 3106 1431 quibuslibet
3136 1362 3497 1438 necestnosis,
3521 1376 3579 1417 ex
3612 1366 3803 1422 charitatc

2334 1465 2456 1506 cum
2498 1465 2752 1507 mensura
2791 1461 2849 1508 et
2882 1452 3092 1508 ratione
3119 1454 3435 1518 subvenire,
3458 1455 3534 1510 vel
3561 1448 3803 1527 adjutorium

2334 1539 2498 1608 ferre,
2522 1551 2578 1597 et
2599 1542 2745 1598 aliud
2779 1558 2902 1598 cum
2935 1543 3302 1599 destructione
3335 1544 3580 1611 ecclesize,
3607 1545 3803 1601 veldissi-

2332 1633 2550 1703 patione
2594 1632 2911 1689 facultatum
2939 1629 3457 1700 ecclesiasticarum,
3496 1636 3628 1704 quasi
3659 1635 3803 1699 furtim,

2333 1722 2443 1777 imo
2464 1723 2669 1789 furtim,
2695 1738 2815 1793 qum
2835 1723 3076 1779 ecclesia
3105 1738 3228 1780 esse
3253 1725 3560 1791 debuerant,
3588 1735 3633 1779 et
3662 1727 3801 1787 usibus,

2258 1800 2309 1862 B
2335 1812 2479 1869 illius
2504 1829 2569 1868 ac
2589 1818 2886 1885 pauperum
2913 1829 3007 1869 seu
3030 1815 3301 1883 hospitum
3326 1815 3566 1884 impendi,
3588 1817 3802 1869 camalinn

2332 1906 2626 1961 carnaliter
2655 1907 2846 1962 usibus
2887 1908 3006 1962 sine
3040 1907 3226 1962 divino
3260 1918 3492 1977 respectu
3523 1909 3741 1963 inservire.
3762 1909 3803 1962 Et

2331 1997 2398 2052 de
2427 1998 2563 2052 nihil
2592 1998 2917 2053 habentibus
2946 2008 3226 2070 promotus
3258 1999 3530 2072 presbyter
3552 2016 3639 2055 non
3664 2016 3803 2071 prast-

2332 2097 2446 2143 mat
2475 2104 2598 2160 quae
2619 2091 2686 2145 de
2711 2088 3060 2146 facultatibus
3084 2091 3328 2147 ecclesia:
3357 2093 3698 2162 comparaverit
3716 2108 3800 2145 ven-

2331 2179 2483 2245 dere,
2512 2180 2593 2235 vel
2619 2182 2774 2252 quasi
2813 2183 2980 2253 718
3011 2182 3078 2238 ad
3105 2198 3288 2257 casam
3319 2182 3410 2238 Dei
3437 2184 3641 2249 tradere,
3669 2183 3800 2236 nisiut

2328 2273 2615 2329 ecclesiam
2642 2275 2796 2346 cujus
2822 2277 3053 2346 propriae
3079 2291 3203 2332 esse
3235 2277 3459 2344 debent,
3497 2278 3599 2333 sine
3628 2277 3801 2332 consultu

2328 2363 2586 2433 episcopi.

2318 2524 2319 2529 η
2399 2450 2517 2506 XX.
2557 2452 2941 2525 Inquirendum
2960 2497 2975 2522 ,
2998 2457 3045 2512 si
3074 2456 3141 2512 de
3172 2459 3409 2514 taoernis
3442 2469 3495 2514 et
3518 2460 3576 2514 de
3607 2472 3801 2514 comessa-

2328 2541 2596 2609 lionibus,
2628 2554 2684 2599 et
2727 2546 2793 2601 (lc
2836 2546 3204 2604 familiaritate
3247 2542 3474 2606 indebita
3510 2548 3734 2605 mulierum
3766 2563 3803 2602 se

2326 2633 2637 2691 custodiant
2661 2639 2985 2709 presbyteri,
3028 2639 3171 2695 sicut
3213 2642 3500 2711 sepissime
3526 2640 3803 2697 interdiximus

2325 2732 2380 2778 et
2410 2724 2790 2783 interdicimus
2817 2747 2831 2783 :
2859 2730 2984 2799 quia
3014 2731 3081 2785 ad
3110 2732 3484 2787 contumeliam
3510 2741 3705 2786 nostram
3724 2727 3801 2783 laici

2326 2829 2412 2869 me
2438 2824 2647 2887 petunt,
2680 2827 2738 2874 ut
2767 2820 2811 2876 si
2842 2821 3127 2877 evidenter
3142 2839 3279 2879 cum
3306 2825 3548 2894 testibus,
3574 2838 3662 2893 quo
3680 2819 3800 2891 negari

2327 2922 2435 2962 non
2465 2910 2638 2979 possit
2662 2927 2691 2965 a
2721 2928 3025 2982 quoquam,
3054 2915 3430 2987 presbyterum
3466 2915 3516 2970 in
3553 2912 3735 2969 tabernis
3753 2911 3801 2964 in.

2336 3003 2602 3070 venerint,
2634 3006 2898 3062 caballum
2925 3016 2981 3064 et
3007 3024 3234 3078 cappam
3261 3011 3381 3065 inde
3402 3011 3477 3066 eis
3505 3008 3669 3065 habere
3685 3006 3799 3060 liceat.

2328 3094 2667 3167 Quapropter
2695 3097 2740 3152 si
2768 3098 2967 3155 abhinc
3008 3100 3315 3170 presbyteri
3362 3114 3420 3155 se
3458 3100 3519 3153 de
3558 3097 3711 3152 talibus
3736 3109 3802 3148 non

646 3191 1040 3248 institutionem
1089 3164 1403 3244 canonicam
1430 3229 1444 3252 ,
1493 3198 1548 3241 et
1593 3164 1721 3256 ipsa:
1766 3184 1864 3240 sub
1913 3182 2221 3237 testimonio
2250 3164 2294 3227 (ἶ
2330 3164 2590 3248 caverint,
2621 3186 2745 3256 quia
2777 3164 3025 3243 divinum
3054 3164 3804 3258 non'timentjudicium,tempo-

647 3282 872 3341 duorum
907 3292 1001 3337 aut
1029 3282 1193 3336 trium
1222 3279 1458 3335 fidelium
1489 3279 1728 3334 studiose
1752 3286 1806 3331 et
1834 3276 2120 3348 diligenter
2141 3275 2223 3329 di-

644 3374 899 3428 vidantur
926 3391 940 3426 :
965 3381 1019 3427 et
1060 3380 1119 3425 ut
1159 3370 1223 3425 de
1265 3368 1473 3424 duabus
1502 3366 1875 3437 portionibus,
1903 3364 2144 3420 ecclesiae
2173 3372 2229 3417 ct

645 3466 916 3536 episcopi,
956 3464 1095 3519 ratio
1125 3464 1382 3518 reddatur
1427 3476 1524 3532 per
1560 3459 1802 3532 singulos
1849 3473 2021 3513 annos
2097 3456 2231 3512 cuid

646 3558 771 3611 imle
800 3553 1093 3626 profecerit
1124 3555 1174 3606 in
1201 3551 1452 3607 ecclesia.

716 3644 876 3701 XVII.
922 3644 993 3700 Ut
1035 3642 1432 3699 matricularios
1471 3640 1668 3696 habeat
1708 3638 1862 3711 juxta
1910 3641 2225 3712 qualitatem

647 3737 772 3801 loci,
800 3751 906 3792 non
938 3735 1198 3791 bubulcos
1221 3743 1310 3789 aut
1341 3733 1636 3803 porcarios,
1665 3732 1761 3787 sed
1782 3732 1984 3788 debiles
2011 3743 2065 3787 et
2088 3748 2221 3803 pau-

646 3840 826 3896 peres,
849 3834 904 3881 et
934 3825 999 3880 de
1027 3823 1219 3879 eodem
1256 3821 1515 3878 dominio.
1551 3820 1663 3877 Nisi
1692 3820 1831 3877 forte
1862 3821 1977 3892 ipse
1999 3821 2223 3892 presby-

646 3929 730 3973 ter
759 3919 951 3974 habeat
995 3916 1243 3980 fratrem,
1274 3922 1365 3969 aut
1401 3914 1636 3983 aliquem
1675 3913 2034 3984 propinquum
2076 3911 2225 3968 debi-

646 4013 774 4079 lem,
799 4019 891 4065 aut
911 4009 1338 4082 pauperrimum,
1357 4006 1448 4077 qui
1478 4006 1544 4061 de
1564 4006 1751 4061 eadem
1776 4004 1987 4060 decima
2011 4012 2227 4059 susten-

647 4112 791 4157 tetur
820 4119 833 4155 :
864 4100 1101 4170 reliquos
1124 4107 1302 4153 autem
1324 4097 1676 4168 propinquos,
1704 4096 1748 4151 si
1769 4095 1923 4166 juxta
1946 4111 2005 4151 se
2022 4095 2225 4151 habere

646 4193 901 4258 voluerit,
936 4192 1005 4247 de
1033 4205 1128 4247 sua
1159 4190 1407 4260 portione
1430 4188 1623 4243 vestiat
1653 4196 1815 4257 atque
1840 4195 2048 4259 pascat.

719 4284 901 4341 XVIII.
931 4282 1032 4355 (De
1055 4281 1259 4353 peculio
1287 4281 1616 4346 clericorum,
1635 4295 1754 4349 cap.
1775 4279 1950 4345 I,Ivo,
1984 4288 2225 4349 part.m,

648 4389 768 4444 cap.
787 4372 902 4442 94.)
926 4371 1362 4442 Investigandum
1386 4362 1654 4434 similiter',
1685 4371 1729 4424 si
1758 4369 1894 4425 nihil
1914 4369 2228 4440 patrimonii

648 4468 877 4530 habens,
901 4462 1118 4532 quando
1145 4471 1434 4532 provectus
1465 4469 1549 4516 est
1590 4461 1657 4515 ad
1691 4460 1938 4517 ordinem
1968 4460 2226 4516 ecclesia-

653 4556 873 4618 sticum,
902 4560 1086 4622 postea
1117 4552 1311 4606 emerit
1340 4550 1564 4621 praedia,
1594 4550 1750 4621 cujus
1774 4551 1913 4621 juris
1932 4552 2072 4607 sint:
2095 4568 2229 4624 quo-

651 4647 797 4703 niam
822 4644 1087 4710 ecclesiae,
1118 4644 1185 4699 ad
1213 4660 1374 4715 quam
1404 4647 1469 4700 de
1504 4645 1640 4700 nihil
1666 4644 1990 4702 habentibus
2016 4660 2231 4716 promo-

649 4748 738 4794 tus
766 4746 869 4805 est,
900 4750 1020 4792 esse
1062 4735 1260 4792 debent
1294 4734 1447 4807 juxta
1472 4733 1746 4793 canonica:
1771 4736 2114 4794 auctoritatis
2139 4737 2232 4794 de-

646 4836 877 4883 cretum.

722 4917 858 4972 XIX.
893 4917 993 4989 (De
1019 4918 1220 4988 peculio
1245 4918 2231 4993 clericorum,cap.4.)lnquirendum,

647 5010 692 5064 si
725 5010 1016 5066 occasione
1043 5009 1201 5079 hujus
1233 5012 1558 5081 prmcedenti
1594 5012 1812 5083 capituli
1849 5011 2045 5083 aliquis
2078 5025 2230 5081 pres-

648 5104 967 5173 byterorum
996 5103 1196 5159 abhinc
1226 5103 1294 5159 de
1322 5103 1587 5160 reditibus
1610 5103 1877 5171 ecclesia),
1902 5103 1984 5159 vel
2009 5104 2234 5159 oblatio-

650 5196 811 5252 nibus
840 5211 905 5252 ac
924 5197 1068 5252 votis
1096 5194 1355 5262 fidelium,
1377 5196 1556 5252 alieno
1581 5196 1801 5252 nomine
1830 5210 1919 5252 res
1945 5210 2231 5267 compara-

649 5288 811 5353 verit,
840 5296 895 5344 et
919 5288 992 5344 ibi
1022 5297 1324 5345 structuras
1348 5288 1564 5356 fecerit,
1597 5288 1680 5343 vel
1708 5302 1827 5359 qua:
1856 5287 1923 5343 ad
1944 5289 2230 5357 ecclesiam

650 5381 925 5451 pertinent
953 5381 1024 5435 ibi
1058 5380 1422 5446 collocaverit,
1450 5388 1508 5438 et
1529 5381 1815 5437 mulierum
1844 5379 2235 5451 frequentatio-

652 5488 775 5528 ncm
806 5473 938 5529 inibi
973 5473 1087 5528 fieri
1121 5475 1449 5544 permiserit,
1478 5475 1583 5539 vel,
1609 5475 1753 5544 quod
1779 5475 1987 5545 turpius
2011 5485 2124 5542 est,
2158 5484 2237 5530 ta-

652 5564 732 5620 les
765 5565 1020 5621 nmlieres
1047 5565 1119 5620 ibi
1151 5554 1877 5636 habuerit.quaelaniliciuin
1901 5581 2057 5621 suum
2078 5581 2236 5631 excr-

654 5666 846 5721 ceant,
889 5667 944 5711 et
990 5673 1174 5713 curam
1220 5658 1408 5713 domus
1459 5669 1649 5728 agant,
1694 5668 1749 5716 et
1784 5660 1850 5714 ad
1886 5660 2077 5715 eadem
2120 5659 2233 5714 loca

651 5741 937 5830 presbyter
967 5747 1259 5820 incongrue
1302 5750 1626 5816 recurrcrit,
1657 5749 2082 5819 frequentaverit
2102 5793 2116 5818 ,
2150 5750 2235 5806 vel

2253 4513 2307 4573 D

2333 3275 2498 3330 ralem
2553 3276 2659 3332 illis
2706 3277 3044 3334 inveniemus
3088 3280 3502 3344 contumeliam;
3544 3287 3592 3334 et
3627 3275 3804 3333 suculam

2332 3368 2549 3427 illorum
2593 3370 3050 3440 incorrigibilitati
3078 3372 3483 3429 adinveniemus
3504 3371 3802 3427 detrimentum.

2338 3480 2418 3536 De
2446 3480 2630 3554 illicito
2661 3480 2970 3554 clericorum
2997 3499 3210 3537 accessu
3242 3485 3310 3537 ad
3337 3483 3572 3554 feminas,
3595 3492 3632 3536 et
3656 3492 3801 3549 quara-

2524 3553 2669 3610 tlme
2689 3553 2754 3606 de
2782 3552 2874 3608 illo
2903 3555 3157 3624 arguendi
3184 3555 3266 3609 uel
3290 3552 3540 3626 purgandi
3571 3555 3672 3607 sint.

2396 3643 2539 3700 XXI.
2581 3643 2774 3718 (Coac.
2824 3645 3225 3718 Trosleianum,
3285 3661 3404 3716 cap.
3450 3645 3537 3717 9.)
3566 3645 3629 3699 De
3653 3649 3800 3695 access“

2326 3746 2529 3803 autem,
2583 3714 2639 3795 et
2693 3714 3157 3809 frequentatione,
3215 3754 3281 3795 ac
3325 3714 3679 3794 cohabitationc
3706 3726 3788 3785 deri

2325 3843 2512 3885 corum
2570 3844 2694 3889 cum
2741 3829 2990 3894 feminis,
3039 3830 3181 3885 unde
3236 3830 3519 3886 secundum
3569 3837 3713 3882 sacros
3746 3834 3801 3873 α·

2325 3935 2494 3975 nones
2552 3920 2607 3975 in
2666 3920 2917 3976 munibus
2984 3920 3209 3991 synodis
3271 3919 3561 3991 specialiter
3612 3908 3799 3971 interdixi.

2324 4026 2482 4078 mus,
2526 4009 2756 4081 firmiter
2791 4019 2848 4067 et
2893 4026 3150 4083 expresse
3199 4020 3361 4083 atque
3406 4008 3611 4067 sollicite
3647 4020 3672 4059 a
3705 3998 3801 4055 nobis

2323 4113 2381 4160 ct
2423 4120 2454 4158 a
2505 4103 2895 4160 comministris
2953 4103 3153 4158 nostris
3205 4114 3289 4159 est
3343 4098 3691 4173 inquirendum.
3730 4088 3801 4143 Sic-

2320 4204 2387 4250 ut
2436 4194 2581 4251 enim
2637 4195 2724 4251 his
2769 4194 2861 4265 qui
2913 4193 3126 4250 Domini
3165 4194 3222 4249 in
3256 4208 3418 4250 carne
3453 4191 3693 4246 adventum
3713 4193 3799 4251 pm-

2324 4295 2643 4353 cesserunt,
2679 4296 2737 4342 et
2776 4287 2865 4343 his
2905 4286 2998 4356 qui
3037 4287 3446 4357 subsequentur,
3470 4297 3559 4355 pro
3591 4280 3799 4345 temporum

2328 4381 2539 4434 ratione
2600 4385 2726 4434 sunt
2772 4387 3114 4443 sacramenta
3165 4378 3428 4448 disparia,
3474 4378 3538 4430 ad
3579 4368 3799 4439 religion“

2336 4477 2511 4526 tamen
2534 4470 2696 4525 unius
2722 4467 3075 4538 ejusdemque
3102 4467 3227 4524 lidei
3255 4478 3309 4521 et
3338 4466 3516 4522 salutis
3537 4452 3801 4517 recurrentis.

2334 4569 2409 4627 et,
2435 4568 2494 4615 ut
2517 4561 2777 4632 scriptum
2809 4570 2913 4624 est,
2947 4558 3352 4614 Pertransibunt
3383 4555 3597 4629 plurimi,
3628 4561 3667 4605 et
3686 4542 3801 4600 mulu-

2335 4652 2455 4725 plex
2483 4653 2580 4708 erit
2608 4653 2825 4708 scientia
2852 4651 3011 4724 (Dan.
3043 4669 3142 4720 xu,
3168 4652 3224 4725 4)
3244 4693 3258 4717 ,
3290 4667 3387 4723 per
3410 4651 3694 4705 incrementa
3720 4648 3801 4725 telli-

2335 4723 2525 4815 porum
2547 4784 2562 4811 ,
2600 4752 2708 4799 tam
2742 4759 2843 4814 per
2864 4723 3142 4814 seipsum,
3175 4723 3336 4814 quam
3377 4752 3429 4798 et
3463 4755 3551 4812 per
3584 4730 3750 4804 angelos
3771 4723 3801 4775 ίη

2337 4834 2523 4892 Veteri
2553 4835 2925 4900 Testamento,
2953 4834 3005 4890 in
3033 4832 3184 4890 Novo
3214 4843 3392 4889 autem
3422 4829 3644 4887 similiter
3664 4834 3734 4893 per
3749 4828 3801 4911 δεῖ

2338 4936 2391 4983 et
2421 4943 2518 4998 per
2539 4927 2787 4983 doctores
2816 4926 3114 4982 catholicos
3132 4935 3188 4982 et
3210 4926 3490 4997 magistros
3512 4916 3731 4977 Ecclesia.
3748 4918 3802 4975 ill"

2339 5026 2393 5072 et
2428 5025 2721 5072 attestante
2746 5016 3009 5086 propheta
3045 5015 3223 5087 angeli
3254 5014 3597 5073 nominantur,
3623 4998 3803 5095 auctae?l

2340 5113 2615 5169 subtilitas
2647 5119 2702 5167 et
2733 5111 3112 5182 multiplicatio
3139 5117 3534 5182 praeceptorum.
3560 5102 3650 5157 Per
3670 5102 3804 5159 sellu"

2340 5208 2463 5262 dem
2502 5203 2766 5260 Dominus
2816 5202 2869 5257 in
2919 5203 3170 5273 paradiso
3203 5201 3361 5265 Adae,
3395 5206 3449 5253 et
3483 5200 3589 5266 post
3623 5182 3801 5244 diluvium

2340 5297 2456 5355 Noe
2493 5303 2586 5351 -et
2652 5294 2884 5349 Abrahae
2965 5292 3031 5348 de
3094 5289 3495 5347 circumcisione
3553 5279 3673 5337 dedit
3714 5281 3803 5360 ρης

2343 5395 2537 5460 cepta:
2578 5384 2750 5456 legem
2801 5392 2981 5437 autem
3022 5395 3121 5454 per
3169 5379 3384 5452 angelos
3415 5372 3565 5446 Moysi
3602 5362 3802 5460 meditati

2340 5457 2680 5550 ctvpopulum
2707 5515 2723 5541 ,
2764 5481 2820 5529 ut
2857 5472 3097 5529 ostendit
3131 5470 3431 5543 Apostolus.
3459 5466 3510 5521 In
3535 5457 3801 5550 Novo-autem

2342 5546 2513 5624 interi
2544 5583 2603 5623 se
2659 5566 3012 5622 Testamento
3064 5566 3374 5622 incarnatus
3424 5574 3513 5630 per
3557 5568 3607 5609 se
3652 5546 3799 5630 dicens

2340 5659 2574 5715 Audistis
2596 5659 2720 5729 quia
2748 5657 2945 5712 dictum
2969 5666 3043 5711 est
3073 5674 3088 5709 :
3120 5654 3313 5725 Diliges
3343 5629 3802 5733 proximanttuumhﬁi

2339 5751 2459 5806 odio
2482 5750 2689 5805 habebis
2726 5749 2996 5805 inimicum
3023 5757 3189 5802 tuum.
3222 5742 3331 5817 Ego
3358 5752 3515 5799 autem
3553 5726 3647 5788 dico
3680 5718 3779 5777 τοίω
