4006 6338
148 335 246 395 781

1210 322 1547 384 CAPITULA
1587 316 2064 374 PRESBYTERIS
2102 320 2311 377 DATA.

3293 327 3399 383 782

144 450 364 520 υίιερεεε
406 447 644 503 inimicos
686 454 882 502 vestros
926 442 1144 517 (Matth.
1186 457 1241 507 v,
1283 440 1397 510 45).
1444 438 1512 492 Et
1545 453 1558 489 :
1600 433 1722 488 Nisi
1750 435 1802 493 Α
1826 439 1946 501 pter
1970 430 2167 487 sobolis
2200 433 2596 491 successionem
2619 435 2802 493 uxoris
2831 452 2962 494 usus
2989 437 3166 495 fuerat
3187 441 3399 497 relaxa-

142 540 493 597 abundaverit
534 538 748 609 justitia
794 546 961 592 vestra
1009 522 1286 606 plusquam
1330 530 1636 588 Scribarum
1677 534 1724 581 et

143 633 567 697 Pharisaeorum,
589 646 690 685 non
709 628 972 682 intrabitis
986 627 1040 681 in
1056 642 1270 696 regnum
1288 622 1531 677 caelorum
1547 619 1737 693 (ibid,

139 724 261 794 20).
304 723 416 778 Et:
450 721 662 776 Dictum
690 728 765 783 est
804 710 1032 788 antiquis
1073 732 1091 770 :
1129 715 1233 781 Qui
1272 712 1567 809 occiderit,-
1608 724 1728 809 reus

138 814 244 873 erit
274 814 504 883 judicio.
544 810 657 882 Ego
695 820 866 875 autem
894 810 1011 862 dico
1046 806 1213 869 uobis,
1253 803 1378 875 quia
1425 801 1594 855 omnis
1638 801 1727 869 qui

143 903 399 957 irascitur
424 901 580 970 fratri
606 915 727 965 suo,
758 914 876 952 reus
910 899 1006 952 erit
1030 896 1234 965 judicio
1278 891 1450 963 (ibid.,
1482 890 1571 953 2|,
1611 888 1725 957 εει).

139 992 215 1049 Et
244 1006 342 1061 per
370 999 587 1045 sanctos
614 1004 761 1055 suos,
793 988 860 1043 de
890 987 1089 1057 quibus
1112 986 1313 1041 dictum
1341 991 1425 1037 est
1448 999 1461 1034 :
1487 979 1613 1034 Non
1637 994 1727 1032 vos

138 1082 270 1134 estis
296 1081 387 1150 qui
413 1079 703 1150 loquimini,
727 1077 817 1132 sed
837 1077 1065 1145 Spiritus
1084 1072 1257 1128 Patris
1279 1073 1433 1127 vestri
1451 1071 1540 1141 qui
1562 1068 1731 1139 loqui-

140 1183 235 1225 tur
256 1174 315 1227 in
336 1173 475 1226 vobis
497 1172 709 1237 (Matth.
724 1187 790 1234 .x,
804 1170 921 1239 20),
942 1184 1040 1237 per
1062 1168 1398 1222 incrementa
1427 1172 1729 1231 temporum

138 1261 406 1315 virtutem
436 1259 701 1314 castitatis
726 1270 1071 1321 excrescere,
1105 1256 1341 1310 maxime
1368 1262 1548 1308 autem
1577 1252 1718 1321 apud

142 1348 436 1405 ministros
462 1348 717 1403 Ecclesiae
743 1346 946 1411 docuit,
980 1346 1280 1402 decernens
1304 1346 1408 1400 hoc
1442 1344 1601 1399 modo
1631 1358 1728 1413 per

140 1440 438 1509 mysticam
478 1438 753 1494 Nicaenam
790 1438 1055 1510 synodum
1085 1438 1224 1507 (can.
1255 1439 1310 1506 5)
1341 1455 1354 1491 :
1394 1454 1415 1488 ι
1445 1435 1731 1491 Interdixit

138 1545 246 1599 per
259 1531 444 1585 omnia
468 1545 662 1601 magna
687 1531 940 1601 synodus,
968 1544 1073 1585 non
1086 1529 1361 1599 episcopo,
1384 1543 1491 1584 non
1509 1526 1747 1597 presby-.

137 1628 288 1685 tero,
315 1633 420 1674 non
442 1619 691 1685 diacono,
712 1633 813 1675 nec
839 1619 998 1674 alicui
1020 1619 1242 1673 omnino
1264 1618 1356 1688 qui
1378 1617 1431 1673 in
1454 1616 1602 1673 clero
1622 1624 1726 1681 est,

139 1708 615 1763 subintroductam
638 1709 842 1764 habere
864 1709 1167 1774 mulierem,
1193 1709 1295 1763 nisi
1317 1707 1454 1762 forte
1474 1715 1730 1773 matrem,

1833 529 1936 586 tus,
1969 522 2094 590 quia
2121 536 2188 576 ex
2213 523 2317 578 alia
2345 524 2509 590 tribu,
2536 531 2589 580 et
2613 533 2808 593 praeter
2849 542 2917 582 ex
2964 529 3168 586 semine
3195 532 3425 599 Aaron,.

1828 611 1896 685 ad
1932 612 2293 668 sacerdotium
2327 600 2506 671 nullus
2552 614 2727 672 fuerat
2776 630 3076 689 przeceptus
3122 630 3401 688 accedere,

1829 711 2034 772 quanto
2068 704 2241 775 magis
2280 704 2334 760 bi
2380 707 2688 764 sacerdotes
2720 708 2805 764 vel
2844 708 3044 785 Levitre
3089 712 3402 780 pudicitiam

1830 809 2047 850 servare
2089 796 2302 859 debent,
2345 797 2539 867 quibus
2567 799 2652 854 vel
2678 800 3070 866 sacerdotium,
3116 802 3201 856 vel
3239 803 3402 858 mini-

1830 882 2055 937 sterium
2081 883 2198 938 sine
2241 886 2581 942 successione
2608 896 2714 952 est,
2745 903 2845 944 nec
2882 890 3124 959 praeterit
3156 891 3271 946 dies
3297 907 3405 961 quo

1829 976 1915 1031 vel
1962 992 1992 1030 a
2046 976 2327 1032 sacriﬁciis
2381 978 2728 1043 divinis,-vel
2768 994 2799 1034 a
2844 980 3183 1050 baptismatis
3230 982 3406 1042 ofﬁcio

1828 1069 2060 1122 vacent?
2098 1068 2229 1123 Nam
2276 1069 2324 1124 si
2363 1068 2562 1125 Paulus
2587 1071 2750 1126 etiam
2779 1071 2930 1127 laicis
2956 1074 3150 1129 scribit
3174 1075 3361 1133 dicens
3387 1095 3431 1132 :.

1831 1156 2091 1212 Abstinete
2117 1159 2187 1212 ad
2210 1169 2432 1229 tempus,
2479 1170 2535 1214 ut
2581 1162 2768 1216 vacetis
2796 1163 3021 1216 orationi
3055 1163 3107 1235 (Ι
3146 1164 3270 1219 Cor.
3307 1180 3406 1231 νη,

1830 1246 1912 1318 5),
1957 1257 2161 1318 quanto
2205 1252 2377 1322 magis
2414 1252 2744 1317 sacerdotes,
2788 1253 2983 1323 quibus
3031 1263 3087 1310 et
3134 1258 3325 1312 orandi
3352 1267 3409 1313 et

1831 1340 2169 1397 sacriﬁcandi
2196 1343 2324 1415 juge
2365 1343 2598 1400 ofﬁcium
2628 1354 2731 1409 est,
2772 1361 2985 1416 semper
3026 1348 3299 1404 debebunt
3340 1351 3410 1405 ah

1829 1429 2092 1498 ejusmodi
2122 1435 2398 1490 consortio
2432 1436 2742 1493 abstineri?
2777 1437 2879 1504 Qui
2918 1440 2963 1494 si
3011 1442 3411 1498 contaminatus

1831 1517 1994 1574 fuerit
2039 1536 2069 1575 a
2108 1524 2311 1579 carnali
2353 1527 2803 1596 concupiscentia,
2833 1543 2942 1599 quo
2968 1528 3173 1599 pudore
3202 1533 3287 1587 vel
3321 1548 3413 1588 sa-

1829 1608 2078 1671 criﬁcare
2118 1611 2344 1669 forsitan
2391 1617 2715 1686 usurpabit?
2761 1628 2854 1674 aut
2899 1635 3005 1690 qua
3050 1625 3407 1690 conscientia,

1830 1713 2004 1767 quove
2031 1704 2223 1758 merito
2260 1707 2502 1763 exaudiri
2542 1722 2601 1763 se
2641 1709 2827 1773 credit,
2876 1726 3002 1767 cum
3052 1712 3252 1769 dictum
3295 1716 3411 1770 sit:

140 1806 242 1852 aut
268 1814 547 1865 sororem,
586 1808 679 1855 aut
719 1801 969 1865 amitam,
996 1800 1078 1854 vel
1115 1816 1207 1856 eas
1236 1809 1440 1855 tantum
1470 1815 1729 1870 personas

1841 1785 2025 1844 Omnia
2047 1793 2243 1847 munda
2269 1796 2499 1861 mundis,
2525 1771 3007 1867 inquinatis'autem
3034 1811 3083 1857 et
3112 1804 3411 1868 inﬁdelibus

138 1902 268 1957 quae
291 1890 628 1959 suspiciones
652 1889 930 1960 effugiunt.
963 1910 979 1942 ι
998 1892 1065 1946 Et
1089 1891 1213 1947 inde
1242 1891 1329 1947 lex
1356 1907 1386 1946 a
1407 1890 1732 1947 Christianis

140 1981 317 2051 719
383 1982 803 2052 imperatoribus
876 1991 961 2038 est
1010 1984 1367 2055 promulgata
1406 1984 1510 2038 hoc
1573 1984 1749 2039 modo,

140 2070 306 2141 (Cod.
348 2071 569 2138 Theod.,
611 2074 675 2127 de
709 2075 867 2143 episc.
896 2073 1068 2139 Eccl.,
1108 2083 1237 2139 etc.,
1278 2074 1314 2128 l.
1349 2074 1442 2147 44)
1487 2094 1501 2129 :
1539 2094 1558 2126 ‹
1597 2076 1733 2140 Qui-

140 2177 362 2232 cunque
399 2164 685 2221 clericatus
716 2174 938 2221 utuntur
964 2167 1161 2233 cilicio,
1200 2177 1580 2223 extraucarum
1620 2184 1747 2223 mu-.

139 2254 346 2309 lierum
375 2253 795 2313 familiaritatem
825 2258 1026 2314 habere
1054 2258 1447 2328 prohibentur:
1474 2271 1728 2326 matrum,

141 2358 399 2397 sororum
436 2384 453 2409 ,
505 2346 588 2400 vel
636 2345 867 2400 ﬁliarum
921 2345 1025 2401 sibi
1078 2346 1268 2402 solatia
1323 2348 1463 2403 intra
1514 2350 1731 2404 domum

143 2449 307 2488 suam
343 2436 592 2490 noverint
636 2444 843 2491 tantum
891 2451 1012 2492 esse
1049 2452 1329 2494 concessa.
1356 2459 1378 2492 ι
1444 2438 1550 2495 Sed
1601 2441 1731 2509 quia

144 2524 250 2579 sub
289 2526 576 2580 occasione
623 2527 849 2582 istarum
903 2544 1257 2598 personarum
1309 2530 1430 2585 aliae
1478 2531 1749 2587 mulieres.

144 2615 526 2672 subintroduci
578 2629 858 2688 cmperunt
903 2660 918 2686 ,
976 2622 1149 2677 sancti
1201 2621 1440 2677 Africani
1498 2636 1733 2677 canones

145 2706 510 2763 decreverunt
546 2710 712 2779 (conc.
743 2712 886 2781 Δίνη,
926 2727 1049 2768 can.
1085 2713 1163 2784 5),
1202 2723 1260 2767 ut
1298 2732 1316 2765 ι
1341 2728 1442 2768 nec
1478 2713 1575 2783 ipsi
1616 2714 1731 2782 epi-

145 2794 350 2865 scopi,
402 2805 495 2850 aut
536 2799 836 2871 presbyteri
870 2841 885 2866 ,
931 2801 1029 2861 soli
1074 2803 1312 2857 habeant
1347 2818 1622 2858 accessum
1665 2803 1753 2857 ad=

144 2886 378 2952 viduas,
416 2888 499 2943 vel
538 2889 808 2960 virgines,
846 2892 932 2947 vel
968 2892 1035 2947 ad
1071 2908 1419 2964 quascunque
1457 2894 1683 2950 feminas
1714 2912 1750 2949 :.

146 2979 244 3034 sed
285 2980 377 3034 ubi
413 2989 507 3059 aut
543 2982 721 3038 clerici
762 2994 1053 3053 praesentes
1087 2985 1196 3040 sint
1224 3027 1239 3051 ,
1274 2995 1377 3041 aaut
1412 3002 1603 3057 graves
1636 2987 1736 3040 ali-

146 3071 244 3141 qui
279 3070 595 3127 Christiani.
634 3092 652 3124 ›
696 3074 884 3139 Unde,
925 3076 1064 3130 sicut
1101 3077 1293 3131 beatus
1328 3077 1624 3147 Gregorius
1663 3078 1730 3131 ad

146 3158 432 3213 ministros
467 3159 718 3216 Ecclesiae
752 3162 1006 3218 Romana:
1046 3164 1261 3233 scripsit
1301 3167 1468 3235 (epist.
1496 3168 1586 3222 59.
1619 3167 1732 3222 ind.

150 3262 191 3302 ιι
223 3286 240 3313 ,
281 3247 381 3303 lib.
420 3248 518 3320 vn)
550 3289 566 3315 ,
619 3251 808 3306 beatus
855 3251 1185 3321 Augustinus
1235 3269 1334 3308 nec
1379 3271 1499 3309 cum
1549 3270 1755 3311 sorore.

150 3337 408 3395 habitare
456 3342 790 3396 consenserit
840 3343 1027 3399 dicens
1075 3361 1088 3397 :
1149 3363 1167 3397 ε
1214 3344 1344 3412 Quae
1386 3362 1509 3401 cum
1548 3364 1737 3410 sorore

148 3447 277 3486 mea
312 3418 462 3496 sunt,
502 3446 716 3487 sorores
754 3448 888 3488 mete
925 3450 1031 3488 non
1066 3444 1213 3490 sunt.
1245 3456 1265 3488 ›
1305 3437 1375 3491 Et
1409 3452 1476 3493 ex
1512 3440 1614 3494 hoc
1653 3440 1735 3494 di-

149 3521 230 3576 cit
275 3530 499 3576 sanctus
546 3520 836 3593 Gregorius
884 3538 899 3578 :
949 3542 968 3576 ι
998 3524 1151 3580 Docti
1206 3542 1337 3598 ergo
1386 3529 1487 3583 viri
1527 3531 1738 3586 cautela

153 3629 356 3685 magna
385 3614 541 3673 nobis
568 3631 686 3672 esse
711 3617 871 3673 debet
908 3619 1213 3675 instructio.
1263 3620 1396 3677 Nam
1446 3622 1744 3678 inhonestae

152 3705 595 3779 praesumptionis
615 3715 717 3773 est,
743 3709 884 3777 quod
916 3708 1071 3764 fortis
1098 3720 1274 3779 pavet,
1299 3712 1476 3769 minus
1503 3714 1740 3769 validum

156 3812 269 3850 non
320 3798 533 3854 timere.
578 3799 864 3870 Sapienter
898 3801 1041 3856 enim
1093 3803 1276 3858 illicita
1325 3807 1619 3874 superabit,
1649 3807 1743 3875 qui

154 3885 412 3940 didicerit
433 3886 720 3943 etiam'non
754 3890 830 3944 uti
862 3891 1150 3947 concessis.
1177 3911 1196 3944 ι
1219 3893 1284 3947 Ει
1308 3894 1431 3949 hinc
1452 3895 1745 3950 Christiani

158 3978 524 4046 imperatores
574 3980 743 4051 legem
794 3982 1151 4045 decreverunt
1201 3986 1442 4042 dicentes
1497 3988 1746 4059 (Novella

155 4064 456 4121 Iustiniani
486 4068 604 4136 125,
633 4088 684 4126 c.
705 4071 796 4139 29)
829 4089 844 4126 :
881 4091 898 4123 ι
928 4073 1284 4145 Presbyteris,
1321 4085 1376 4133 et
1403 4079 1661 4144 diaconis,
1691 4088 1748 4136 et

159 4159 534 4226 subdiaconis,
561 4170 616 4216 et
640 4164 760 4219 aliis
799 4164 851 4218 in
883 4165 1028 4222 clero
1060 4168 1294 4238 scriptis,
1340 4188 1443 4225 non
1466 4202 1469 4205 -
1496 4173 1746 4243 habenti-

160 4250 270 4305 bus
299 4266 516 4316 uxores,
559 4254 850 4308 secundum
891 4256 1100 4312 divinas
1129 4259 1340 4328 regulas
1372 4262 1745 4319 interdicimus

156 4348 215 4397 et
247 4355 349 4395 nos
376 4341 652 4398 mulierem
679 4343 878 4401 habere
918 4346 970 4401 in
1012 4363 1109 4403 sua
1148 4350 1329 4416 domo,
1360 4363 1585 4422 excepta
1632 4370 1747 4409 ma-

1834 1880 1966 1937 nilii!
1984 1884 2233 1938 mundum
2261 1884 2286 1937 .’
2313 1884 2440 1955 (Tit.
2472 1902 2507 1951 I,
2539 1888 2652 1958 15.)
2681 1889 2747 1944 Et
2782 1906 2849 1946 ne
2873 1892 2996 1962 quis
3026 1894 3189 1959 dicat,
3230 1896 3286 1951 Si
3312 1897 3411 1952 ha-

1832 1969 1948 2027 bito
1976 1986 2097 2025 cum
2139 1973 2472 2042 mulieribus,
2502 1976 2697 2033 suliicit
2722 1978 2855 2035 mihi
2901 1983 3230 2039 conscientia
3268 2002 3409 2053 mea,

1834 2058 2046 2119 dicente
2089 2062 2349 2132 Apostolo
2390 2083 2403 2119 :
2439 2064 2621 2122 Gloria
2668 2080 2845 2125 nostra
2884 2072 2995 2127 hwc
3038 2084 3136 2141 est,
3183 2078 3416 2133 testimo-

1834 2152 1979 2207 nium
2023 2156 2352 2210 conscientia:
2381 2167 2572 2213 nostra:
2607 2159 2695 2232 (ΙΙ
2741 2160 2865 2216 Cor.
2919 2180 2958 2227 ι,
3010 2164 3119 2237 12),
3168 2169 3413 2225 attendat

1833 2243 1977 2311 quod
2019 2244 2147 2300 item
2184 2246 2322 2301 idem
2361 2250 2490 2304 dicit
2524 2251 2833 2321 Apostolus,
2868 2270 2966 2324 per
3004 2272 3186 2327 quem,
3215 2269 3273 2313 ut
3302 2261 3415 2331 ipse

1834 2334 2103 2389 veraciter
2147 2335 2310 2406 720
2355 2336 2571 2403 fatetur,
2619 2340 2857 2411 loquitur
2902 2344 3197 2403 Christus:
3229 2348 3416 2404 Provi-

1834 2423 2011 2479 dentes
2053 2426 2188 2480 bona
2224 2444 2327 2482 non
2357 2429 2526 2484 solum
2561 2448 2741 2488 coram
2772 2433 2901 2501 Deo,
2931 2438 3021 2491 sed
3054 2438 3211 2492 etiam
3237 2457 3417 2496 coram

1835 2516 2071 2579 omnibus
2087 2518 2380 2575 hominibus
2404 2521 2582 2592 (Rom.
2610 2540 2708 2591 xu,
2744 2524 2857 2596 17).
2894 2527 2957 2582 Et
2982 2529 3111 2585 item
3142 2533 3414 2602 praecepit,

1835 2614 1895 2675 ut
1920 2607 2038 2662 sine
2060 2608 2356 2666 oll‘ensione
2377 2614 2627 2671 omnibus
2646 2615 2833 2682 simus,
2858 2634 2924 2673 ne
2950 2631 3133 2689 pereat
3153 2623 3206 2677 in
3230 2632 3416 2680 nostra

1835 2699 2163 2755 conscientia
2200 2701 2388 2769 frater,
2425 2714 2646 2776 propter
2674 2723 2834 2778 quem
2880 2711 3128 2768 Christus
3172 2724 3418 2772 mortuus

1836 2796 1941 2852 est,
1964 2789 2043 2844 sic
2075 2791 2324 2860 inquiens
2355 2812 2367 2848 :
2402 2794 2684 2852 Peccantes
2708 2800 2763 2852 in
2795 2801 3007 2869 fratres,
3044 2814 3094 2857 et
3117 2809 3415 2874 percutien-

1836 2887 1911 2932 tes
1937 2882 2306 2937 conscientiam
2320 2901 2500 2940 eorum
2520 2886 2809 2956 inﬁrmam,
2834 2891 2891 2944 in
2911 2889 3174 2948 Christum
3193 2897 3439 2965 peccatis.

1839 2968 1897 3040 (1
1935 2967 2056 3025 Cor.
2108 2987 2227 3038 vui,
2282 2973 2394 3045 12).
2449 2975 2517 3030 Ει
2558 2978 2678 3033 ideo
2732 2979 2920 3051 repleti
2969 2982 3172 3054 Spiritu
3226 2998 3419 3043 sancto

1838 3067 2147 3116 statuerunt
2187 3065 2357 3120 sancti
2390 3066 2581 3121 Patres
2609 3066 2817 3136 noStri,
2860 3078 2920 3126 ut
2956 3073 3188 3128 ministri
3235 3075 3425 3133 altaris

1844 3150 2160 3207 mulieribus
2214 3169 2317 3208 non
2371 3157 2704 3227 cohabitent,
2759 3176 2935 3232 neque
2972 3165 3445 3226 subiutroducaut.

1842 3256 2025 3297 secum
2071 3243 2344 3310 mulieres,
2368 3263 2436 3302 ne
2464 3249 2548 3303 vel
2573 3252 3009 3321 concupiscentia
3034 3256 3449 3315 conscientiam.

1844 3349 1997 3389 suam
2028 3346 2204 3403 urant,
2234 3338 2319 3392 vel
2351 3355 2616 3397 consensu
2660 3342 2899 3413 pessimo
2950 3345 3213 3416 polluant,
3254 3356 3309 3402 ct
3353 3362 3424 3403 ne

1842 3429 1925 3483 vel
1953 3429 2092 3483 mala
2123 3431 2430 3500 suspicione
2460 3433 2795 3489 inﬁrmorum
2836 3428 3202 3507 conscientias
3240 3453 3443 3494 macu-i

1844 3515 1976 3572 lent.
2030 3518 2265 3575 Proinde
2285 3522 2349 3578 de
2380 3522 2664 3578 concubitu
2690 3526 3133 3598 presbyterorum
3179 3544 3302 3584 cum
3344 3527 3443 3587 fere

1846 3610 2008 3664 minis
2035 3625 2132 3681 per
2170 3611 2530 3680 parochianos
2567 3612 2648 3668 vel
2674 3614 2884 3671 vicinos
2905 3618 3272 3689 cujuscunque
3300 3633 3429 3689 pre-

1845 3702 2048 3771 sbyteri
2097 3702 2373 3772 inquirere
2428 3718 2535 3759 non
2601 3704 2988 3764 laborabimus.
3067 3710 3280 3766 Abolita
3341 3722 3449 3769 est.

1846 3794 2043 3862 quippe
2089 3804 2239 3849 vetus
2270 3796 2513 3859 haeresis,
2558 3812 2679 3865 qum
2727 3799 2936 3868 cynica,
2988 3801 3040 3856 id
3082 3810 3166 3858 est
3210 3804 3423 3869 canina,

1846 3892 2065 3951 propter
2087 3883 2471 3951 impudentiam
2494 3884 2670 3941 fuerat
2694 3889 2984 3958 appellata,
3022 3890 3208 3949 dicens
3229 3910 3427 3950 concu-

1848 3972 2016 4025 bitum
2044 3986 2164 4026 esse
2192 3973 2511 4039 naturalem,
2537 3982 2592 4030 et
2623 3975 2694 4030 ob
2721 3977 2777 4032 id
2804 3980 3067 4049 agendum
3110 3981 3227 4037 sine
3268 3999 3427 4042 vere-

1848 4063 2040 4117 cundia
2067 4062 2299 4131 publice,
2328 4080 2451 4120 cum
2481 4065 2723 4136 legamus
2764 4070 2967 4139 primos
3010 4072 3259 4129 homines
3300 4089 3447 4132 mox

1849 4161 1970 4219 post
1995 4161 2272 4221 peccatum
2303 4154 2355 4207 in
2398 4154 2720 4212 obedientiae
2767 4159 3003 4215 sensisse
3039 4162 3427 4232 concupiscen-

1853 4240 1979 4295 tiam
2013 4241 2066 4295 in
2103 4244 2361 4299 membris
2384 4245 2725 4315 genitalibus,
2753 4256 2807 4302 et
2834 4264 2864 4303 a
2891 4250 3093 4306 mutuis
3118 4254 3426 4322 conspecti-

1848 4330 1951 4387 bus
1978 4334 2302 4389 contexisse.
2358 4333 2493 4401 Nam
2521 4336 2648 4393 licet
2690 4339 2938 4395 humana:
2975 4343 3172 4399 mentis
3212 4345 3431 4403 caecitas

160 4436 254 4485 ιη
275 4438 334 4485 ει
363 4428 466 4486 alia
487 4440 541 4487 ει
565 4447 770 4501 sorore,
798 4443 854 4491 ει
884 4436 1004 4492 aliis
1047 4442 1313 4507 personis,
1360 4457 1480 4512 qua,
1524 4458 1741 4499 omnem
1773 4447 1820 4507 ι)
1847 4423 1902 4478 in
1932 4425 2244 4493 Operatione
2278 4427 2625 4496 turpitudinis
2662 4428 2861 4487 divinis
2888 4440 2944 4488 et
2965 4433 3242 4504 angelicis,
3266 4444 3433 4507 atque

160 4520 445 4590 querelam
492 4521 783 4603 eﬂ‘ugiunt,
825 4525 883 4582 Si
931 4528 1053 4598 quis
1086 4540 1265 4585 autem
1305 4532 1559 4588 adversus
1589 4533 1749 4588 istam

160 4614 603 4672 observationem
631 4619 909 4676 mulierem
941 4621 994 4675 iu
1019 4636 1115 4677 sua
1140 4622 1299 4677 domo
1329 4624 1607 4690 habuerit,
1630 4640 1750 4696 quae

162 4714 357 4774 potest
398 4708 755 4777 suspicionem
792 4710 994 4766 inferre
1039 4713 1403 4781 turpitudinis,
1460 4723 1517 4771 et
1569 4716 1660 4771 ille
1716 4732 1755 4772 al

164 4795 492 4869 conclericis
526 4798 638 4854 suis
665 4800 916 4865 audierit,
947 4803 1088 4871 quod
1116 4819 1237 4858 cum
1256 4806 1355 4859 tali
1387 4807 1614 4863 muliere
1638 4824 1745 4863 non

164 4887 363 4943 debeat
398 4889 662 4957 habitare,
691 4901 744 4947 et
772 4892 1001 4948 noluerit
1024 4909 1141 4949 eam
1179 4911 1209 4949 a
1251 4912 1347 4951 sua
1379 4898 1539 4952 domo
1571 4887 1783 4969 repel-~'

166 4976 313 5042 lere,
337 4978 421 5032 vel
453 4990 765 5038 accusatore
793 4993 1100 5055 emergente
1126 4986 1386 5055 probatus
1408 4987 1570 5044 fuerit
1593 4991 1755 5046 inho-.

170 5076 330 5123 neste
360 5084 483 5124 cum
526 5072 616 5126 tali
665 5073 888 5129 muliere
932 5076 1156 5141 versari,
1201 5085 1330 5131 tunc
1355 5078 1636 5150 episcopus
1664 5094 1750 5136 se-

172 5157 418 5212 cundum
452 5160 846 5218 ecclesiasticos
874 5178 1106 5220 canones
1153 5165 1300 5221 clero
1344 5182 1467 5222 eum
1507 5169 1750 5239 repellat,

173 5246 346 5303 curiae
373 5249 607 5306 civitatis
642 5252 795 5322 cujus
823 5253 1050 5311 clericus
1069 5264 1156 5311 est
1178 5257 1516 5313 tradendum.
1547 5278 1567 5311 ι
1607 5260 1756 5316 Et'ut

173 5346 404 5425 saqctus
427 5338 766 5400 Innocentius
785 5344 1009 5417 (lnnoc.,
1039 5347 1196 5417 episc.
1231 5348 1266 5402 2
1300 5350 1369 5402 ad
1409 5349 1753 5425 Victricium),

176 5435 237 5481 et
264 5406 631 5497 praedecessor
671 5406 1041 5502 ejus‘Siricius
1067 5406 1327 5494 'scribunt
1358 5457 1373 5494 :
1409 5460 1428 5492 ι
1459 5440 1515 5495 Si
1561 5406 1755 5512 priscis

176 5521 518 5588 temporibus
545 5524 609 5579 de
640 5527 836 5597 templo
866 5529 957 5585 Dei
988 5531 1297 5587 sacerdotes
1325 5546 1467 5588 anno
1492 5534 1626 5591 vicis
1647 5551 1759 5592 sua:

196 5624 294 5667 Ion
332 5612 700 5682 discedebant,
746 5620 888 5675 sicut
931 5622 995 5677 de
1044 5623 1305 5679 Zacharia
1358 5624 1604 5696 legimus,
1661 5642 1761 5683 nec

174 5703 406 5762 domum
440 5723 591 5764 suam
614 5713 834 5768 omnino
866 5714 1172 5782 tangebant,
1201 5715 1394 5786 quibus
1421 5717 1603 5788 utique
1631 5733 1758 5788 pro~

1852 4528 2164 4575 sanctorum
2209 4522 2300 4592 qui
2356 4523 2412 4577 in
2458 4524 2609 4581 caelis
2655 4535 2803 4594 sunt,
2831 4528 3003 4585 oculis
3036 4533 3294 4590 abscondi
3322 4550 3435 4594 non

1850 4609 2023 4679 possit
2056 4628 2070 4663 :
2101 4618 2279 4666 tamen
2329 4613 2496 4668 etiam
2544 4616 2768 4685 quilibet
2818 4623 3125 4679 rusticanus
3175 4638 3436 4683 concum-

1850 4698 1984 4755 bens
2013 4707 2069 4755 et
2093 4716 2216 4756 cum
2241 4705 2458 4773 propria
2484 4706 2735 4777 conjuge,
2774 4720 2937 4778 prout
2961 4700 3140 4782 potest
3166 4704 3453 4785 plurimo?

1853 4807 1971 4845 rum
2014 4793 2218 4848 devitat
2257 4805 2510 4867 aspectus
2543 4817 2556 4851 :
2589 4808 2792 4874 quanto
2826 4805 2998 4874 magis
3032 4807 3348 4879 presbyter,
3386 4809 3435 4865 si

1853 4896 2071 4938 sensum
2101 4884 2332 4943 hominis
2357 4888 2538 4955 habet,
2561 4890 2759 4946 malum
2786 4908 2949 4963 agens
2967 4898 3180 4952 curabit
3200 4899 3453 4954 abscon».

1855 4976 2005 5042 dere,
2030 4988 2252 5048 propter
2293 4984 2438 5050 quod
2486 4984 2813 5053 patefactum
2858 4990 2961 5043 scit
3002 5006 3060 5044 se
3107 5006 3212 5046 non
3257 4992 3452 5049 solum’

1854 5070 2274 5127 ecclesiasticum
2305 5076 2530 5144 gradum
2561 5078 2809 5133 amittere
2830 5120 2844 5141 ,
2874 5081 2967 5134 sed
2992 5091 3048 5135 et
3071 5096 3165 5136 sua
3194 5098 3315 5153 qua:
3338 5084 3436 5139 ha-

1856 5159 1948 5214 bet
2001 5161 2055 5215 in
2100 5164 2298 5219 saeculo
2344 5167 2611 5235 perdere?
2646 5167 2762 5222 Non
2800 5170 2964 5240 igitur
2996 5171 3062 5226 de
3099 5173 3201 5228 hoc
3230 5174 3438 5231 invere-

1859 5252 2033 5307 cunde
2058 5267 2391 5323 quaeremus,
2435 5257 2578 5325 quod
2601 5266 2657 5313 et
2682 5258 2968 5328 Apostolus
2996 5275 3103 5315 non
3143 5263 3309 5327 nudo,
3339 5263 3440 5319 sed

1858 5344 2037 5400 velato
2072 5346 2288 5401 nomine
2339 5348 2562 5418 loquens
2612 5350 2752 5419 apud
2811 5350 3051 5421 legitime
3097 5352 3436 5424 conjugatos,

1861 5438 2074 5492 studuit.
2092 5440 2363 5508 appellare
2393 5441 2617 5496 dicens:
2655 5441 2851 5496 iterum
2902 5445 3215 5498 revertimini
3255 5446 3310 5499 in
3347 5445 3435 5498 id-

1859 5530 2029 5599 ipsum
2068 5529 2122 5602 (.I
2160 5529 2282 5585 Cor.
2323 5546 2418 5597 vn,
2459 5531 2538 5603 5).
2583 5532 2686 5587 Et:
2712 5532 2795 5588 Ne
2831 5536 2947 5605 quis
2984 5536 3347 5590 circumveniat
3381 5536 3451 5593 in.

1865 5622 2067 5692 negotio
2093 5622 2313 5689 fratrem
2343 5639 2496 5676 suum
2539 5622 2589 5691 (I
2630 5622 2807 5678 Thess.
2834 5640 2908 5690 ιν,
2941 5625 3015 5695 6).
3045 5624 3448 5686 Tantummodo

1866 5724 2043 5769 autem
2073 5715 2140 5769 de
2168 5728 2390 5770 accessu
2418 5723 2473 5769 et
2499 5713 2927 5786 frequentatione
2948 5731 3012 5771 ac
3037 5717 3449 5773 cohabitationo.
