4006 6338
628 372 733 429 78';

1589 363 1915 420 HINCMARI
1957 357 2355 418 RllEMENSIS
2390 358 2905 415 ARClllEPlSCOPI

3717 363 3792 419 ιιι

626 483 1065 555 presbyterorum
1096 489 1281 533 contra
1322 475 1639 532 canonicum
1693 475 2035 529 interdictum
2085 487 2206 527 eum
2240 475 2286 532 Α
2316 477 2421 523 tem
2444 484 2541 538 per
2566 476 2962 525 sacramentum
2993 470 3195 536 dicant,
3222 485 3288 526 ex
3333 470 3516 540 quibus
3541 485 3621 527 sex
3641 470 3795 543 jurent,

629 574 844 631 feminis
890 587 988 642 per
1037 567 1173 622 tales
1208 566 1453 621 homines
1481 564 1833 633 inquiremus,
1866 563 2005 616 sicut
2036 559 2207 616 sancti

628 663 870 721 Africani
897 674 1132 717 canones
1158 659 1350 729 jubent
1389 656 1597 728 (conc.,
1628 654 1793 723 Afric.
1823 669 1943 708 ean.
1976 652 2065 717 96,
2093 651 2207 720 98),

630 759 682 812 id
711 764 813 820 est,
845 766 979 823 quos
1008 749 1237 822 publica:
1265 748 1410 817 leges
1453 746 1520 801 ad
1554 745 1953 800 accusationem
1999 742 2083 797 vel
2128 751 2211 796 te-

629 844 943 901 stimonium
970 839 1259 909 recipiunt,
1293 839 1405 893 sive
1438 836 1492 891 in
1517 835 1700 900 mallo,
1749 834 1861 889 sive
1896 828 1947 887 in
1988 832 2213 887 audien-

630 938 721 990 tia.
755 934 821 988 Et
843 932 885 988 si
917 930 1253 1003 quiscunque
1276 925 1577 997 presbyter,
1610 939 1718 979 non
1743 923 1915 978 solum
1943 922 1994 975 in
2028 932 2210 976 nostra

628 1025 903 1096 parochia,
935 1021 1030 1078 sed
1060 1020 1113 1075 in
1139 1028 1322 1075 nostra
1357 1016 1579 1071 dimcesi
1607 1013 1910 1077 confessus,
1939 1012 2021 1065 vel
2056 1011 2211 1082 legali

626 1133 694 1172 ac
714 1114 946 1187 regulari
971 1112 1177 1184 judicio
1203 1110 1363 1165 fuerit
1385 1107 1684 1170 convictus,
1716 1107 1784 1161 de
1811 1104 2214 1159 cohabitatioue

631 1205 719 1261 vel
739 1201 1199 1274 frequentatione,
1226 1199 1340 1254 sive
1370 1212 1591 1252 accessu
1620 1210 1743 1251 eum
1783 1193 1998 1249 feminis
2024 1201 2213 1248 contra

631 1313 892 1363 canones,
934 1295 1108 1351 modis
1150 1292 1419 1352 omnibus,
1465 1288 1761 1344 secundum
1809 1287 2023 1342 decreta
2069 1285 2213 1341 beati

631 1387 902 1460 Gregorii,
945 1386 1064 1441 sine
1094 1383 1290 1455 gradus
1316 1381 1398 1435 sui
1440 1378 1777 1434 restitutione
1803 1376 2132 1446 deponetur,
2160 1381 2216 1428 et

627 1482 784 1553 juxta
805 1476 1096 1549 capitulum
1117 1474 1295 1544 magni
1316 1472 1512 1527 Leonis
1534 1484 1706 1541 papae,
1726 1469 1867 1539 quod
1893 1468 2021 1522 dicit
2040 1467 2212 1537 (epist.

634 1575 663 1628 1
694 1570 953 1643 episcopis
1004 1583 1096 1638 per
1132 1562 1497 1635 Campaniam)
1543 1577 1556 1613 :
1598 1559 1710 1614 Hoc
1746 1558 1928 1627 itaque
1972 1554 2216 1611 admoni-

635 1664 713 1718 tio
753 1669 938 1715 nostra
981 1655 1287 1719 denuntiat,
1332 1652 1473 1722 quod
1513 1650 1557 1706 si
1585 1650 1708 1719 quis
1750 1648 1983 1702 fratrum
2028 1652 2217 1700 contra

632 1756 752 1809 haec
779 1750 1069 1807 constituta
1092 1747 1276 1801 venire
1301 1741 1609 1806 tentaverit,
1646 1749 1699 1794 et
1726 1739 1993 1809 prohibita
2026 1736 2212 1802 fuerit,

2313 567 2368 613 et
2400 559 2693 628 septimus,
2738 560 2783 613 si
2813 560 3053 615 conditio
3079 561 3160 614 vel
3205 561 3431 630 qualitas
3465 576 3675 631 personat
3705 578 3798 631 per-

2312 649 2517 715 mittit,
2560 651 2630 705 ad
2663 650 2926 720 judicium
2954 661 3112 707 exeat
3133 652 3276 721 quod
3307 650 3379 705 illi
3406 664 3469 706 ex
3501 651 3802 710 veritateinde

2312 754 2410 808 per
2438 747 2835 794 sacramentum
2866 739 3150 796 dixerunt:
3190 740 3318 812 quia
3366 740 3507 795 multi
3534 738 3633 809 ian:
3662 741 3805 811 depre-

2314 826 2466 882 hensi
2498 829 2639 898 apud
2684 844 2784 884 nos
2822 830 3110 893 habentur,
3135 830 3388 898 quoniam
3416 831 3576 901 pretio
3612 833 3804 889 conducti

2314 934 2371 975 se
2397 919 2827 989 perjuraverunt.
2876 918 2943 972 Et
2978 918 3023 972 si
3056 918 3157 972 hoc
3185 918 3346 973 modo
3371 920 3633 990 presbyter
3670 923 3806 975 eonvi-

2315 1019 2434 1063 etus
2462 1008 2625 1063 fuerit
2641 1010 2706 1063 de
2728 1008 3123 1063 inconvenienti
3154 1007 3545 1062 eohabitatione
3564 1024 3667 1064 cum
3688 1008 3805 1066 femi-

2314 1098 2419 1161 nis,
2460 1098 2778 1167 deponetnr,
2808 1098 2948 1152 sicut
2977 1096 3227 1151 Zosimus
3270 1111 3406 1166 papa
3430 1096 3642 1151 decrevit
3672 1100 3808 1154 ditem

2315 1189 2490 1257 (epist.
2540 1189 2610 1242 ad
2666 1187 3022 1260 Hesycltium,
3074 1205 3191 1257 cap.
3243 1187 3345 1258 2):
3400 1206 3418 1239 ι
3449 1186 3584 1242 Sciat
3624 1190 3809 1260 quisquis
3900 1192 3901 1260 ξ

2314 1280 2613 1350 postposita
2650 1279 2870 1334 Patrum
2917 1288 2972 1335 et
3014 1279 3329 1349 apostolicae
3377 1279 3512 1334 sedis
3555 1282 3806 1336 auctoritate
3900 1279 3901 1341 l

2314 1374 2637 1444 neglexerit,
2676 1389 2704 1428 a
2743 1374 2898 1428 nobis
2934 1374 3236 1428 districtius
3276 1372 3635 1443 judicandurn,
3662 1382 3708 1427 ut
3738 1374 3809 1429 loci

2317 1465 2402 1520 sui
2448 1465 2672 1520 minime
2707 1465 2917 1520 dubitet
2960 1464 3062 1519 sibi
3093 1479 3201 1519 non
3248 1470 3492 1519 constare
3522 1464 3808 1528 rationem,si

2317 1553 2422 1609 hoc
2447 1562 2599 1626 putat
2622 1562 2743 1624 post
2772 1561 2850 1610 tot
2883 1553 3283 1625 prohibitiones
3329 1554 3539 1624 impune
3564 1567 3697 1624 posse
3730 1563 3810 1607 ten-

2317 1646 2443 1708 tari.
2473 1645 2826 1700 Contumelia:
2868 1646 3013 1700 enim
3059 1644 3245 1699 studio
3288 1642 3385 1710 ﬁt,
3415 1642 3652 1713 quidQuid
3688 1643 3807 1698 inter-

2319 1727 2521 1792 dieium
2551 1737 2713 1791 toties
2738 1744 3050 1806 usurpatur.
3091 1755 3110 1788 ι

634 1860 800 1901 ausus
839 1841 1142 1904 admittere,
1175 1853 1204 1891 a
1237 1852 1335 1891 suo
1360 1850 1419 1890 se
1446 1832 1657 1889 noverit
1680 1831 1856 1887 ollicio
1895 1832 2218 1885 submoven-
2246 1822 2292 1882 Β
2388 1824 2554 1880 XXII.
2592 1825 2650 1879 lu
2685 1826 2801 1895 lege
2829 1835 2913 1880 est
2941 1834 3226 1890 statutum,
3253 1825 3398 1896 quod
3428 1834 3482 1881 et
3522 1825 3571 1879 in
3596 1823 3809 1894 Evargelio

636 1936 788 1998 dmu,
816 1946 916 1986 nec
936 1922 1334 1984 communionis
1356 1932 1553 1978 nostra:
1574 1921 1816 1975 futurum
1843 1935 1963 1974 esse
1992 1932 2218 1974 consor-

636 2039 769 2090 tem,
804 2022 1085 2093 quisotius
1111 2018 1281 2073 noluit
1309 2030 1432 2070 esse
1454 2013 1771 2082 disciplinae.
1827 2010 1906 2066 Ne
1933 2010 2061 2080 quid
2089 2023 2219 2064 vero

632 2118 711 2173 sit
730 2114 873 2185 quod
899 2109 1322 2182 prietermissum
1351 2104 1488 2160 forte
1517 2101 1722 2156 anubis
1745 2101 2018 2163 credatur,
2037 2097 2218 2152 omnia

636 2205 926 2264 deeretalia
937 2201 1229 2259 constituta
1248 2207 1356 2251 tam
1371 2199 1542 2252 beatae
1557 2192 1946 2249 recordationis
1960 2190 2219 2245 Innocen-

637 2298 723 2363 tii,
744 2310 906 2367 quam
929 2291 1172 2349 omnium
1195 2290 1539 2344 deeessorum
1565 2291 1897 2347 nostrorum,
1921 2295 2040 2352 quae
2061 2281 2125 2334 dc
2137 2294 2222 2335 ec-

626 2385 954 2444 clesiasticis
971 2380 1274 2444 ordinibus,
1287 2385 1616 2432 etcanonum
1640 2373 1981 2444 promulgata
1997 2378 2125 2425 sunt
2139 2370 2221 2424 di-

635 2479 899 2550 sciplinis,
927 2474 1085 2546 721
1111 2472 1185 2527 ita
1211 2485 1241 2524 a
1262 2476 1440 2524 vestra
1453 2466 1737 2521 dilectione
1752 2463 2009 2518 custodiri
2026 2461 2221 2516 debere

635 2572 991 2633 mandamus,
1031 2576 1091 2621 ut
1120 2565 1167 2620 si
1210 2563 1332 2634 quis
1369 2564 1423 2616 in
1468 2558 1561 2614 illa
1604 2556 1975 2622 commiserit,
2005 2554 2219 2610 veniam

633 2664 739 2719 sibi
782 2661 1039 2729 deinceps
1085 2656 1298 2712 noverit
1341 2649 1619 2722 denegari.
1662 2668 1681 2702 ι
1738 2649 1876 2703 Nam
1923 2657 1979 2721 et
2030 2647 2222 2704 beatus

633 2752 969 2825 Augustinus
1004 2762 1102 2804 suo
1142 2744 1553 2815 archiepiscopo
1597 2741 1664 2796 de
1706 2739 2056 2795 Abundantio
2099 2753 2222 2808 prc-

637 2848 858 2919 sbytero
911 2854 1026 2899 suae
1086 2837 1361 2910 parochia:
1414 2836 1487 2889 ita
1541 2832 1759 2902 scripsit
1802 2832 1973 2901 (epist.
2032 2829 2217 2892 256):

642 2959 662 2991 ι
696 2937 834 3006 Quia
885 2946 1008 2989 eum
1044 2947 1153 2987 non
1191 2927 1492 2984 ambularet
1515 2925 1633 2980 vias
1662 2939 1939 2979 servorum
1966 2922 2084 2984 Dei,
2114 2936 2223 2976 non

640 3033 841 3086 bonam
887 3028 1086 3079 famam
1118 3022 1319 3078 habere
1360 3017 1543 3088 erepit.
1577 3016 1692 3082 Qua
1732 3029 1832 3084 ego
1874 3012 2220 3077 conterritus,

636 3137 748 3180 non
780 3128 958 3174 tamen
987 3124 1195 3170 temere
1234 3110 1438 3182 aliquid
1471 3108 1720 3171 credens,
1752 3106 1844 3160 sed
1885 3105 2045 3174 plane
2077 3103 2225 3158 solli-

2320 1925 2407 1974 eSt
2432 1917 2831 1981 conﬁrmatum,
2854 1926 2914 1971 ut
2935 1917 2988 1971 in
3009 1932 3105 1971 ore
3127 1917 3360 1971 duorum
3383 1915 3466 1970 vel
3485 1916 3628 1969 trium
3653 1915 3805 1968 testium

2321 2014 2430 2063 aet
2477 2022 2642 2062 omne
2700 2007 2923 2061 verbum
2989 2006 3209 2076 (Matth.
3266 2011 3457 2076 xviii).
3503 2004 3563 2060 Et
3597 2003 3807 2073 Apostolus

2323 2095 2610 2150 Timotheo
2636 2095 2879 2164 praecipit
2918 2094 2972 2165 (I
3010 2094 3146 2148 Tim.
3177 2093 3263 2166 v),
3295 2094 3349 2148 in
3377 2093 3524 2163 cujus
3547 2108 3750 2163 persona,
3770 2099 3809 2143 ut

2320 2182 2431 2239 Leo
2472 2183 2633 2249 dicit,
2681 2183 2921 2238 omnium
2974 2182 3181 2238 Christi
3229 2183 3558 2239 sacerdotum
3596 2197 3803 2237 numerum

2321 2274 2586 2339 erudivit,
2637 2284 2698 2328 ut
2740 2272 3013 2328 accusatio
3063 2273 3330 2328 adversus
3369 2272 3697 2343 presbyterum
3734 2287 3803 2324 nou

2323 2364 2637 2434 recipiatur,
2682 2364 2787 2419 nisi
2832 2367 2932 2419 sub
2969 2364 3181 2419 duobus
3213 2362 3298 2417 vel
3340 2363 3506 2417 tribus
3550 2362 3738 2417 testibus.
3762 2359 3805 2413 Et

2325 2457 2487 2528 722
2516 2471 2731 2511 sacrum
2767 2455 3044 2510 Nicamum
3080 2454 3375 2510 concilium
3405 2453 3539 2524 (can.
3564 2452 3611 2523 2)
3633 2451 3800 2520 neophy-

2327 2557 2438 2604 tum
2460 2548 2790 2618 episcopum,
2819 2561 2849 2601 a
2891 2546 3103 2601 duobus
3139 2546 3228 2601 vel
3256 2545 3428 2600 tribus
3457 2544 3657 2599 testibus
3678 2543 3805 2596 redar-

2326 2647 2547 2710 gutum,
2598 2653 2630 2691 a
2680 2636 2827 2692 clero
2878 2636 3153 2703 abstinere
3198 2635 3474 2705 praecepit.
3510 2631 3606 2687 Sed
3643 2630 3735 2700 quia
3767 2629 3801 2680 in

2326 2729 2555 2785 historia
2593 2727 2854 2784 Susanna:
2877 2728 3040 2799 (Dan.
3066 2727 3189 2798 xui)
3216 2728 3353 2783 duos
3384 2734 3556 2787 testes,
3583 2724 3659 2795 qui
3682 2720 3802 2777 idonei

2325 2820 2541 2891 p0pulis
2591 2819 2946 2885 videbantur,
3000 2826 3057 2873 et
3105 2819 3163 2873 in
3214 2818 3441 2873 historia
3483 2809 3802 2883 Nabutbaawl

2328 2913 2458 2984 Reg.
2490 2913 2632 2983 ut),
2673 2927 2860 2967 verum
2905 2920 2963 2967 et
2998 2912 3051 2966 in
3101 2910 3330 2967 historia
3373 2909 3621 2979 passionis
3644 2902 3801 2963 Domini,

2312 3003 2464 3058 'duos
2511 3011 2679 3058 testes
2734 3001 2935 3056 dixisse
2996 3000 3193 3055 falsum
3260 2997 3606 3054 testimonium
3651 2992 3803 3062 legimus

2330 3092 2547 3165 (Matth.
2577 3091 2727 3163 xxvi)
2757 3111 2769 3145 :
2815 3090 3071 3161 quoniam
3115 3090 3369 3146 Christus
3400 3089 3489 3143 Dei
3528 3087 3673 3140 virtus
3689 3078 3804 3137 etDei

638 3173 804 3270 ditior
831 3208 1026 3271 factus,
1055 3217 1279 3273 operam
1315 3173 1456 3263 dedi,
1501 3198 1547 3253 si
1575 3212 1684 3267 quo
1718 3173 1899 3251 modo,
1917 3209 2128 3265 possem
2158 3193 2225 3249 ad
2254 3180 2298 3243 C
2330 3182 2592 3256 sapientia
2613 3186 2765 3251 dicit,
2798 3182 2903 3238 Per
2930 3200 3012 3237 me
3042 3183 3340 3237 conditores
3375 3180 3534 3251 legum
3547 3179 3669 3248 juxta
3686 3173 3804 3226 decer-

640 3301 821 3372 aliqua
867 3296 1021 3352 mala:
1046 3288 1475 3350 conversationis
1501 3286 1618 3356 ejus
1644 3296 1793 3341 certa
1822 3285 2111 3354 pervenire
2146 3283 2227 3336 ia-

640 3390 803 3447 dieia.
835 3385 917 3441 Ae
958 3384 1139 3455 primo
1185 3376 1422 3448 comperi
1454 3389 1579 3432 eum
1612 3372 1898 3445 pecuniam
1946 3371 2228 3441 cujusdam

640 3477 903 3537 rusticani
934 3476 999 3532 de
1026 3474 1154 3528 vino
1179 3469 1320 3542 apud
1352 3482 1412 3522 se
1432 3464 1807 3521 commendato
1840 3459 2226 3523 intervertisse,

643 3575 720 3630 ita
749 3580 811 3628 ut
840 3568 1043 3641 nullam
1071 3565 1200 3620 inde
1223 3567 1405 3632 posset
1424 3554 1761 3628 probabilem
1789 3552 2057 3609 rationem
2099 3552 2225 3606 red-

644 3663 793 3718 dere.
825 3656 1028 3714 Deinde
1053 3652 1335 3709 eonvietus
1363 3655 1526 3717 atque
1551 3643 1833 3700 confessus
1860 3650 1963 3706 est,
1991 3655 2112 3696 eum
2145 3652 2231 3694 se-

644 3770 771 3811 cum
801 3750 1007 3807 nullum
1031 3746 1287 3802 clericum
1317 3739 1563 3803 haberet,
1597 3737 1736 3808 apud
1759 3734 2048 3807 quamdam
2077 3730 2232 3786 mala:

645 3843 806 3900 fama:
836 3838 1136 3902 mulierem,
1164 3843 1220 3890 et
1243 3831 1546 3904 prandisse,
1579 3837 1634 3884 et
1667 3840 1934 3892 ccenasse,
1973 3832 2030 3880 et
2068 3823 2121 3877 in
2147 3822 2234 3876 vi~

648 3936 769 3992 cina
796 3941 853 3989 et
890 3931 944 3986 in
966 3928 1156 3985 eadem
1184 3925 1345 3980 domo
1374 3920 1657 3977 mansisse.
1691 3915 1823 3973 Nam
1854 3931 1974 3986 quae
2016 3912 2235 3984 negavit

647 4026 762 4083 Deo
790 4021 969 4080 dimisi
1002 4037 1014 4073 :
1046 4032 1167 4089 qua:
1215 4013 1494 4071 occultare
1522 4009 1818 4080 permissus
1845 4021 1953 4061 non
1980 4015 2065 4061 est
2089 4003 2235 4075 judi-

647 4116 789 4174 cavi.
826 4133 846 4168 ι
894 4112 1189 4183 Propterea
1214 4149 1228 4173 ,
1261 4107 1400 4163 sicut
1428 4103 1486 4160 S.
1519 4101 1816 4172 Gregorius
1840 4098 2104 4163 decrevit,
2134 4110 2235 4166 per

648 4212 897 4273 idoneos,
930 4215 990 4260 ut
1016 4200 1398 4275 prsemisimus,
1433 4205 1598 4253 testes
1626 4198 1972 4250 sacramento
1998 4189 2237 4259 inquire-

652 4313 745 4357 tur
770 4301 838 4356 de
875 4296 1032 4353 mala:
1069 4292 1233 4347 fama:
1257 4290 1596 4361 presbytero,
1637 4294 1692 4339 et
1719 4282 1809 4353 qui
1840 4280 2063 4350 proinde
2086 4277 2238 4348 jura-

654 4393 811 4458 bunt,
842 4391 950 4445 hoc
976 4385 1135 4441 modo
1173 4381 1366 4453 singuli
1391 4377 1574 4449 jurent
1606 4395 1619 4431 :
1660 4394 1689 4428 τι
1725 4375 1802 4430 De
1832 4375 1934 4428 hoe
1960 4370 2102 4441 quod
2141 4385 2238 4426 me

649 4478 1020 4551 interrogabis
1060 4478 1126 4532 de
1177 4475 1282 4529 iste
1331 4471 1664 4543 presbytero,
1715 4466 1845 4535 quid
1872 4465 1999 4519 inde
2034 4464 2229 4528 sciam,

653 4591 738 4631 'ne
776 4571 985 4629 sciente
1010 4580 1113 4623 nec
1145 4562 1486 4620 mendacium
1525 4559 1624 4613 tibi
1662 4557 1837 4612 dicam
1863 4595 1879 4621 ,
1903 4569 2004 4609 nec
2031 4553 2234 4607 verita-

672 4682 761 4722 em
795 4660 1056 4723 reticebo,
1086 4658 1131 4715 si
1156 4671 1242 4713 me
1262 4656 1406 4712 Deus
1428 4650 1662 4719 adjuvet,
1689 4659 1743 4702 et
1760 4647 1845 4701 isti
1875 4644 2048 4701 sancti
2073 4643 2190 4699 Dei.
2213 4660 2233 4694 ι

648 4760 785 4816 Post
812 4754 955 4814 istud
982 4730 1410 4812 sacramentum,
1441 4741 1767 4814 interrogari
1796 4740 1957 4795 debet
1996 4738 2097 4791 hoc
2124 4751 2241 4790 mo-

651 4852 721 4905 do
747 4866 761 4903 :
799 4867 818 4902 ι
850 4844 1040 4903 Sancti
1069 4854 1304 4900 canones
1324 4835 1659 4909 przccipiunt,
1689 4839 1748 4885 ut
1774 4829 2058 4900 presbyter
2080 4826 2241 4880 talem

658 4952 975 5001 accessum,
1017 4944 1071 4988 et
1105 4926 1594 5000 frequentationem
1628 4964 1641 4987 ,
1685 4935 1749 4976 ac
1783 4915 2245 4973 eohabitationem

659 5047 783 5086 eum
825 5026 1040 5084 feminis
1074 5039 1181 5079 non
1223 5020 1421 5076 habeat
1444 5057 1458 5083 ,
1503 5015 1646 5070 unde
1683 5011 1824 5067 mala
1860 5009 2095 5079 suspicio
2120 5048 2136 5073 ,
2175 5016 2234 5062 et

659 5116 1047 5178 inconveniens
1073 5108 1341 5169 sacerdoti
1370 5106 1511 5160 fama
1535 5102 1707 5173 possit
1740 5100 1912 5156 exire.
1944 5097 2245 5167 Propterea

658 5213 750 5267 die
777 5209 933 5274 mihi,
976 5207 1023 5261 si
1051 5202 1256 5267 vidisti,
1300 5206 1393 5254 aut
1416 5210 1516 5266 pro
1544 5201 1694 5249 certo
1722 5191 1828 5246 seis
1875 5188 2039 5244 talem
2066 5200 2251 5241 acces-

663 5316 806 5366 sum,
827 5299 914 5355 vel
943 5293 1340 5367 frequentiam,
1375 5294 1470 5343 aut
1514 5282 1972 5340 eohabitationem
2015 5277 2250 5333 feminas

662 5392 866 5449 habere
890 5402 1014 5444 eum
1043 5388 1149 5441 isto
1171 5381 1507 5455 presbytero,
1532 5373 1677 5429 unde
1703 5371 1843 5426 mala
1872 5369 2106 5440 suspicio
2128 5381 2250 5423 esse

665 5483 862 5555 possit,
895 5490 950 5535 et
972 5474 1282 5532 mala't'ama
1312 5469 1463 5525 exire
1486 5463 1680 5538 possit,
1711 5462 1767 5517 in
1798 5460 1888 5516 illo
1908 5468 2253 5515 sacramento

665 5552 811 5644 quod
836 5569 996 5626 modo
1019 5566 1215 5639 jurasti
1260 5574 1321 5618 ut
1349 5560 1635 5617 veritatem
1678 5555 1804 5610 inde
1843 5568 1952 5609 non
2000 5552 2252 5616 reticeas,

668 5640 726 5718 et
754 5658 1090 5717 mendacium
1127 5655 1250 5710 inde
1279 5666 1386 5707 non
1420 5648 1589 5703 dicas.
1626 5664 1645 5697 ι
1698 5643 1768 5699 Et
1814 5640 2061 5711 exceptis
2090 5654 2255 5693 aecu-

670 5753 966 5814 ntoribus,
995 5758 1201 5819 septem
1226 5744 1336 5820 sint
1361 5742 1527 5797 testes
1556 5734 1757 5803 idonei,
1786 5734 1880 5804 qui
1903 5731 2026 5787 inde
2051 5730 2252 5788 verita-

2332 3289 2459 3334 nunt
2489 3276 2674 3351 (Prov.
2700 3292 2823 3344 vm,
2854 3276 2941 3348 l5)
2972 3295 2984 3330 :
3025 3284 3079 3332 et
3103 3283 3329 3330 sanctus
3352 3270 3618 3342 Gregorius
3636 3266 3807 3333 ireque!-

2333 3380 2413 3426 ter
2441 3371 2494 3424 in
2523 3370 2765 3440 epistolis
2791 3370 2902 3425 suis
2926 3383 3144 3424 causam
3174 3368 3536 3422 ministrorum
3569 3352 3805 3416 ecclesiasti-

2331 3477 2518 3517 corum
2563 3461 2804 3531 legaliter
2842 3469 2897 3514 et
2925 3457 3249 3529 regularitei
3278 3455 3511 3526 praecipit
3550 3447 3804 3511 deliniaret

2332 3560 2558 3609 sanctus
2598 3551 2931 3620 Augustinus
2955 3563 3237 3617 exponens
3276 3546 3598 3603 sententiam.
3618 3532 3802 3608 Apostoli.

2334 3641 2393 3698 Si
2419 3643 2537 3712 quis
2560 3641 2725 3711 frater
2750 3639 3056 3694 nominatur
3077 3638 3370 3707 fornicator
3397 3635 3446 3707 (I
3472 3633 3582 3689 Cor.
3605 3646 3648 3694 ν,
3674 3626 3803 3712 ille!

2335 3709 2713 3797 caetera,rdicit
2737 3748 2750 3783 ε
2783 3748 2801 3780 ι
2834 3727 3011 3783 Noluit
3035 3728 3326 3797 Apostolus
3353 3724 3603 3781 hominem
3627 3716 3680 3772 ab
3698 3709 3804 3768 homi-

2338 3840 2408 3880 ne
2431 3822 2665 3893 judicari
2696 3837 2765 3876 ex
2794 3818 3020 3874 arbitrio
3052 3817 3395 3888 suspicionis,
3424 3814 3504 3868 vel
3529 3811 3666 3867 etiam
3687 3810 3804 3893 exin:

2337 3888 2618 3973 ordinario
2655 3920 2916 3982 usurpato
2954 3909 3188 3980 judicio;
3236 3909 3331 3963 sed
3363 3907 3530 3979 potius
3559 3917 3614 3958 ex
3644 3898 3727 3966 lege
3747 3888 3804 3945 [ιεὶ

2336 4008 2635 4065 secundum
2664 4005 2910 4061 ordinem
2952 4001 3207 4057 Ecclesia-
3233 4042 3249 4067 ,
3288 3995 3399 4055 sive
3422 3997 3552 4052 ultro
3573 3987 3802 4047 confessum.

2337 4100 2452 4156 sive
2465 4106 2775 4154 accusatum
2803 4101 2965 4162 atque
2989 4091 3450 4155 convictum,eam
3487 4073 3801 4164 nominatione“

2337 4191 2524 4247 volens
2551 4186 2797 4257 intelligi,
2826 4198 2948 4254 qua:
2970 4182 3031 4236 fit
3052 4182 3106 4237 in
3148 4192 3469 4251 quemquam
3490 4186 3601 4228 cum
3619 4165 3802 4257 sententia

2339 4284 2534 4339 ordine
2553 4254 2863 4352 judiciario,
2891 4285 2946 4331 et
2978 4289 3098 4343 quae
3124 4289 3248 4328 eum
3279 4269 3567 4337 integritate
3600 4254 3803 4352 proicitur:

2340 4373 2474 4427 Nam
2499 4342 2884 4425 si'nentinatio
2907 4342 3019 4419 sola
3047 4361 3263 4426 sulllcit,
3301 4359 3448 4416 multi
3473 4342 3805 4440 damnandismll

2342 4467 2679 4521 innocentes,
2719 4456 2845 4526 quia
2893 4468 3037 4524 stepe
3078 4450 3217 4506 falso
3256 4452 3306 4505 in
3346 4453 3637 4517 quemquam
3669 4436 3805 4526 cum

2264 4531 2316 4590 D
2345 4554 2672 4611 nominatur.
2696 4525 2751 4604 In
2783 4543 3131 4602 accusatione
3156 4541 3570 4613 presbyterorum
3587 4525 3803 4613 denuntero

2345 4645 2564 4702 testium
2597 4642 2912 4696 idoneorum
2955 4605 3335 4690 auctoritatem
3374 4628 3537 4697 legum

2345 4697 2599 4796 vidimus,
2629 4739 2691 4786 ut
2722 4736 2930 4798 septem
2957 4732 3141 4787 testes,
3172 4730 3233 4775 ut
3261 4731 3419 4789 supra
3445 4711 3663 4768 diximus,

2348 4792 2696 4894 requirantur
2723 4837 2737 4873 :
2760 4792 2817 4873 e-t
2844 4818 2887 4871 si
2923 4816 3063 4869 ratio
3082 4812 3168 4866 vel
3196 4825 3357 4868 causa
3381 4799 3610 4873 εοθὲθτίίν
3633 4792 3805 4894 quany

2351 4880 2526 4971 decim
2568 4913 2651 4966 vel
2684 4908 2868 4980 viginti
2901 4916 2955 4960 et
2986 4920 3125 4959 unus
3165 4910 3332 4959 testes
3356 4899 3647 4969 quaerantur,
3682 4884 3725 4932 ιιι
3749 4880 3805 4923 π’

2350 5006 2486 5059 ritas
2511 5000 2780 5072 patefacta
2808 5004 3158 5051 monstretur.

2419 5040 3184 5156 i’ﬁtﬁ“{;t";,."§;"'s‘;:;;o
3224 5073 3407 5147 ramo)
3450 5068 3501 5124 Si
3544 5040 3804 5156 emt"

2352 5135 2604 5234 ιαιῖξιζῖέ
2623 5135 3094 5231 verisimilitudine
3119 5135 3235 5239 per.
3252 5135 3541 5237 parochiam
3576 5151 3631 5204 de

2354 5279 2472 5326 tero
2499 5268 2716 5333 exierit,
2743 5274 2801 5322 et
2824 5225 3171 5320 accusatores
3195 5225 3353 5329 atque
3389 5260 3538 5310 testes
3569 5225 3803 5333 legalestllf'

3060 5316 3243 5408 corda
3269 5316 3336 5404 de
3356 5343 3483 5402 mala
3514 5316 3803 5432 famelici");

2362 5453 2464 5511 teri
2519 5449 2910 5522 percutiantur,
2967 5454 3023 5499 et
3073 5457 3144 5499 ne
3182 5441 3499 5530 vituperetur
3542 5412 3801 5539 ψὶἓῗῖιηὲ

2358 5509 2627 5599 nostrum.
2658 5552 2793 5592 neve
2840 5509 3143 5591 securiores
3181 5518 3463 5601 presbyteri
3497 5509 3800 5601 existenlei

2358 5634 2568 5689 centius
2602 5631 2657 5685 in
2682 5636 2964 5700 peceatum
3010 5623 3277 5683 labantur,
3316 5607 3577 5716 secundum
3609 5589 3802 5716 (33:33

2357 5724 2601 5797 Gregorii
2623 5672 2854 5793 jubioris
2880 5717 2951 5774 sit
2968 5711 3335 5786 jusjurandum
3358 5707 3408 5761 in
3427 5693 3592 5755 medio,
3610 5695 3653 5741 cl
3670 5672 3785 5734 1111’"

2609 5802 2621 5829 Ι
