4006 6338
149 342 267 405 735

1240 346 1580 405 CAPITULA
1621 343 2102 405 PBESBYTERIS
2141 351 2341 408 DATA.

3326 356 3430 427 περ

159 462 325 519 mala-
353 460 510 517 famm
534 463 881 536 presbyterio
914 475 1257 520 sacramento
1284 462 1621 536 purgationis
1640 461 1830 520 suaeA
1855 460 2024 532 culpae
2046 464 2114 518 ad
2144 466 2323 521 nullos
2339 468 2512 539 magis
2534 467 2829 523 referendae
2856 476 3009 533 sunt,
3044 483 3206 540 quam
3238 468 3303 525 ad
3334 469 3457 546 de-j

158 568 289 608 eum
324 562 537 618 testem,
576 569 732 623 quem
767 555 985 609 habebit
1012 565 1068 610 et
1089 555 1351 626 jttdicem.

239 640 431 695 XXIV.
463 642 528 696 Et
547 642 801 711 quoniam
828 642 1056 715 legimus
1084 645 1136 698 in
1168 644 1409 714 epistolis
1434 643 1582 698 beati
1612 643 1752 700 Gre-

158 734 338 804 gorii,
389 747 531 802 smpe
580 733 898 790 infamatum
940 738 1276 792 sacerdotem
1330 737 1382 792 in
1426 737 1751 807 purgatione

158 838 281 878 sum
312 822 470 878 famze
505 832 712 879 tantum
741 825 1120 897 jusjurandum
1142 828 1463 898 praebuisse,
1486 838 1542 883 et
1565 829 1750 900 legalis

69 954 75 960 .
158 924 334 984 atque
367 914 664 984 apostolica
711 923 767 970 et
804 918 1064 972 canonica
1114 918 1411 973 auctoritas
1454 919 1613 973 triuut
1666 929 1750 973 te-

159 1007 336 1061 stium
363 1006 730 1062 testimonium
754 1010 946 1079 recipit
983 1012 1049 1066 ad
1083 1012 1609 1075 condemnationem,
1642 1027 1749 1067 non

159 1096 270 1152 abs
293 1113 354 1153 re
378 1094 591 1153 videtur
618 1099 669 1154 si
703 1101 994 1171 recipiatur
1027 1104 1094 1158 ad
1138 1104 1532 1174 purgationem.
1566 1105 1624 1159 lu
1658 1104 1753 1159 Hi-

159 1189 340 1242 storia
367 1203 581 1260 quoque
627 1205 807 1257 sacra,
838 1200 893 1247 et
930 1193 985 1248 in
1026 1194 1251 1264 epistola
1296 1195 1437 1250 beati
1477 1195 1749 1265 Gregorii,
1788 1264 1791 1267 _

158 1279 398 1351 legimus
450 1282 666 1337 beatum
713 1282 937 1339 Petrum
990 1286 1356 1356 apostolorum
1404 1287 1747 1357 principem,

158 1385 294 1426 cum
324 1387 354 1425 a
396 1371 642 1428 ﬁdelibus
686 1376 1048 1444 reprehensus
1090 1378 1252 1432 fuerit
1297 1393 1395 1434 cur
1431 1379 1496 1433 ad
1527 1379 1750 1449 gentiles

161 1461 446 1529 intrasset,
477 1465 669 1522 humili
698 1483 792 1523 eos
818 1470 1027 1524 ratione
1052 1471 1317 1539 placasse,
1349 1480 1511 1541 atque
1539 1472 1590 1526 iu
1616 1489 1749 1527 cau-

157 1566 231 1606 sa
245 1552 681 1620 reprehensionis
698 1571 809 1611 suae
833 1558 996 1613 etiam
1016 1569 1181 1614 testes
1204 1559 1516 1614 adhibuisse
1538 1560 1746 1625 dicens,

171 1637 443 1709 Venerunt
475 1654 649 1698 autem
680 1662 881 1700 mecum
920 1658 968 1703 et
1007 1665 1096 1703 aea:
1132 1648 1323 1718 fratres
1363 1649 1451 1704 isti
1494 1649 1632 1723 (Act.
1666 1666 1746 1717 xt,

166 1729 283 1802 12).
308 1730 377 1786 Et
396 1732 854 1804 Carthaginenses
874 1753 1113 1794 canones
1133 1740 1431 1795 decernunt
1460 1743 1602 1805 (can.
1628 1740 1743 1812 20),

1852 548 1998 604 sides
2055 551 2490 624 negligentesque
2547 563 2819 620 rectores,
2875 556 2965 625 qui
3016 556 3237 609 untllam
3288 570 3433 626 smpe

1851 641 2099 696 nutriunt
2123 644 2509 712 pestilentiam,
2536 646 2663 701 dum
2691 646 3054 701 necessariam
3085 645 3429 703 dissimulant

1851 734 2109 789 adhibere
2137 735 2479 791 medicinam.
2511 756 2530 790 ι
2564 738 2633 792 Ει
2669 746 2890 795 sanctus
2927 737 3225 809 Gregorius
3251 737 3424 793 dicit:
3480 804 3485 807 _

1856 844 1875 877 α
1903 825 2003 893 Qui
2036 840 2144 880 non
2170 826 2394 898 corrigit
2435 830 2758 894 resecanda,
2809 829 3115 886 committit.
3146 847 3164 881 ι
3196 827 3266 883 Et
3295 828 3428 882 item

1849 915 1961 972 Leo
1982 918 2223 973 scribens
2245 918 2311 972 ad
2341 916 2651 973 Ianuarium
2669 921 2998 989 episcopum,
3024 919 3247 991 singulis
3272 915 3429 971 nobis

1850 1008 1980 1064 dicit
2007 1009 2177 1083 (ibid.,
2212 1027 2259 1064 c.
2288 1009 2376 1083 M)
2401 1029 2414 1064 :
2443 1030 2461 1061 ι
2494 1010 2608 1068 Νοη
2637 1024 2816 1067 autem
2844 1014 3051 1068 dubitet
3070 1013 3285 1067 dilectio
3310 1019 3428 1071 tua.

1849 1116 1949 1156 nos
1979 1100 2046 1167 si,
2076 1101 2219 1170 quod
2252 1116 2357 1156 non
2391 1103 2756 1167 arbitramur,
2801 1104 3041 1175 neglecta
3079 1104 3281 1160 fuerint
3308 1115 3430 1173 quae

1849 1207 1950 1262 pro
1977 1193 2223 1248 custodia
2254 1209 2520 1250 canonum
2552 1204 2608 1251 et
2634 1195 2879 1267 profldei
2911 1195 3216 1264 integritate
3249 1194 3430 1249 decer-

1850 1282 2045 1339 nimus.
2080 1284 2455 1341 vehementius
2482 1288 2899 1343 commovendos
2929 1305 2940 1341 :
2974 1287 3097 1356 quia
3123 1296 3180 1341 ut
3214 1286 3429 1344 Hilarus

1848 1388 1983 1443 p'tpa
2015 1372 2146 1428 dicit
2189 1392 2204 1429 :
2251 1374 2368 1430 Non
2414 1376 2591 1433 minus
2632 1377 2685 1432 in
2728 1385 3037 1433 sanctarum
3076 1378 3429 1433 traditionum

1849 1459 2187 1531 delinquitur
2220 1464 2530 1521 sanctiones
2553 1506 2568 1531 ,
2616 1482 2781 1536 quant
2812 1465 2864 1520 in
2897 1466 3065 1537 ipsius
3093 1466 3306 1522 Domini
3348 1468 3433 1523 in-

1842 1550 2043 1621 juriam
2072 1554 2373 1623 prosilitur.
2408 1576 2428 1609 ι
2461 1556 2704 1625 Qualiter
2731 1567 2910 1613 autem
2937 1558 3022 1613 his
3047 1559 3312 1629 agendum
3335 1560 3429 1625 sit,

1846 1644 1936 1714 qui
1967 1660 2064 1715 per
2086 1657 2456 1718 contemptum
2493 1650 2548 1705 in
2589 1660 2900 1705 sanctarum
2930 1650 3276 1705 traditionum
3306 1668 3434 1707 san-

1847 1736 2057 1793 ctiones
2094 1737 2454 1810 delinquunt,
2508 1740 2594 1797 vel
2634 1741 2687 1796 in
2734 1741 2901 1812 ipsius
2937 1741 3146 1796 Domini
3176 1741 3441 1811 iujurianr

162 1824 229 1876 ﬁt
272 1823 319 1876 si
370 1802 668 1895 presbyteri
710 1827 794 1882 vel
833 1827 1046 1884 diaconi
1100 1830 1302 1886 fuerint
1350 1802 1610 1895 accusati,
1655 1802 1748 1886 ad-
1778 1802 1827 1864 Β
1855 1828 2185 1898 prosiliunt,
2236 1802 2456 1885 sanctus
2504 1829 2616 1885 Leo
2678 1802 2767 1885 adu
2792 1830 3074 1885 Rusticum
3119 1802 3432 1901 episcopum

159 1914 353 1985 iuncto
383 1915 482 1971 sibi
513 1930 580 1971 ex
627 1918 820 1975 vicinis
853 1920 986 1976 locis
1024 1923 1272 1994 proprius
1301 1924 1584 1995 episcopus
1612 1925 1749 1995 legi-

167 2006 306 2060 timo
329 2021 554 2062 numero
581 2007 930 2080 collegarum,
965 2011 1018 2067 id
1061 2020 1144 2067 est
1189 2028 1295 2068 una
1322 2028 1507 2069 secum
1534 2015 1588 2068 in
1620 2030 1747 2087 pre-

167 2094 374 2166 sbyteri
404 2096 620 2152 nomine
644 2112 761 2164 sex,
785 2099 839 2153 in
869 2100 1083 2156 diaconi
1114 2112 1245 2167 tres,
1274 2105 1583 2160 auctoritati
1610 2121 1746 2162 con-

170 2186 361 2241 venire
390 2186 655 2252 ducimus,
683 2196 742 2243 ut
771 2190 813 2243 si
846 2192 1127 2261 presbyter
1158 2191 1450 2250 infamatus
1486 2194 1669 2261 fuerit,
1690 2204 1748 2251 et

170 2283 516 2331 accusatores
530 2277 612 2333 vel
629 2288 793 2335 testes
807 2280 984 2335 idonei
1003 2281 1294 2347 defuerint,
1311 2286 1605 2340 secundum
1620 2302 1748 2356 qua-

170 2361 378 2419 litatem
393 2380 454 2420 ac
470 2367 824 2435 quantitatem
855 2385 1031 2426 causa:
1057 2380 1220 2442 atque
1242 2388 1508 2442 personae,
1525 2384 1578 2430 et
1595 2377 1712 2432 utili
1727 2407 1745 2418 -

172 2463 335 2510 tatem
390 2457 551 2528 723
612 2473 677 2514 ac
718 2461 1049 2517 sanationem
1090 2464 1332 2518 cordium
1367 2464 1741 2534 infirmorum,

170 2552 264 2598 aut
291 2545 534 2616 singulis,
563 2557 657 2602 aut
685 2564 807 2603 cum
835 2550 953 2605 aliis
980 2552 1187 2608 duobus
1214 2553 1471 2619 testibus,
1502 2564 1597 2609 aut
1621 2570 1744 2610 cum

172 2635 293 2689 aliis
316 2651 413 2691 sex
460 2639 706 2705 testibus,
738 2642 974 2712 seipsum
1021 2652 1366 2700 sacramento
1393 2661 1423 2699 a
1457 2647 1598 2701 mala
1623 2648 1742 2718 epi-

169 2728 326 2784 nione
350 2740 563 2801 purget.
593 2732 663 2788 Et
692 2749 798 2789 non
826 2744 912 2790 est
940 2740 1274 2794 contrarium
1299 2741 1517 2796 decreto
1541 2743 1745 2815 Grego-

171 2818 232 2873 rii
251 2819 503 2889 junioris,
529 2822 574 2877 si
601 2822 785 2894 plures
809 2834 975 2881 testes
998 2829 1066 2884 ad
1091 2830 1465 2901 purgationem
1499 2834 1743 2890 infamati

169 2909 469 2979 presbyteri
500 2914 886 2983 requirantur:
913 2918 1039 2988 quia
1064 2919 1307 2976 scribens
1336 2921 1474 2978 idem
1505 2926 1743 2994 pontifex

169 2999 236 3052 ad
264 2997 602 3057 Bonifacium
634 3005 944 3075 episcopum
973 3023 1069 3078 per
1096 3010 1427 3066 Denualdum
1469 3016 1745 3086 presbyte-

169 3103 287 3182 rum
314 3090 485 3157 dicit,
530 3100 591 3147 ut
622 3095 666 3149 si
697 3097 910 3165 probari
960 3098 1169 3155 idoneis
1206 3102 1434 3157 testibus
1460 3106 1742 3182 presbyter

169 3179 463 3239 infamatus
490 3186 828 3256 nequiverit,
863 3190 931 3244 sit
950 3188 1329 3267 jusjurandum
1362 3195 1414 3248 iu
1447 3179 1657 3261 medio,
1686 3209 1742 3254 et

166 3283 272 3324 non
316 3269 568 3328 difliuivit
615 3283 792 3331 utrum
839 3278 955 3348 ipse
989 3279 1168 3347 solus,
1216 3296 1285 3336 an
1337 3299 1458 3339 cum
1498 3285 1618 3339 aliis
1658 3285 1742 3350 iu-

160 3368 271 3416 ret.

237 3452 402 3509 XXV.
439 3455 507 3512 Et
530 3460 818 3528 quoniam,
851 3470 909 3519 ut
941 3465 1198 3536 scriptum
1228 3477 1338 3533 est,
1370 3479 1424 3526 et
1461 3472 1512 3526 iu
1540 3473 1745 3544 angelis

161 3556 377 3614 reperta
424 3557 509 3603 est
556 3552 836 3621 nequitia,
880 3565 935 3610 et
965 3565 1101 3613 teste
1147 3559 1407 3616 Malacbia
1457 3566 1742 3634 propheta,

163 3646 330 3724 atque
355 3636 561 3694 Joanne
585 3645 914 3712 evangelista
934 3687 951 3712 ,
997 3651 1307 3707 sacerdotes
1343 3654 1520 3723 angeli
1563 3655 1745 3724 appel-

161 3721 379 3789 lantur,
418 3734 473 3780 et
515 3732 722 3799 experti
753 3748 940 3790 sumus
967 3739 1227 3806 quosdam
1253 3740 1319 3794 ad
1350 3721 1737 3799 inviccntcon-

162 3816 433 3885 spirasse,
461 3829 519 3873 ut
544 3836 602 3876 se
631 3832 817 3878 mutuo
844 3825 898 3880 in
930 3843 1024 3882 sua
1056 3831 1374 3900 purgatione
1405 3832 1738 3902 adjuvareut,

162 3906 260 3960 sed
290 3922 476 3963 revera
502 3923 778 3979 nocerent,
811 3916 951 3971 sicut
977 3926 1029 3974 et
1060 3921 1358 3991 presbyteri
1384 3923 1524 3992 pleni
1559 3910 1743 3994 iniqua

161 3999 489 4069 cogitatione
520 4004 779 4062 adversus
810 4006 1114 4064 Susanuam
1138 4012 1610 4083 couspiraverunt,
1635 4031 1743 4070 non

161 4090 460 4160 incongrue
485 4095 729 4161 videtur,
761 4106 817 4152 ιιι
844 4114 966 4153 cum
1004 4101 1250 4157 credibili
1286 4103 1450 4158 misso
1483 4104 1739 4176 episcopi,

163 4184 468 4256 presbyteri
523 4189 613 4258 qui
665 4190 718 4244 iu
775 4193 1097 4264 purgatione
1125 4192 1368 4249 infamati
1413 4194 1739 4265 sacerdotis,

161 4283 221 4329 et
249 4289 354 4328 una
384 4291 506 4330 cum
538 4292 604 4333 eo
624 4281 689 4333 ad
716 4279 1096 4351 jusjurandum
1132 4298 1189 4338 se
1218 4283 1539 4349 obtulerint,
1581 4286 1741 4342 tal'em

163 4365 614 4424 examinationem
652 4386 751 4439 per
790 4372 1112 4427 advocatum
1160 4372 1401 4429 infamati
1439 4376 1739 4448 presbyteri

1852 1919 2092 1975 decernit
2127 1919 2302 1991 (Decr.
2328 1937 2376 1974 c.
2405 1919 2493 1991 l6)
2520 1934 2534 1974 :
2567 1939 2587 1972 ι
2616 1918 2954 1990 Hujusmodi,
2977 1920 3429 1991 inquiens,lapsis

1849 2010 1915 2065 ad
1952 2012 2365 2079 promerendam
2399 2011 2827 2067 misericordiam
2866 2011 2960 2066 Dei
2983 2011 3191 2083 privata
3225 2019 3309 2066 est
3334 2026 3431 2067 ex-

1848 2099 2079 2169 petenda
2110 2099 2367 2167 secessio,
2393 2099 2482 2157 ubi
2514 2100 2617 2156 illis
2648 2100 2965 2166 satisfactio,
2992 2100 3036 2156 si
3063 2100 3227 2155 fuerit
3246 2101 3437 2170 digna,

1850 2189 1921 2244 sit
1943 2189 2105 2243 etiam
2131 2188 2431 2245 fructuosa.
2468 2188 2512 2243 A
2539 2204 2644 2260 qua
2683 2189 3033 2245 districtionis
3062 2189 3277 2261 regula‘,
3302 2204 3433 2245 san-
3532 2194 3539 2197 “

1852 2289 1940 2334 cto
1970 2277 2175 2350 Spiritu
2201 2280 2545 2351 promulgata
2571 2320 2588 2346 ,
2638 2295 2742 2335 non
2776 2279 2901 2335 licet
2928 2280 3082 2336 nobis
3109 2295 3435 2351 quacunque

1846 2369 2045 2439 pietate
2092 2369 2331 2424 indebita
2362 2369 2633 2424 declinare
2673 2386 2688 2423 :
2721 2370 2846 2439 quia
2886 2370 2989 2425 etsi
3016 2370 3241 2425 debetur
3263 2366 3437 2442 724

1847 2460 2153 2529 compassio
2199 2458 2495 2530 proximis,
2548 2461 2815 2515 rectitudo
2865 2470 3044 2515 tamen
3091 2461 3319 2516 debetur
3347 2461 3428 2516 vi-

1848 2553 1957 2608 tiis.
1998 2550 2149 2608 Unde
2177 2566 2334 2606 sacra
2375 2549 2654 2620 Scriptura
2678 2550 3009 2621 simplicitati
3046 2551 3427 2607 rectitudinem

1846 2659 2059 2714 semper
2088 2642 2401 2714 cenjungit:
2431 2642 2554 2711 quia
2601 2641 2919 2712 simplicitas
2962 2643 3078 2698 sine
3104 2642 3428 2698 rectitudine

1844 2733 2068 2791 fatuitas
2112 2744 2214 2792 est.
2255 2732 2589 2804 Simplicitas
2618 2733 2783 2807 igitur
2811 2748 2938 2801 erga
2982 2732 3135 2798 vitia,
3166 2731 3305 2788 sicut
3328 2747 3431 2788 ca-

1847 2825 2030 2880 tholici
2077 2826 2329 2883 doctores
2367 2828 2554 2883 dicunt
2579 2868 2594 2893 ,
2644 2824 2903 2880 dissoluta
2941 2831 2997 2879 et
3024 2823 3189 2879 stulta
3217 2831 3340 2877 est:
3369 2830 3429 2877 et

1846 2916 2114 2973 rectitudo
2141 2931 2267 2988 erga
2308 2918 2583 2988 proximos
2602 2958 2617 2984 ,
2668 2918 2785 2972 sine
2811 2913 3028 2985 pietatis
3051 2912 3419 2985 simplicitate,

1844 3015 2059 3062 austera
2089 3006 2275 3062 existit
2304 3018 2357 3063 et
2378 3010 2530 3063 dura.
2570 3028 2585 3058 ι

1916 3098 1997 3152 Ab
2029 3098 2134 3153 isto
2161 3097 2279 3154 loco
2303 3114 2472 3169 usque
2497 3098 2562 3153 ad
2595 3099 2752 3153 linem
2779 3097 2936 3153 istius
2963 3095 3180 3168 capituli
3205 3110 3313 3151 non
3342 3103 3433 3151 est
3456 3097 3470 3113 '

1851 3191 2034 3245 datum
2057 3191 2404 3263 presbyteris.

1851 3341 2004 3409 Quod
2053 3343 2119 3396 de
2149 3343 2366 3397 crimine
2412 3343 2637 3412 confessi
2674 3341 2755 3397 vel
2774 3342 2997 3396 convicti
3030 3338 3215 3412 merito
3253 3339 3356 3394 sint
3390 3355 3425 3393 α

2190 3414 2359 3484 gradu
2390 3411 2738 3467 ecclesiastico
2770 3411 3081 3481 depenendi.

1918 3548 1985 3602 Et
2010 3561 2077 3603 ne
2104 3546 2347 3617 quidam,
2372 3554 2561 3602 contra
2591 3544 2908 3617 Apostolum
2939 3544 3283 3609 delectantes,
3316 3558 3428 3599 non

1847 3638 2020 3694 solum
2063 3653 2255 3694 vocum
2280 3679 2296 3704 ,
2337 3638 2432 3693 sed
2477 3646 2533 3694 et
2573 3636 3017 3693 constitutionum
3056 3650 3121 3691 ac
3159 3634 3429 3690 factorum

1849 3731 2107 3795 novitate,
2134 3729 2247 3799 qui,
2290 3736 2350 3783 ut
2378 3728 2701 3794 audivimus,
2731 3728 2917 3782 dicunt
2940 3742 3046 3782 non
3075 3726 3273 3781 debere
3292 3739 3425 3796 pre-

1847 3822 2123 3893 sbyterum
2174 3821 2256 3875 vel
2286 3820 2565 3875 diaconem
2606 3819 2672 3873 de
2715 3818 2942 3874 crimine
2976 3815 3281 3872 confessum
3308 3815 3428 3870 sive

1844 3912 2152 3968 euuvictum
2179 3912 2470 3982 deponere,
2516 3909 2611 3964 sed
2658 3916 2865 3963 tantum
2908 3909 3264 3983 suspendere,
3296 3905 3426 3974 quia

1846 4004 1927 4058 sic
1978 4007 2202 4072 possunt
2248 3998 2641 4055 confessionem
2688 4006 2744 4061 et
2781 3997 3173 4068 pernitentiam,
3200 3996 3339 4049 sicut
3369 4002 3426 4048 et

1844 4093 1936 4148 alii
1983 4092 2231 4147 homines
2257 4130 2272 4157 ,
2318 4089 2531 4156 facere,
2572 4104 2672 4145 nos
2721 4089 2903 4144 dicant
2943 4102 3067 4143 cum
3105 4086 3424 4143 Novatianis

1841 4183 2217 4255 ptenitentiam
2246 4181 2572 4253 quibuslibet
2614 4182 2901 4251 denegare,
2934 4194 3053 4249 quze
3085 4193 3206 4234 cum
3230 4178 3422 4232 ortho-—

1843 4276 2000 4332 doxis
2027 4273 2362 4339 doctoribus,
2395 4273 2462 4329 de
2482 4272 2800 4345 poenitentia
2837 4280 2892 4335 et
2928 4269 3309 4344 degradatioue
3334 4282 3425 4323 ec-

1841 4366 2272 4423 clesiasticorum
2312 4365 2686 4421 ministrorum
2713 4365 3006 4426 sentimus,
3033 4376 3218 4415 eorum
3248 4358 3422 4415 sensi»

162 4460 464 4529 recipiant,
497 4471 556 4517 ut
602 4463 655 4518 in
703 4475 1044 4522 sacramento
1084 4483 1143 4523 se
1189 4468 1299 4524 Deo
1338 4484 1444 4524 non
1485 4471 1735 4541 perdant,
1767 4493 1816 4554 ι)
1842 4462 1944 4517 bus
1967 4469 2022 4517 et
2046 4460 2232 4516 verbis
2252 4461 2512 4516 dicemus.
2537 4459 2643 4531 Ipsi
2679 4466 2880 4524 autem,
2896 4457 3054 4554 juata
3078 4455 3417 4554 Apostolum,

165 4550 309 4605 sicut
331 4552 589 4620 quosdam
622 4556 749 4612 hinc
768 4556 878 4626 jam
910 4559 1141 4615 revictos
1166 4562 1549 4632 comperimus.

231 4640 419 4696 XXVI.
449 4643 580 4710 Quia
604 4661 753 4712 vero,
777 4657 833 4701 ut
853 4659 1073 4705 sanctus
1086 4650 1414 4721 Augustinus
1427 4654 1576 4720 dicit,
1598 4643 1737 4711 nova

161 4733 473 4789 morborum
497 4751 694 4806 genera
716 4753 853 4792 nova
875 4755 1116 4809 qumrere
1145 4752 1343 4812 cogunt
1371 4745 1735 4801 medicamen-

160 4832 342 4878 torum
388 4827 758 4896 experimenta
783 4870 799 4895 ,
846 4844 912 4886 ac
948 4832 1187 4900 praelatis
1225 4837 1635 4892 auctoritatibus
1656 4838 1737 4892 in-

162 4918 353 4972 structi
373 4958 389 4982 ,
416 4935 520 4974 non
552 4922 999 4992 przejudicantes,
1033 4925 1077 4980 si
1109 4942 1228 4996 qua:
1252 4935 1419 4990 sunt,
1440 4927 1627 4983 sanius
1652 4927 1737 4983 in-

159 5008 511 5080 .rlligentium
544 5014 825 5069 sententiis
847 5055 862 5082 ,
905 5015 1007 5070 hoc
1047 5014 1207 5071 modo
1235 5016 1438 5086 agenda
1478 5016 1733 5082 vidimus,

158 5108 425 5168 quatenus
449 5108 503 5155 et
524 5102 867 5174 presbyteros
904 5120 933 5159 a
969 5104 1194 5159 luxuria:
1219 5104 1506 5176 charybdis
1540 5106 1731 5176 praeci-

156 5191 289 5259 pitio
320 5204 575 5249 revocare
598 5233 614 5259 ,
654 5204 710 5249 et
738 5195 896 5251 toties
921 5196 1201 5266 repetitam
1241 5212 1505 5251 canonum
1546 5199 1733 5267 prohi-

88 5286 95 5289 ‘
155 5273 416 5334 bitionem
447 5297 476 5336 a
512 5285 993 5353 praevaricantibus
1022 5301 1239 5356 quoquo
1276 5287 1434 5342 modo
1464 5287 1733 5356 possimus

152 5370 473 5426 eviudicare
498 5412 514 5437 ,
547 5382 601 5427 et
635 5389 732 5429 nos
764 5376 829 5431 de
864 5376 1123 5431 dissoluta
1152 5378 1495 5446 correptione
1520 5393 1626 5433 non
1649 5377 1735 5448 ju-

150 5457 425 5525 dicemur,
476 5462 617 5517 sicut
656 5463 771 5520 Heli
821 5467 1075 5522 sacerdos
1114 5468 1399 5523 damnatus
1426 5478 1549 5533 est,
1608 5470 1734 5538 quia

151 5546 296 5605 ﬁlios
323 5566 454 5607 suos
500 5555 719 5625 segnius
763 5572 828 5612 ac
874 5557 1047 5613 lenius
1081 5573 1243 5629 quam
1289 5560 1536 5615 debuerit
1565 5562 1736 5616 corri-

147 5647 372 5729 puerat,
403 5651 459 5695 et
487 5641 586 5711 ipsi
615 5643 708 5699 filii
738 5647 859 5717 ejus
892 5650 1169 5729 perierunt
1196 5649 1248 5721 (ι
1274 5649 1401 5720 Reg.
1435 5651 1509 5721 tv)
1537 5670 1549 5704 :
1584 5654 1730 5721 quia,

145 5736 212 5783 nt
257 5727 372 5784 Leo
419 5731 549 5788 dicit
593 5733 751 5805 (Decr
803 5753 850 5794 ε.
886 5727 970 5810 Η)
1014 5756 1025 5793 :
1077 5740 1441 5797 «inferiorum
1478 5742 1729 5802 ordinum

1842 4567 2029 4608 sanam
2060 4551 2361 4607 doctrinam
2384 4567 2493 4607 non
2515 4549 2866 4614 sustinentes,
2896 4548 3157 4603 habentes
3182 4536 3420 4616 speciem

1841 4645 2058 4715 quidem
2109 4644 2326 4713 pietatis
2349 4685 2364 4710 ,
2409 4644 2664 4699 virtutem
2696 4651 2874 4697 autem
2910 4641 3029 4711 ejus
3063 4646 3413 4710 abnegantes,

1840 4735 1964 4804 quia
1978 4744 2037 4789 ut
2048 4742 2268 4790 sanctus
2278 4733 2597 4789 Ambrosius
2612 4733 2663 4787 in
2677 4731 3053 4803 explanatione
3066 4728 3255 4800 psalmi
3268 4726 3423 4782 Beati

1840 4823 2201 4890 immaculati,
2236 4833 2291 4879 et
2327 4825 2517 4880 beatus
2543 4822 2867 4880 Caelestinus
2895 4835 3032 4892 papa
3068 4820 3312 4875 scribens
3347 4817 3418 4872 ad

1841 4914 2149 4969 Nestorium
2176 4914 2399 4969 dicunt:
2446 4932 2469 4965 ο
2493 4913 2562 4968 Ει
2593 4913 2863 4984 ρίεῑεεσεχ
2890 4925 2997 4979 qua
3038 4908 3278 4963 nascitur
3305 4905 3415 4960 fre-

1841 5011 2070 5073 quenter
2092 5003 2362 5071 impietas,
2393 5002 2626 5057 viderint
2650 5000 2882 5073 qualiter
2916 5013 2976 5054 se
3004 5013 3034 5051 a
3066 4996 3260 5067 laqueo
3283 4995 3421 5051 libe-

1846 5104 1989 5159 rent,
2017 5106 2125 5161 quo
2159 5105 2217 5147 se
2244 5091 2548 5158 innectunt,
2573 5097 2835 5162 ponentes
2863 5088 2915 5142 in
2938 5086 3131 5141 caelum
3153 5101 3418 5151 ossuum,

1838 5198 1894 5244 et
1924 5188 2207 5259 loquentes
2248 5188 2511 5244 adversus
2562 5201 2747 5244 saeros
2772 5198 3029 5248 canones,
3068 5190 3130 5237 ut
3151 5182 3261 5238 Leo
3289 5184 3422 5238 ditit

1840 5277 2016 5351 (Decr.
2049 5294 2098 5333 c.
2148 5276 2226 5351 5),
2275 5278 2468 5349 spiritu
2494 5276 2589 5333 Dei
2635 5274 2912 5339 conditos,
2962 5281 3018 5328 et
3039 5272 3202 5328 totius
3229 5272 3416 5331 mundi

1842 5371 2146 5428 reverentia
2198 5378 2581 5434 consecratos,
2628 5367 2720 5438 qui
2747 5373 3033 5436 sequentes
3065 5364 3415 5436 apostolicam

1839 5465 2143 5521 doctrinam
2176 5463 2362 5519 dicunt
2402 5463 2457 5517 in
2493 5461 2720 5516 crimine
2754 5460 2996 5515 detectos
3029 5472 3137 5513 non
3165 5465 3418 5527 oportere

1837 5559 1905 5613 ad
1928 5556 2358 5613 ecclesiasticum
2396 5554 2618 5624 gradum
2647 5551 2935 5614 accedere,
2968 5549 3053 5603 vel
3082 5549 3134 5604 in
3158 5549 3417 5606 clericatu

1835 5667 2075 5716 manere,
2092 5650 2172 5705 vel
2190 5649 2256 5704 ad
2282 5648 2593 5704 clericatum
2619 5645 2815 5701 redire.
2840 5664 2859 5696 ι
2880 5642 3031 5698 Unde
3053 5658 3280 5715 magnus
3307 5642 3415 5700 Leo

1834 5744 2071 5800 maximo
2101 5738 2281 5810 rugitu
2316 5736 2382 5794 de
2412 5736 2543 5794 urbe
2568 5735 2737 5794 Roma
2757 5775 2771 5804 ,
2802 5732 2951 5791 orbis
2975 5730 3181 5807 scilicet
3209 5732 3419 5805 capite,~
