3906 5534
562 430 660 487 787

1530 406 1858 465 ueremni
1905 382 2300 460 nitettE'NSts
2340 395 2855 488 ARClllEPIS'COPl

3694 413 3783 472 788

552 524 663 616 per
686 548 853 596 totum
884 526 1705 595 mundumintonat,decernens
1732 546 1748 576 ι
1782 532 1840 577 ιιι
1864 516 2099 592 episcopi
2127 527 2155 566 a
2182 512 2236 573 Α
2266 516 2508 575 adulterii
2551 538 2889 594 nequaquam
2926 525 3192 597 discrepat
3228 526 3382 596 culpa
3425 500 3793 597 fornicationis,

565 615 888 707 praestitutis
912 623 1207 681 canonibus
1234 619 1380 676 nulla
1410 625 1505 673 aut
1548 615 1869 707 negligentia
1898 622 1990 669 aut
2010 628 2147 682 prte-

560 705 873 794 ,Sumptione
915 713 1228 776 discedant,
1271 718 1325 766 et
1359 710 1403 766 si
1427 710 1549 780 quis
1585 705 1924 762 sacerdotum
1957 711 2145 779 contra

569 816 865 873 constituta
886 808 1070 866 venire
1090 803 1401 867 tentavcrit,
1431 812 1483 856 et
1507 799 1775 872 prohibita
1804 796 1966 851 fuerit
1985 810 2149 853 ausus

570 905 858 962 admittere
883 940 896 964 ,
935 914 964 953 a
1013 912 1112 953 suo
1158 911 1217 950 se
1247 892 1457 947 noverit
1499 890 1672 945 officio
1699 885 2144 943 submovendum.

554 973 636 1050 Et
657 993 872 1048 Hilarus
900 989 1045 1059 Papa
1072 985 1205 1040 dicit
1246 983 1421 1055 (θεον.
1454 998 1499 1035 c.
1531 980 1641 1050 i8),
1676 979 1802 1047 quia
1841 993 1948 1031 non
1970 975 2149 1067 minus

570 1085 627 1139 in
670 1090 980 1138 sanctarum
1036 1075 1384 1132 traditionum
1443 1071 1752 1126 sanctiones
1796 1067 2146 1136 delinquitur,

554 1190 734 1249 quam
763 1172 817 1227 in
847 1171 1013 1241 ipsius
1048 1167 1261 1224 Domini
1295 1164 1544 1233 iniuriam
1571 1160 1864 1231 prosilitur.
1897 1179 1916 1210 ι
1950 1158 2016 1213 Et
2036 1150 2150 1213 ’ϐε-

569 1264 771 1320 lasius:
803 1282 819 1313 ι
848 1258 1256 1329 Comperimus,
1288 1255 1460 1326 inquit
1481 1294 1495 1318 ,
1523 1251 1807 1307 nonnullos
1828 1249 1881 1304 in
1913 1249 2043 1318 ipsis
2067 1264 2150 1302 or-

570 1356 786 1412 dinibns
814 1354 1133 1410 constitutos
1159 1348 1413 1422 gravibus
1445 1344 1775 1401 facinoribus
1809 1357 1915 1398 non
1939 1340 2143 1411 repelli,

560 1444 774 1501 cumet
803 1441 1090 1513 Apostolus
1134 1440 1330 1496 clamet
1377 1436 1576 1491 nemini
1609 1436 1716 1489 cito
1762 1448 1955 1488 manus
1982 1432 2147 1501 impo-

555 1522 807 1597 ‘neudas,
842 1545 1015 1600 neque
1044 1528 1545 1584 communicandum
1575 1526 1814 1597 peccatis
1841 1522 2031 1578 alienis
2055 1540 2068 1577 :
2095 1533 2149 1576 et

557 1624 834 1694 majorum
877 1622 1182 1679 veneranda
1226 1620 1551 1676 constituta‘
1575 1618 1925 1689 pronuntient
1964 1616 2149 1685 hujus-

553 1707 738 1781 'modi,
767 1714 976 1769 etiamsi
1006 1714 1143 1770 forte
1184 1712 1582 1782 subrepserint,
1618 1719 1727 1765 tam
1756 1710 1849 1780 qui
1874 1717 1998 1763 ante
2020 1725 2146 1778 pec-

567 1816 831 1864 caverunt
877 1808 1115 1862 delectos
1175 1816 1423 1878 oportere
1471 1804 1702 1876 depelli,
1764 1818 1924 1873 quam
1974 1815 2143 1856 sacrae

472 1911 483 1915 ‘
565 1898 920 1970 professionis
968 1897 1166 1953 oblitos
1213 1897 1760 1968 prmvarieatoresque
1804 1893 1971 1948 sancti
2020 1906 2145 1962 pro-

567 1991 734 2065 positi
808 1988 1156 2060 proculdubio
1223 1988 1640 2044 submovcndos.
1692 2005 1709 2039 ι
1788 1984 1857 2039 Ει
1926 1992 2148 2039 sanctus

553 2066 864 2151 'Gregorius
918 2081 983 2134 ad
1034 2080 1379 2134 Anthemium
1438 2077 1823 2131 subdiaconum
1877 2073 2008 2146 (lib.
2066 2089 2146 2139 ις,

564 2170 721 2241 epist.
752 2169 874 2241 66):
908 2189 925 2220 ι
964 2169 1099 2237 Quia
1136 2176 1296 2223 tanta:
1326 2167 1577 2237 nequitia:
1614 2166 1812 2220 malum
1841 2165 2001 2236 digna
2040 2181 2148 2220 non

560 2263 735 2335 V725
765 2264 921 2317 debet
954 2263 1069 2317 sine
1098 2261 1303 2316 ultione
1340 2260 1570 2315 transire
1590 2300 1603 2325 ,
1639 2258 2005 2329 supradictum
2037 2256 2146 2310 fra-

574 2362 717 2406 trem
751 2361 991 2405 noslrum
1021 2350 1334 2405 Pascasium
1369 2350 1662 2403 admonere
1696 2356 1749 2403 te
1777 2346 2054 2408 volumus,
2092 2354 2151 2400 ut

560 2438 835 2501 'llilarium
868 2445 1016 2514 prius
1053 2444 1399 2509 subdiaconi,
1435 2459 1542 2513 quo
1579 2443 1832 2512 indiguus
1872 2441 2145 2511 fungitur,

571 2537 749 2608 privet
781 2536 989 2600 ollicio,
1026 2545 1188 2605 atque
1223 2534 1541 2590 verberibus
1578 2534 1791 2604 publice
1825 2533 2147 2604 castigatum

564 2620 735 2695 (faciat
759 2628 810 2681 in
829 2627 1073 2687 exsilium
1098 2625 1388 2695 deportari,
1408 2634 1463 2678 ut
1480 2624 1638 2678 unius
1664 2638 1822 2693 ptena
1857 2621 2145 2677 multorum

568 2717 744 2789 possit
786 2731 906 2771 esse
944 2716 1229 2771 correctio.
1282 2735 1300 2767 ι
1349 2714 1415 2768 Ει
1471 2714 1536 2767 ad
1579 2712 1899 2769 Columbam
1942 2712 2150 2782 episco-

571 2826 702 2882 pum
733 2810 844 2882 (lib.
878 2828 933 2876 x,
965 2811 1110 2881 epist.
1140 2811 1195 2881 8)
1238 2826 1252 2863 :
1288 2827 1306 2860 ι
1338 2808 1596 2864 Pervenit
1622 2810 1689 2864 ad
1720 2824 1838 2875 nos,
1876 2809 2018 2878 quod
2048 2810 2150 2863 Do-

572 2903 780 2957 nadeus
811 2903 1071 2958 diaconus
1102 2918 1202 2973 pro
1232 2902 1500 2972 corporali
1527 2902 1714 2957 fuisset
1739 2913 1961 2971 peccato
1983 2902 2148 2971 depo-

574 2992 734 3048 situs.
785 2992 1016 3049 Dilectio
1056 3003 1236 3047 vestra
1281 2994 1464 3048 subtili
1492 2994 1596 3049 hoc
1642 2993 1991 3063 inquisitione
2029 3008 2151 3063 pcr-

518 3122 527 3127 α
575 3087 809 3156 quirat:
864 3096 920 3142 et
959 3088 1002 3142 si
1052 3088 1126 3142 ita
1171 3096 1283 3152 est,
1336 3089 1388 3142 in
1434 3089 1749 3159 pmnitcntia
1794 3089 2152 3143 retrudendus

576 3186 683 3244 est,
719 3189 777 3234 ut
817 3180 1090 3235 commissi
1130 3180 1317 3249 ﬂagitii
1360 3180 1634 3235 vinculum
1678 3180 1935 3250 lacrymis
1977 3182 2152 3250 possit

576 3271 878 3327 absolvere.
925 3292 943 3324 ι
978 3271 1043 3325 Ει
1072 3273 1143 3327 ‘ad
1180 3271 1531 3327 Sabinianum
1560 3272 1868 3341 episcopum
1901 3272 2013 3345 (lib.
2048 3289 2147 3338 vn,

576 3363 726 3432 epist.
754 3362 852 3436 12)
880 3380 895 3417 :
929 3383 948 3416 ι
986 3362 1390 3436 Presbyterum,
1433 3365 1636 3433 inquit,
1672 3365 1738 3419 de
1770 3381 1878 3435 quo
1908 3380 2004 3420 nos
2037 3366 2148 3419 l'ra-

577 3452 812 3507 ternitas
840 3462 927 3507 tua
968 3453 1156 3508 latoris
1182 3454 1527 3522 prmsentium
1562 3454 1821 3510 relatione
1846 3455 2144 3515 consuluit,

568 3540 723 3597 nulla
757 3543 967 3598 ratione
993 3543 1045 3597 in
1083 3558 1241 3598 sacro
1270 3544 1462 3598 ordine
1492 3553 1610 3614 post
1646 3544 1879 3615 lapsum,
1909 3555 1998 3599 aut
2026 3559 2147 3615 per-

578 3649 831 3698 manere,
869 3643 960 3688 ant
990 3633 1232 3689 revocari
1264 3649 1422 3704 posse
1453 3648 1764 3703 cognoscas.
1802 3634 1956 3690 Circa
1987 3649 2148 3704 quem

578 3735 761 3781 tamen
801 3727 984 3783 mitius
1012 3728 1275 3797 agendum
1306 3736 1418 3791 est,
1450 3738 1666 3798 propter
1707 3727 1851 3796 quod
1896 3726 2150 3782 commis-

580 3834 701 3875 sum
743 3817 951 3873 facinus
991 3817 1133 3873 facili
1175 3818 1374 3872 dicitur
1403 3817 1738 3889 professione
1767 3816 2070 3874 confessus.
2124 3834 2143 3871 ι

578 3908 649 3963 Ει
691 3910 758 3964 ad
799 3908 1059 3964 Joannem
1112 3910 1575 3980 archiepiscopum
1621 3910 1734 3981 (lib.
1782 3925 1881 3973 vn,
1924 3909 2037 3961 ind.
2084 3909 2147 3979 1,

581 4001 729 4068 epist.
782 4000 883 4072 62)
934 4041 947 4053 .
999 4019 1017 4052 ι
1070 3999 1201 4068 Quae
1253 4000 1515 4055 adversus
1562 3999 1829 4055 Lucillum
1887 3997 2150 4054 Melitante

580 4090 815 4147 civitatis
858 4091 1167 4160 episcopum
1208 4091 1427 4160 querela
1495 4098 1762 4146 commota
1808 4090 1906 4154 sit,
1958 4090 2010 4142 in
2055 4104 2150 4158 ge-

581 4191 787 4237 storum
839 4196 958 4251 quae
1003 4182 1071 4237 ad
1123 4197 1223 4236 nos
1275 4180 1548 4235 direxistis
1596 4180 1789 4251 pagina
1822 4179 2151 4233 declaratum

570 4282 685 4329 est.
735 4274 798 4328 Et
839 4274 958 4328 ideo
995 4274 1120 4342 quia
1158 4273 1290 4327 tanti
1336 4272 1593 4327 facinoris
1630 4271 1762 4325 ultio
1809 4270 1950 4324 nulla
1993 4270 2153 4324 debet

582 4366 839 4421 dilatione
866 4365 1092 4432 dill’crri,
1123 4364 1434 4421 fraternitas
1464 4375 1644 4419 vestra
1671 4373 1781 4419 trcs
1805 4371 1897 4417 aut
1922 4371 2154 4432 quatuor

583 4461 649 4515 de
676 4459 933 4513 fratribus
955 4473 1020 4514 ac
1039 4459 1512 4514 consacerdotibus
1529 4457 1629 4511 sibi
1653 4456 1854 4511 nostris
1880 4456 2150 4521 adhibeat,

2255 630 2376 670 cum
2425 614 2639 673 Veritas
2680 619 2825 673 dicat
2874 634 2890 673 :
2934 620 3038 686 Qui
3074 622 3255 676 viderit
3295 613 3557 680 mulicrém
3591 627 3655 678 ad
3687 644 3793 683 con-

2253 706 2624 774 cupiscendum
2660 724 2797 772 eam,
2834 709 2949 778 jam
2992 712 3275 767 uice/tatus
3314 722 3391 768 est
3429 731 3544 767 eam
3587 718 3639 769 in
3662 720 3792 774 corde

2252 802 2363 851 δυσ
2385 797 2601 867 (ΜοιιΙι.
2634 816 2688 865 v,
2713 800 2825 872 28).
2849 801 2981 869 Quia
3011 806 3151 859 enim
3179 805 3367 861 Gnaeo
3390 808 3559 863 verbo
3583 812 3796 868 tumelias

2255 890 2468 946 adulter
2494 890 2711 955 dicitur,
2741 908 2863 954 cum
2905 912 3011 951 non
3048 897 3224 969 aliena
3262 898 3486 968 coniux,
3515 902 3606 956 sed
3632 904 3796 959 mulier

2253 983 2426 1037 videri
2479 985 2839 1053 prohibetur,
2893 999 3078 1056 aperte
3142 987 3359 1047 Veritas
3410 993 3645 1045 ostendit
3690 996 3796 1061 quia

2252 1083 2306 1130 et
2354 1076 2468 1130 solo
2521 1078 2670 1141 visu,
2722 1095 2844 1134 cum
2906 1081 3135 1149 turpiter
3177 1081 3260 1136 vel
3304 1082 3528 1152 innupta
3576 1086 3799 1153 concupi-

2254 1168 2458 1236 scitur,
2510 1169 2833 1224 adulterium
2885 1181 3249 1241 perpctralur.
3302 1173 3458 1240 Quod
3505 1176 3799 1245 tamenplc-

2236 1258 2484 1327 rumque
2532 1274 2598 1311 ex
2644 1258 2762 1314 loco
2803 1260 2888 1315 vel
2932 1262 3119 1317 ordine
3158 1263 3592 1331 concupiscentiis
3630 1263 3799 1317 discer-

2251 1347 2398 1402 nitur
2442 1362 2456 1401 :
2501 1349 2628 1418 quia
2664 1349 2804 1404 sicut
2852 1351 2997 1405 hunc
3042 1350 3096 1405 in
3143 1367 3301 1406 sacro
3343 1353 3540 1406 ordine
3592 1355 3798 1409 studiosa

2251 1439 2706 1509 concupiscentia,
2750 1443 2828 1497 sic
2877 1443 3026 1497 illum
3075 1444 3322 1498 adulterii
3368 1444 3620 1512 inquinat
3652 1446 3796 1512 culpa.

2249 1529 2306 1583 In
2359 1531 2606 1599 personis
2664 1538 2840 1588 tamen
2893 1549 3000 1588 non
3052 1534 3408 1589 dissimilibus
3468 1535 3613 1587 idem
3674 1536 3801 1588 lusa-

2249 1621 2344 1676 riae
2402 1623 2753 1694 distinguitur
2812 1635 3025 1691 reatus,
3099 1627 3152 1680 in
3209 1628 3406 1695 quibus
3458 1626 3803 1681 fornicationis

2240 1714 2434 1784 Culpa,
2485 1732 2588 1785 qua
2635 1719 2704 1773 ab
2740 1718 2988 1773 adulterii
3038 1728 3189 1774 reatu
3234 1719 3601 1782 discernitur,
3645 1720 3794 1787 praedi

2250 1808 2454 1862 caloris
2499 1808 2678 1878 lingua
2727 1818 2977 1874 testatur,
3029 1825 3149 1879 quae
3195 1810 3339 1864 inter
3393 1820 3597 1864 ea‘tera
3635 1810 3803 1863 asserit

2251 1900 2469 1965 dicens,
2518 1898 2699 1971 Neque
2746 1901 3049 1970 fornicarii,
3103 1918 3264 1971 neque
3310 1900 3471 1954 idolis
3519 1901 3801 1957 serrientcs,

2252 2009 2413 2064 neque
2427 1990 2655 2046 adulteri
2680 2008 2891 2061 regnum
2918 1991 3011 2045 Dei
3030 1993 3363 2061 possidebunt
3411 1990 3463 2060 (Ι
3501 1989 3623 2045 Cor.
3652 1991 3801 2057 vt,9).

2240 2068 2404 2151 Quod
2461 2082 2605 2137 enim
2660 2082 2938 2152 disjuncta:
2981 2083 3151 2137 reatui
3206 2082 3499 2137 sententia:
3552 2082 3801 2146 subdidit,

2251 2176 2506 2246 quoniam
2538 2174 2693 2230 valde
2740 2191 2769 2230 a
2812 2190 2872 2231 se
2900 2176 3158 2230 dissideat
3205 2175 3463 2229 ostendit.
3512 2194 3533 2227 ι
3578 2174 3646 2227 Et
3695 2173 3801 2227 item

2252 2269 2397 2324 idem
2425 2269 2554 2324 dicit
2582 2287 2595 2323 :
2629 2288 2646 2321 ι
2685 2267 2899 2324 Scimus
2926 2270 3050 2340 quia
3093 2268 3385 2338 aliquando
3428 2268 3611 2321 minus
3652 2277 3731 2321 est
3759 2267 3802 2319 in

2255 2361 2499 2428 corporis
2558 2360 2956 2428 corruptionem
3007 2359 3233 2423 cadere,
3284 2373 3450 2428 quam
3506 2358 3805 2426 cogitatione

2263 2452 2424 2505 tacita
2474 2467 2539 2506 ex
2596 2451 2885 2505 deliberata
2942 2450 3175 2505 elatione
3236 2464 3490 2520 peccare.
3550 2447 3654 2503 Sed
3705 2462 3805 2502 cum

2259 2542 2438 2597 minus
2488 2542 2661 2612 turpis
2720 2543 2969 2612 superbia
3016 2542 3287 2606 creditur,
3349 2542 3531 2596 minus
3586 2542 3805 2595 vitatur:

2260 2634 2527 2688 luxuriam
2570 2649 2701 2689 vero
2745 2649 2810 2689 eo
2860 2635 3030 2705 magis
3076 2634 3239 2704 726
3276 2634 3616 2687 erubescunt
3661 2631 3805 2686 beati

2246 2740 2389 2797 (nes,
2451 2740 2557 2795 quo
2610 2724 2767 2779 simul
2827 2740 3015 2779 omnes
3068 2735 3277 2793 turpem
3336 2733 3629 2779 noverunt.
3682 2722 3808 2778 Unde

2260 2816 2321 2871 fit
2360 2816 2696 2885 plerumque,
2740 2825 2799 2869 ut
2826 2816 3064 2870 nonnulli
3095 2832 3191 2885 per
3234 2816 3551 2885 superliam
3592 2815 3644 2868 in
3678 2815 3809 2867 luxn-

2257 2908 2393 2962 riam
2420 2917 2734 2961 corruentes
2766 2916 2988 2975 experto
3016 2922 3142 2960 casu
3169 2905 3371 2959 malum
3400 2904 3575 2973 culpa:
3607 2904 3807 2957 labent's

2252 2998 2583 3051 erubescant
2614 3014 2626 3050 :
2655 3004 2708 3051 el
2737 3004 2865 3050 tunc
2920 2997 3083 3051 etiam
3113 2996 3319 3065 majora
3365 2996 3684 3064 corrigam,
3706 3009 3803 3048 cum

2254 3087 2512 3156 prostrati
2555 3087 2608 3140 in
2650 3087 2885 3141 minimis
2925 3086 3346 3141 confunduntur.
3402 3085 3545 3139 Reos
3585 3088 3723 3139 enim
3761 3098 3807 3136 se

2179 3201 2227 3268 ο
2261 3181 2405 3235 inter
2452 3181 2659 3233 minora
2697 3180 3034 3248 conspiciunt
3055 3220 3071 3243 ,
3100 3179 3189 3247 qui
3223 3193 3280 3233 se
3302 3177 3508 3232 liberos
3547 3178 3689 3231 inter
3710 3192 3809 3246 gn-

2258 3272 2406 3326 viora
2452 3271 2817 3325 crediderunt.
2856 3266 2950 3322 Pia
2998 3286 3125 3339 ergo
3174 3270 3388 3337 Domini
3425 3269 3810 3338 dispensatione

2254 3362 2465 3415 laxatos
2504 3377 2886 3431 nonnunquam
2917 3362 3181 3430 malignus
3221 3362 3448 3430 Spiritus
3479 3361 3545 3415 dc
3576 3360 3727 3429 culpa
3758 3357 3810 3410 ad

2255 3452 2469 3520 culpam
2524 3451 2726 3515 trahit,
2779 3460 2834 3504 et
2881 3450 3007 3504 dum
3051 3451 3169 3520 pilis
3218 3452 3488 3519 percutit,
3542 3451 3672 3504 inde
3711 3462 3811 3502 cum

2255 3560 2415 3615 quem
2457 3553 2675 3613 ceperat
2722 3544 2955 3607 amittit,
3006 3553 3167 3611 atque
3210 3542 3357 3597 unde
3422 3541 3624 3596 vicisse
3665 3538 3811 3594 cerni-

2248 3625 2373 3695 tur,
2429 3635 2549 3687 inde
2603 3641 2910 3704 superatur.
2961 3633 3040 3686 Ad
3095 3634 3195 3688 hoc
3244 3632 3389 3686 enim
3447 3634 3504 3685 in
3555 3630 3809 3699 Scriptura

2255 3738 2409 3778 sacra
2451 3724 2691 3778 virorum
2736 3723 2944 3786 talium,
2988 3722 3039 3777 id
3089 3730 3174 3776 est
3220 3722 3388 3777 David
3422 3730 3481 3775 et
3513 3720 3685 3783 Petri,
3710 3732 3811 3787 pec-

2255 3822 2375 3868 cata
2432 3822 2557 3867 sunt
2603 3812 2803 3874 indita,
2854 3823 2915 3865 ut
2960 3811 3167 3866 cautela
3218 3810 3496 3865 minorum
3550 3810 3625 3863 sit
3678 3809 3809 3861 ruina

2255 3920 2540 3972 majorum.
2584 3903 2666 3958 Ad
2708 3905 2809 3958 hoc
2865 3918 2993 3958 vero
3035 3913 3387 3971 utrorumque
3419 3902 3531 3956 illic
3578 3912 3636 3957 et
3668 3899 3810 3970 perui-

2257 3999 2424 4053 tentia
2483 3997 2815 4060 insinuatur,
2861 4005 2915 4051 et
2961 3997 3157 4059 venia,
3204 4003 3264 4048 ut
3309 4009 3437 4063 spes
3494 3994 3807 4063 pereuntium

2258 4088 2326 4143 sit
2385 4087 2726 4157 recuperatio
2784 4087 3139 4156 perditorum.
3202 4084 3277 4139 De
3341 4093 3492 4139 statu
3550 4099 3682 4153 ergo
3732 4094 3810 4133 suo

2257 4176 2422 4230 David
2475 4177 2701 4230 cadente
2763 4191 2920 4230 nemo
2978 4174 3252 4246 superbiat
3297 4189 3310 4227 :
3350 4175 3420 4229 dc
3472 4174 3626 4243 lapsu
3676 4172 3811 4225 etiam

2259 4284 2357 4323 suo
2408 4268 2575 4322 David
2618 4279 2873 4339 surgente
2922 4283 3078 4323 nemo
3117 4268 3384 4335 desperet.
3436 4286 3455 4319 ι
3506 4266 3573 4320 Ει
3624 4273 3815 4319 sanctis

2257 4358 2593 4428 Augustinus
2636 4360 2807 4428 (epist.
2836 4358 2927 4425 50)
2975 4376 2987 4411 :
3044 4375 3063 4409 ‹
3108 4355 3178 4411 Ut
3222 4357 3367 4411 enim
3414 4357 3815 4410 constitueretur

2260 4451 2313 4503 in
2352 4449 2617 4515 ecclesia,
2680 4464 2748 4502 ne
2803 4449 3088 4518 quisquam
3139 4455 3261 4516 post
3309 4446 3547 4515 alicujus
3597 4440 3816 4498 criminis

582 4560 645 4605 ut
678 4551 808 4620 ipsis
841 4564 1055 4619 quoque
1081 4549 1438 4618 pungentibus
1465 4546 1733 4619 patefacta
1769 4561 1834 4601 ac
1874 4546 2150 4602 satisfacta
2178 4545 2231 4605 1)
2260 4539 2629 4607 paenitentiam
2658 4538 2973 4592 clericatum
3016 4537 3265 4606 accipiat,
3289 4534 3377 4589 vel
3414 4536 3485 4589 ad
3526 4534 3815 4589 clericatum

583 4641 831 4703 veritate,
855 4640 1168 4709 praedictum
1197 4638 1459 4693 Lucillum
1483 4638 1549 4692 de
1573 4637 1915 4706 episcopatus
1945 4635 2155 4700 ordine,

585 4747 745 4802 quem
782 4728 941 4799 hujus
964 4729 1182 4785 sceleris
1206 4729 1453 4800 contagio
1483 4727 1790 4792 maculavit,
1813 4727 2024 4782 studeat
2044 4726 2160 4781 sine

587 4824 936 4893 ambiguitate
970 4823 1257 4892 deponere.
1289 4842 1308 4875 ι
1341 4821 1477 4889 Quia
1534 4821 1710 4892 agitur
1739 4821 1793 4875 in
1828 4819 2010 4890 regula
2037 4834 2161 4889 pas-

586 4914 744 4970 torali
778 4922 998 4970 sanctus
1019 4914 1328 4984 Gregorius,
1357 4913 1489 4982 legis
1513 4926 1786 4981 exponens
1809 4911 2158 4981 sententiam,

586 5014 856 5060 monstrat
885 5024 902 5056 ι
940 5020 1044 5058 non
1098 5004 1296 5058 debere
1335 5018 1459 5057 cum
1508 5003 1764 5057 accedere
1803 5002 1870 5056 ad
1917 5001 2160 5055 ministe-

587 5096 726 5151 rium
759 5094 884 5159 Dci,
934 5109 1034 5149 nec
1061 5092 1257 5148 offerre
1301 5092 1415 5148 Deo
1456 5108 1553 5147 suo
1591 5107 1786 5162 panes,
1834 5092 1926 5161 qui
1964 5107 2159 5161 parvo,

586 5186 671 5239 vel
697 5184 910 5256 grandi,
946 5191 1040 5237 aut
1070 5192 1214 5239 torto
1235 5191 1318 5238 est
1346 5197 1500 5248 naso,
1534 5182 1585 5236 id
1609 5189 1712 5247 εει,
1737 5183 1828 5251 qui
1867 5181 1935 5236 ad
1967 5192 2157 5235 tenen-

590 5275 711 5330 dam
768 5290 1077 5330 mensuram
1123 5272 1464 5328 discretionis
1508 5272 1733 5328 idoneus
1760 5288 1865 5328 non
1911 5282 2027 5338 est,
2076 5273 2162 5328 vel

592 5370 682 5438 qui
724 5366 1025 5422 subtilitate
1061 5364 1415 5419 immoderata
1447 5363 1828 5419 rectitudinem
1853 5379 1963 5418 suae
1984 5364 2159 5420 actio-

590 5461 680 5512 nis
724 5456 1035 5510 confundit.
1072 5455 1128 5504 in
1166 5454 1478 5504 nmnitentia
1528 5454 1612 5500 vel
1652 5455 2033 5500 ἀρσνειιιςδιίηηρ
2082 5456 2129 5486 ιη

2262 4629 2475 4693 redeat,
2508 4627 2590 4681 vel
2643 4628 2697 4681 in
2737 4628 2997 4682 clericatu
3045 4635 3277 4691 maneat,
3310 4642 3421 4679 non
3464 4624 3817 4694 desperatione

2260 4715 2632 4789 indulgentiae,
2664 4719 2755 4773 sed
2784 4718 2962 4789 rigore
2997 4718 3193 4772 factum
3228 4725 3312 4770 est
3351 4716 3673 4784 disciplinas.
3695 4712 3815 4765 Alio-

2263 4794 2390 4881 quin
2440 4822 2630 4865 contra
2670 4809 2849 4865 claves
2870 4809 3025 4864 datas
3064 4807 3320 4863 Ecclesiae
3360 4802 3817 4875 disputabitur,de

2266 4901 2462 4971 quibus
2505 4901 2705 4955 dictum
2755 4908 2838 4954 est
2890 4918 2903 4953 :
2949 4898 3078 4964 Quw
3105 4897 3361 4952 solreritis
3395 4899 3649 4958 interra,
3687 4898 3816 4946 erant

2258 4980 2438 5047 soluta
2475 5000 2521 5045 et
2559 4991 2615 5043 in
2649 4989 2773 5043 cwlo
2814 4989 3030 5061 (Matth.
3062 5005 3172 5054 xvi,
3216 4987 3323 5056 10).
3357 4986 3468 5041 Sed
3504 5000 3571 5041 ne
3612 4983 3817 5037 forsitan

2269 5097 2432 5136 cnam
2476 5080 2701 5135 detectis
2743 5079 3061 5134 criminibus
3095 5074 3190 5149 spe
3233 5078 3466 5132 honoris
3491 5068 3819 5131 ecclesiastici

2269 5173 2482 5228 animus
2524 5174 2888 5227 intumescens
2934 5172 3161 5241 superbe
3209 5177 3400 5240 ageret
3444 5166 3817 5237 paenitentiam,

2269 5264 2611 5320 severissime
2647 5264 2868 5334 placuit,
2905 5273 2966 5318 ut
2990 5252 3108 5334 post
3128 5248 3303 5316 actam
3335 5261 3403 5316 de
3433 5261 3659 5315 crimine
3691 5244 3820 5309 data-

2268 5358 2436 5414 nabili
2478 5358 2849 5428 paenitentiam
2892 5372 3051 5412 nemo
3093 5356 3162 5410 sit
3199 5354 3455 5417 clericus,
3496 5362 3553 5406 ut
3588 5351 3820 5419 despera-

2268 5450 2453 5474 .:..--..‘
2690 5449 2721 5456 ··
2810 5449 2818 5460 ·
2950 5449 2985 5456 ’⁸
3028 5447 3040 5458 ·
3134 5445 3238 5470 ην
3278 5445 3367 5484 ina
3392 5442 3637 5507 maiore!
3659 5438 3821 5492 verior
