4006 6338
209 316 318 376 789

1276 330 1620 391 CAPITULA
1655 335 2132 396 PRESBYTERIS
2169 341 2375 401 DATA.

3341 358 3444 417 790

203 445 263 492 et
291 444 475 497 tamen
502 411 788 510 “apostolus
837 447 1052 500 mansit.
1106 414 1212 503 Sed
1259 465 1366 504 non
1421 452 1541 508 ideo
1588 468 1772 523 super-
1800 468 1845 525 Δ
1875 453 2009 509 Nam
2038 457 2129 526 qui
2162 458 2263 513 sibi
2287 475 2430 517 nunc
2455 460 2508 517 in
2534 463 2689 536 culpa
2718 467 2912 536 parcit,
2943 469 2991 523 ei
3022 472 3363 540 postmodum
3393 475 3442 530 iu

184 524 377 585 ’vacua
424 533 661 600 putanda
707 544 791 589 est
837 541 1105 606 posterior
1152 540 1461 613 diligentia,
1507 544 1631 613 quia
1682 544 1774 602 ubi

198 619 369 675 Saluti
412 622 542 676 nihil
586 624 989 695 detrahebatur,
1045 619 1334 687 humilitati
1373 633 1575 704 aliquid
1624 620 1775 690 addi-

201 710 423 776 derunt,
452 727 558 781 quo
610 714 753 771 salus
784 718 952 773 tutius
982 722 1328 778 muniretur:
1367 726 1572 794 experti
1612 729 1774 783 credo

199 797 510 869 aliquorum
550 801 702 859 lictas
749 807 1099 875 ptenitentias
1142 824 1240 880 per
1278 810 1557 869 aﬂ'ectatas
1605 813 1775 883 bono-

182 879 326 941 rum
371 891 658 959 potentias.
695 893 903 963 Cogunt
945 898 1089 953 enim
1127 879 1328 959 multas
1370 901 1611 957 invenire
1642 880 1774 958 'me—

193 972 412 1031 dicinas
462 980 754 1037 multorum
800 989 1170 1056 experimenta
1225 989 1555 1045 morborum.
1604 1009 1624 1043 ι
1670 992 1771 1047 De-

174 1058 332 1121 ‘tecti
376 1083 524 1139 ergo,
571 1071 685 1126 sive
725 1075 1066 1134 confessione
1113 1095 1229 1144 sua,
1275 1083 1390 1137 sive
1436 1084 1771 1141 convictioue

191 1154 353 1227 legali
395 1174 460 1214 ac
500 1161 753 1232 regulari,
788 1164 855 1219 de
894 1167 1215 1225 criminibus
1263 1171 1330 1226 ad
1366 1171 1566 1243 gradus
1599 1172 1772 1229 eccle-

122 1234 125 1235 ⁷
173 1239 449 1306 ἐἰηειίοοε
498 1268 603 1307 non
658 1257 954 1323 accedant,
1000 1268 1053 1313 et
1098 1260 1150 1314 in
1191 1261 1447 1332 gradibus
1489 1264 1771 1321 ecclesias-

175 1334 325 1392 ’ticis
369 1354 475 1394 non
529 1353 818 1410 maneant,
873 1346 957 1400 vel
1006 1347 1073 1402 ad
1123 1349 1519 1406 ecclesiasticos
1574 1353 1772 1424 gradus

176 1434 307 1483 non
354 1429 596 1496 redeant,
642 1432 782 1487 sicut
821 1437 958 1491 sacri
990 1453 1223 1495 canones
1272 1452 1327 1496 et
1367 1442 1584 1497 decreta
1627 1444 1770 1499 sedis

191 1517 455 1601 Romamn
497 1521 811 1591 pontiﬁcum
867 1536 1052 1597 aperte
1096 1540 1257 1600 atque
1296 1546 1551 1601 expresse
1589 1535 1770 1589 decer-

190 1599 491 1667 nuntfHoc
518 1614 663 1668 enim
699 1629 799 1671 nos
827 1615 1121 1674 admonens
1148 1599 1438 1690 Apostolus
1482 1623 1558 1677 ait
1596 1640 1610 1677 :
1656 1622 1770 1679 Νο-

188 1699 287 1756 lite
328 1706 713 1762 communicare
764 1709 1003 1778 operibus
1044 1711 1390 1782 infructuosis
1438 1716 1769 1770 tenebrarum

1873 562 2034 618 paena
2083 564 2185 603 non
2230 553 2491 621 parcitur.
2521 555 2718 629 Culpas
2747 576 2890 616 nunc
2928 562 3265 635 singulorum
3302 566 3444 622 Deus

1873 647 2183 705 enumerat,
2228 656 2350 697 cum
2393 659 2490 700 nos
2521 647 2667 719 ipsos
2701 650 2770 705 ad
2813 651 3019 721 singula
3064 670 3186 723 quae
3217 655 3443 712 feciums

1873 723 2115 782 deﬂenda
2144 731 2399 800 exponit:
2430 749 2565 804 quas
2594 738 3021 796 misericorditer
3050 743 3281 809 relaxat,
3316 747 3449 815 quia

1872 827 1937 867 ea
1969 814 2095 869 dum
2131 832 2228 873 nos
2254 820 2525 888 punimus,
2575 823 2690 893 ipse
2729 842 3067 897 nequaquam
3116 831 3169 885 in
3200 814 3449 891 extremo

1871 910 2120 964 examine
2142 909 2365 979 judicat.
2392 912 2576 985 Neque
2603 918 2748 972 enim
2775 920 2860 988 pie
2886 919 3142 977 Dominus
3171 933 3296 979 ante
3326 925 3445 981 dili-

1869 1002 2108 1071 gentiam
2159 1004 2344 1059 oculos
2387 1005 2560 1061 ﬂenda
2610 1020 2828 1077 peccata
2875 1024 3203 1082 opponeret,
3246 1016 3290 1069 si
3350 1031 3444 1086 per

1861 1094 2216 1164 semetipsum
2262 1112 2335 1151 ea
2377 1099 2622 1164 districte
2678 1101 2839 1158 ferire
2888 1104 3161 1160 voluisset.
3218 1106 3444 1164 Constat

1869 1184 2013 1239 enim
2042 1185 2167 1254 quia
2195 1201 2225 1241 a
2255 1187 2572 1258 suojudicio
2600 1192 2933 1248 abscondere
2962 1195 3147 1260 voluit,
3178 1212 3315 1267 quos
3337 1199 3441 1252 mi-

1870 1275 2100 1333 serando
2139 1279 2468 1346 praeveniens
2503 1282 2854 1352 sibimetipsis
2877 1284 3086 1353 iudices
3117 1285 3261 1342 fecit.
3305 1288 3444 1345 Hinc
3524 1293 3530 1301 “

1869 1363 2010 1417 enim
2038 1366 2297 1436 scriptum
2323 1379 2405 1425 est
2430 1385 2444 1424 :
2474 1371 2866 1429 Prmveniamus
2887 1372 3071 1442 faciem
3096 1375 3212 1445 ejus
3238 1378 3293 1430 in
3317 1394 3440 1432 con-

1870 1452 2092 1523 {essione
2119 1454 2287 1529 (Psal.
2319 1476 2465 1527 XLIX,
2490 1462 2546 1533 2)
2574 1479 2588 1517 :
2624 1463 2691 1519 Et
2722 1482 2734 1517 :
2775 1463 2836 1519 Si
2867 1466 3208 1536 nosmetipsos
3243 1468 3443 1538 dijudi-

1869 1561 2127 1611 caremus,
2149 1564 2253 1603 non
2276 1551 2450 1621 utique
2463 1552 2895 1622 dijudicaremur.
2915 1553 3031 1622 Qua
3057 1554 3439 1623 dijudicatione

1868 1632 2127 1702 majorem
2164 1635 2219 1691 in
2248 1652 2308 1693 se
2336 1639 2564 1710 quisque
2593 1643 2932 1698 severitatem
2978 1643 3136 1698 debet
3163 1660 3438 1708 exercere,

1867 1735 1977 1790 quo
2013 1737 2072 1777 se
2112 1728 2449 1797 recognoscit
2487 1730 2703 1800 gravius
2751 1731 3060 1802 deliquisse,
3092 1742 3210 1787 uta
3262 1737 3440 1803 seipso

190 1789 424 1862 (ΕμΙιεδ.
459 1809 509 1860 v,
563 1795 685 1866 ll).
727 1798 797 1853 Et
824 1799 973 1869 quia,
1018 1801 1192 1872 inquit
1240 1814 1461 1860 sanctus
1513 1806 1765 1878 Augusti-
1794 1818 1839 1878 Β
1860 1789 2132 1880 judicatus
2157 1789 2267 1870 non
2283 1789 2557 1887 judicetur
2585 1836 2615 1874 a
2637 1789 2889 1876 Domino:
2920 1789 3058 1888 Quae
3090 1823 3232 1877 actio
3262 1789 3438 1895 poeni-

190 1902 318 1951 nus,
358 1901 546 1954 parum
584 1899 702 1945 erat
735 1907 841 1946 non
887 1897 1221 1962 consentire,
1256 1898 1310 1953 id
1344 1908 1426 1954 est
1469 1916 1574 1955 non
1618 1917 1766 1956 com-

189 1977 505 2043 municare,
560 1979 605 2034 si
663 1991 982 2052 sequeretur
1049 1986 1374 2059 negligentia
1430 1990 1763 2061 disciplinae,

180 2052 402 2138 Magis,
457 2070 661 2141 inquit,
709 2083 758 2127 et
810 2052 1387 2154 redarguite'(ibid.).
1451 2052 1589 2151 Quid
1643 2052 1760 2153 est,

188 2158 350 2214 nolite
398 2164 829 2219 communicare?
875 2167 1038 2223 nolite
1082 2173 1415 2238 consentire,
1461 2175 1624 2231 nolite
1670 2192 1763 2248 ap-

184 2249 441 2317 probare.
498 2251 635 2318 Quid
688 2263 797 2321 est,
855 2260 1024 2329 magis
1076 2270 1123 2315 et
1181 2264 1518 2336 redarguite?
1572 2284 1760 2340 repre-

181 2337 424 2402 hendite,
473 2343 748 2412 corripite,
781 2359 1047 2406 eoercete.
1100 2351 1252 2409 Sicut
1295 2356 1422 2411 item
1458 2358 1602 2413 idem
1633 2337 1764 2417 dicit

180 2428 495 2497 apostolus,
564 2431 844 2491 Peccantes
901 2456 1080 2495 coram
1147 2446 1384 2500 omnibus
1444 2464 1635 2518 argue,
1704 2462 1760 2506 ut

179 2519 365 2571 εανιεγὶ
412 2531 603 2575 metum
646 2524 869 2578 habeant
918 2528 980 2591 (1
1024 2529 1154 2585 Tim.
1198 2548 1263 2599 v,
1309 2534 1433 2607 ΞΟ).
1480 2536 1630 2593 Sicut
1670 2555 1759 2595 ar-

180 2609 303 2679 guit
342 2608 532 2671 Petrus
567 2611 835 2670 Ananiam
874 2629 930 2673 et
963 2617 1281 2690 Saphiram,
1327 2634 1387 2680 ut
1433 2628 1615 2683 czeteri
1649 2645 1761 2687 me-

176 2707 300 2775 tum
356 2701 617 2758 haberent
657 2723 671 2759 :
726 2706 866 2764 sicut
911 2710 1187 2768 damnavit
1236 2714 1546 2783 Simonem,
1598 2735 1756 2789 quem

180 2789 349 2863 727
383 2803 557 2849 tamen
589 2797 656 2851 ad
682 2798 1053 2867 pumilentiam
1101 2805 1345 2861 invitavit
1373 2826 1385 2861 :
1419 2810 1553 2862 sicut
1595 2810 1759 2866 forni-

177 2893 423 2936 c:ttorem
454 2885 631 2955 arguit
668 2886 866 2942 Paulus
888 2931 903 2955 ,
944 2907 1103 2960 quem
1151 2895 1371 2949 tradidit
1420 2897 1633 2954 Saluum
1657 2942 1671 2965 ,
1700 2910 1757 2955 ut

175 2973 405 3041 spiritus
434 2973 614 3030 salvus
650 2976 798 3033 ﬁeret
827 2980 879 3032 iu
913 2981 997 3037 die
1039 2983 1269 3039 Domini.
1306 2986 1457 3043 Unde
1500 2992 1756 3059 sapientis

176 3065 347 3117 verba
384 3064 550 3120 clavis
596 3076 758 3137 atque
810 3071 1041 3127 stimulis
1087 3087 1495 3146 comparantur,
1542 3082 1754 3137 dicente

1870 1902 2046 1968 tentia:
2077 1911 2202 1960 tunc
2251 1907 2356 1961 erit
2404 1910 2666 1978 perfecta,
2715 1921 2771 1967 et
2818 1911 2928 1967 Deo
2972 1912 3356 1985 acceptabilis,
3391 1914 3436 1969 si

1864 1994 2166 2049 ascenderit
2195 1996 2359 2054 homo
2388 1999 2674 2056 adversum
2712 2017 2771 2057 se
2818 2002 3049 2058 tribunal
3081 2004 3274 2059 mentis
3303 2021 3436 2073 suas,

1862 2091 1918 2139 et
1932 2084 2275 2142 constituerit
2299 2103 2359 2144 se
2382 2098 2509 2145 ante
2534 2089 2727 2146 faciem
2755 2107 2925 2157 suam,
2955 2109 3022 2149 ne
3044 2094 3145 2149 boc
3171 2094 3218 2149 ei
3252 2103 3436 2165 postea

1863 2172 1976 2240 ﬁat,
2004 2175 2147 2230 sicut
2190 2178 2554 2233 comminatur
2580 2179 2720 2235 Deus
2766 2181 3060 2251 peccatori,
3108 2182 3343 2253 Arguam
3368 2193 3433 2246 te,

1861 2270 1908 2316 et
1937 2273 2166 2318 statuam
2192 2276 2373 2321 contra
2409 2267 2596 2337 faciem
2626 2278 2769 2323 tuam
2810 2269 2981 2341 (Psal.
3011 2288 3137 2326 χιιι
3157 2314 3171 2336 ,
3200 2272 3321 2344 2|),
3357 2282 3437 2326 at-

1861 2365 1965 2420 que
2001 2351 2072 2406 ita
2100 2355 2395 2411 constituto
2424 2356 2480 2411 in
2506 2356 2915 2428 cordejudicio,
2947 2361 3088 2416 adsit
3130 2363 3434 2417 accusatrix

1860 2440 2113 2510 cogitatio
2139 2481 2155 2507 ,
2202 2445 2357 2501 testis
2388 2447 2738 2512 conscientia,
2782 2447 2947 2518 judex
2991 2451 3158 2517 ratio,
3190 2451 3432 2507 carnifex

1862 2529 2041 2584 timor.
2074 2531 2276 2590 Dehinc
2300 2535 2483 2592 dolore
2512 2546 2795 2608 torquente
2824 2542 3046 2611 sanguis
3082 2543 3276 2597 animze
3306 2558 3434 2598 con-

1858 2619 2060 2676 ﬁtentis
2080 2637 2176 2691 per
2203 2623 2468 2698 lacrymas
2481 2628 2740 2699 proﬂuat:
2765 2638 2819 2684 et
2840 2647 2945 2700 quo
2967 2631 3249 2688 sollicitius
3278 2649 3431 2688 suam

1857 2709 2084 2779 quisque
2112 2714 2499 2770 conscientiam
2543 2717 2878 2774 discutiendo
2913 2722 3186 2777 examinat
3213 2765 3227 2788 ,
3254 2739 3320 2779 eo
3351 2725 3430 2777 la-

1860 2798 2023 2854 tiores
2052 2816 2118 2855 ex
2148 2801 2337 2858 intimo
2365 2806 2545 2863 cordis
2570 2808 2718 2864 fonte
2748 2809 3109 2882 lacrymarum
3134 2813 3303 2886 728
3328 2814 3426 2869 ﬂu-

1855 2887 1972 2943 vios
2002 2887 2192 2945 fundat
2216 2907 2231 2947 :
2252 2902 2310 2950 et
2336 2896 2649 2965 quotidiana
2674 2900 3021 2970 baptismate,
3044 2902 3300 2977 lacrymis
3318 2921 3430 2965 Sua:

1856 2984 2286 3052 compunetionis
2313 2986 2381 3043 ab
2407 2990 2646 3045 omnium
2675 2991 2946 3059 vitiorum,
2980 3011 3084 3050 non
3116 3001 3287 3051 solum
3324 2998 3432 3052 cri-

1855 3070 2168 3139 minalium,
2229 3076 2323 3132 sed
2385 3085 2441 3131 et
2504 3080 2940 3149 quotidianorum
3012 3084 3428 3154 subripientium

178 3152 507 3219 Salomone,
546 3155 711 3212 Verba
745 3163 1014 3230 sapientia'
1042 3168 1194 3234 quasi
1237 3168 1465 3234 stimuli,
1513 3182 1560 3224 et
1602 3176 1751 3243 quasi

1856 3163 2175 3232 contagione
2219 3178 2504 3238 purgetur,
2546 3169 2701 3238 juxta
2729 3187 2850 3226 eum
2882 3174 2972 3242 qui
3012 3152 3183 3229 dicit;
3218 3174 3426 3231 Lavabo

175 3241 316 3295 clari
347 3243 399 3295 in
454 3243 620 3299 altum
667 3247 827 3315 deﬁxi
856 3250 1055 3319 (Erc’e.
1096 3270 1191 3317 xu,
1248 3254 1355 3326 ll),
1395 3259 1520 3325 quia
1568 3241 1752 3331 culpas

174 3334 602 3403 delinquentium
652 3341 902 3395 nesciunt
947 3343 1182 3412 palpare,
1214 3347 1306 3401 sed
1343 3364 1597 3420 pungere.
1646 3352 1751 3409 Sed

173 3422 233 3477 in
264 3423 379 3493 ipsa
406 3428 747 3496 correptione
772 3431 853 3484 vel
880 3435 1204 3488 coercitione
1234 3438 1530 3492 alienorqu
1559 3455 1749 3508 pecca-

174 3522 377 3579 torum,
407 3517 547 3573 sicut
573 3520 763 3576 beatus
794 3524 1122 3593 Augustinus
1151 3529 1301 3595 dicit,
1320 3534 1616 3587 cavemlum
1645 3543 1747 3600 est,

174 3618 248 3657 ne
293 3617 352 3658 se
380 3607 599 3663 extollat
627 3609 717 3680 qui
749 3608 974 3667 alterum
1020 3616 1266 3686 corripit,
1297 3624 1351 3672 et
1384 3620 1474 3690 qui
1515 3636 1572 3676 se
1601 3629 1753 3691 putat

170 3706 364 3761 stare,
392 3698 574 3752 videat
619 3715 686 3756 ne
730 3703 906 3757 cadat.
961 3702 1116 3759 Foris
1163 3708 1472 3763 terribiliter
1497 3720 1750 3780 personet

172 3789 497 3857 increpatio,
516 3791 657 3845 intus
678 3792 1023 3864 benignitatis
1047 3805 1291 3851 teneatur
1312 3798 1545 3854 dilectio.
1569 3801 1749 3871 Neque

170 3879 321 3935 enim
357 3881 756 3936 consentientes
805 3882 973 3938 simus
1016 3886 1198 3947 malis,
1249 3896 1306 3941 ut
1343 3890 1743 3960 approbemus:

174 3986 353 4037 neque
381 3970 722 4042 negligentes,
752 3983 807 4027 ut
837 3992 941 4029 non
981 3992 1269 4047 arguamus
1298 3996 1310 4031 :
1352 3995 1523 4051 neque
1554 3997 1746 4052 super-

174 4060 411 4125 bientes,
446 4070 503 4114 ut
528 4061 846 4117 insultantes
874 4081 1192 4133 arguamus,
1228 4067 1367 4122 sicut
1395 4070 1528 4124 satis
1557 4071 1746 4128 beatus

169 4148 466 4220 Gregorius
496 4153 547 4206 iu
579 4154 756 4224 regula
784 4156 1038 4226 pastorali
1073 4158 1226 4213 nobis
1259 4160 1512 4214 ostendit.
1543 4160 1747 4232 Lapsus

172 4249 357 4294 autem
400 4242 451 4296 in
481 4244 668 4299 ordine
701 4246 1087 4313 ecclesiastico,
1119 4249 1211 4304 sed
1244 4266 1348 4303 non
1377 4250 1632 4314 detectus,
1659 4251 1745 4321 ju-

171 4333 316 4389 dicio
342 4332 434 4388 Dei
477 4336 893 4402 committimus,
925 4339 1077 4409 cujus
1116 4340 1520 4409 misericordize,
1555 4351 1613 4397 ut
1636 4342 1746 4399 Leo

173 4423 307 4478 dicit
348 4425 517 4494 (epist.
555 4426 623 4479 ad
657 4426 1048 4502 Theodorum),
1099 4446 1198 4487 nec
1241 4448 1523 4489 mensuras
1548 4448 1743 4504 possu-

1855 3266 1949 3319 per
1971 3253 2204 3322 singulas
2252 3268 2423 3312 noctes
2453 3259 2640 3314 lectum
2670 3278 2839 3316 meum
2857 3304 2873 3327 ,
2923 3265 3168 3334 Iucrymis
3206 3275 3429 3320 stratum

1855 3358 2022 3396 meum
2058 3344 2234 3415 rigabo
2264 3345 2434 3418 (Psai.
2464 3367 2538 3413 vt,
2563 3352 2619 3422 7)
2650 3370 2662 3405 :
2696 3354 2823 3422 quia
2854 3354 2959 3407 vita
2995 3365 3174 3409 nostra
3206 3357 3424 3427 indigna

1855 3449 1963 3487 non
1982 3434 2277 3504 judicatur,
2302 3453 2422 3508 quae
2453 3440 2700 3513 lacrymis
2729 3444 2953 3498 lavatur.
2983 3443 3134 3499 Unde
3154 3445 3276 3514 quia
3308 3456 3427 3514 poSt

1853 3524 2176 3592 baptisuuun
2212 3527 2614 3597 inquinavimus
2642 3534 2831 3597 vitam,
2859 3542 2915 3587 et
2950 3534 3144 3588 iterum
3174 3535 3427 3605 baptismi

1852 3614 2007 3681 aquis
2033 3612 2200 3668 lavari
2247 3631 2353 3671 non
2393 3633 2710 3688 possumus,
2749 3623 3135 3677 conscientiam
3184 3631 3423 3678 nostram

1851 3701 2101 3772 lacrymis
2147 3705 2515 3776 baptizemus,
2542 3719 2599 3765 et
2643 3727 2965 3767 reuovemur
2992 3714 3182 3783 spiritu
3228 3716 3425 3770 mentis

1851 3804 2047 3850 nostra:
2066 3796 2132 3851 de
2160 3797 2246 3852 die
2271 3798 2324 3854 in
2354 3800 2515 3855 diem.
2545 3801 2729 3857 Nescit
2750 3806 2892 3859 enim
2923 3821 3081 3860 meus
3106 3822 3199 3875 per
3229 3821 3425 3875 corpus

1849 3893 2204 3952 veterescere,
2234 3904 2354 3959 quae
2387 3893 2567 3948 studet
2606 3908 2704 3962 per
2729 3895 3053 3950 desiderium
3097 3912 3310 3965 semper
3338 3897 3423 3951 in-

1850 3976 2067 4032 choare.
2102 3977 2239 4033 liinc
2280 3995 2513 4052 namque
2542 3999 2639 4052 per
2668 3984 2891 4039 Paulum
2932 3987 3151 4050 dicitur,
3196 3986 3425 4043 Renova-

1849 4064 1978 4118 mini
2004 4066 2191 4136 spiritu
2211 4070 2397 4125 mentis
2421 4082 2600 4126 vestra:
2624 4071 2837 4145 (Ep/tes.
2868 4090 2943 4138 tv,
2974 4076 3085 4147 32).
3119 4075 3254 4131 Hinc
3275 4077 3424 4132 Psal-

1849 4155 2040 4223 ruista,
2084 4158 2173 4228 qui
2205 4160 2272 4214 ad
2299 4160 2651 4231 perfectionis
2688 4165 2801 4235 jam
2830 4168 3040 4222 culmen
3071 4181 3420 4239 pervenerat,

1848 4245 2003 4314 quasi
2053 4247 2311 4306 incltoans
2356 4251 2587 4319 dicebat,
2636 4254 2757 4309 Dixi
2800 4272 2818 4311 :
2858 4256 3013 4311 Nunc
3060 4258 3186 4328 coepi
3246 4258 3418 4329 (Psal.

1847 4346 2032 4403 Lxxvt,
2066 4337 2175 4408 ll),
2205 4340 2331 4410 quia
2366 4342 2617 4398 videlicet
2660 4345 2704 4400 si
2737 4344 3029 4402 lassescere
3058 4348 3126 4402 ab
3157 4347 3422 4403 inchoatis

1820 4424 2003 4481 'bonis
2030 4427 2303 4496 nolumus,
2331 4445 2552 4489 necesse
2591 4442 2672 4489 est
2698 4442 2754 4489 ut
2779 4436 3034 4491 inchoare
3063 4424 3422 4507 nos'quotidie

170 4530 294 4582 mus
321 4531 540 4584 ponere,
567 4531 665 4571 nec
690 4527 927 4588 tempora
948 4520 1193 4588 diﬂiuire,
1226 4524 1364 4593 apud
1386 4538 1544 4594 quem
1569 4525 1741 4582 nullas

1856 4516 2148 4572 credamus.
2184 4517 2229 4572 A
2260 4518 2471 4577 fervore
2499 4523 2697 4578 etenim
2727 4525 2947 4590 mentis,
2979 4523 3062 4580 vel
3096 4526 3237 4581 inter
3264 4528 3423 4597 spiri-

164 4606 374 4672 patitur
415 4607 581 4661 veniae
626 4624 806 4664 moras
846 4626 970 4665 vera
1019 4612 1326 4679 confessio,
1382 4616 1593 4672 dicente
1645 4617 1740 4674 Dei

169 4694 377 4763 Spiritu
400 4711 494 4764 per
515 4699 827 4767 prophetam
854 4718 866 4753 :
893 4699 1025 4755 Cum
1046 4703 1387 4773 ingemueris,
1415 4716 1538 4759 tunc
1567 4705 1741 4763 salvus

167 4786 307 4850 eris;
337 4794 392 4838 et
414 4786 539 4843 alibi
565 4787 695 4842 :Dic
715 4790 1011 4860 iniquitates
1033 4802 1151 4846 tuas
1171 4795 1318 4863 prior
1338 4805 1392 4848 ut
1409 4797 1741 4865 justi/iceris,

164 4876 292 4946 quia
309 4877 452 4946 apud
483 4877 757 4934 Dominum
785 4882 1144 4937 misericordia
1171 4894 1265 4948 est,
1295 4893 1342 4939 et
1369 4887 1576 4956 copiosa
1601 4891 1741 4959 apud

162 4984 289 5022 eum
335 4969 616 5040 redemptio
665 4972 835 5044 (Paul.
882 4990 1064 5039 cxxrx,
1092 4977 1180 5049 ‘7);
1209 4985 1264 5031 et
1305 4976 1630 5047 Apostolus:
1682 4980 1742 5036 Si

164 5060 513 5130 nosmetipsos
547 5062 989 5133 dijudicaremus,
1036 5084 1138 5123 non
1184 5067 1361 5140 utique
1383 5070 1745 5140 judicaremur

163 5150 217 5221 (1
250 5150 374 5206 Cor.
402 5168 479 5216 xl,
528 5155 639 5223 3|).
685 5154 839 5211 Unde
885 5157 1135 5216 doctores
1179 5161 1470 5217 catholici:
1512 5163 1589 5217 Eo
1617 5171 1744 5219 tunc

162 5238 432 5294 Dominus
461 5241 701 5298 salvator
746 5245 1037 5311 invenitur,
1083 5262 1190 5316 quo
1233 5265 1373 5305 nunc
1401 5266 1510 5320 pra:
1550 5252 1743 5308 timore

160 5330 379 5384 Domini
401 5341 681 5401 peccatum
707 5343 947 5389 nostrum
976 5351 1006 5389 a
1039 5337 1436 5408 nobismetipsis
1461 5340 1739 5408 redargui-

159 5431 273 5476 tur.
310 5420 465 5479 Unde
495 5424 649 5480 electi
680 5426 880 5496 quique
917 5427 1088 5497 culpis
1117 5428 1230 5483 suis
1260 5445 1534 5500 nunquam
1561 5432 1738 5487 sciunt

159 5529 393 5584 parcere
414 5555 429 5581 ,
465 5525 525 5569 ut
549 5517 760 5587 possint
786 5518 1061 5588 culparum
1085 5517 1323 5587 judicem
1354 5521 1621 5591 placatum
1654 5523 1736 5578 in-

158 5605 353 5675 venire
385 5624 398 5660 :
446 5615 500 5661 et
527 5623 653 5664 vere
676 5623 799 5664 eum
843 5608 1179 5679 postmodum
1208 5612 1451 5668 invenire
1489 5612 1735 5669 Salvato-

162 5709 279 5753 rzm
308 5695 557 5765 credunt,
580 5714 737 5769 quem
762 5699 1005 5756 districte
1028 5701 1187 5757 modo
1207 5701 1441 5772 judicent
1469 5714 1734 5760 metuunt.

1848 4608 1982 4665 tales
2011 4610 2281 4678 inimicos,
2306 4613 2392 4668 vel
2420 4615 2561 4671 inter
2589 4616 2835 4673 carnales
2860 4633 3101 4689 quosque
3123 4620 3419 4688 proximos,

1846 4698 1961 4768 ipso
1974 4700 2155 4770 aliquo
2178 4703 2336 4758 modo
2358 4705 2570 4760 vivendi
2591 4723 2687 4761 usu
2711 4709 3112 4775 veterescimus,
3129 4720 3182 4766 et
3210 4725 3419 4765 assum-

1846 4794 2217 4862 ptreuovitalis
2231 4797 2409 4865 specie
2434 4798 2727 4855 fuscamur.
2754 4802 2797 4855 A
2822 4817 2930 4871 qua
2957 4813 3133 4858 tamen
3157 4813 3423 4859 vetustate

1846 4885 2106 4952 quotidie,
2136 4886 2178 4939 si
2205 4890 2379 4942 studia
2409 4891 2910 4961 circumspcctionis
2938 4894 3236 4965 invigilant,
3259 4911 3421 4949 oran-

1850 4974 1948 5038 do,
1986 4975 2240 5045 legendo,
2290 4978 2427 5034 bene
2470 4981 2700 5037 vivendo
2744 4997 3107 5039 renovantur:
3141 4985 3264 5054 quia
3309 4987 3418 5040 vita

1848 5082 2051 5133 nostra,
2078 5072 2204 5126 dum
2236 5073 2486 5144 lacrymis
2529 5076 2761 5142 lavatur,
2796 5078 2955 5132 bouis
2982 5078 3235 5159 operibus
3261 5094 3418 5133 exer-

1848 5168 2021 5226 cetur,
2054 5164 2256 5219 sanctis
2283 5166 2723 5224 meditationibus
2754 5169 3007 5231 tenditur,
3034 5169 3098 5223 ad
3124 5170 3414 5225 novitatem

1847 5266 2000 5307 suam
2030 5272 2044 5308 :
2076 5254 2193 5310 siue
2217 5257 2517 5314 cessatione
2538 5268 2855 5329 reparatur;
2886 5260 3010 5328 quia
3038 5270 3280 5328 peccata,
3304 5261 3418 5315 sive

1847 5360 2049 5415 parva,
2094 5347 2207 5402 sive
2257 5364 2481 5420 magna,
2544 5350 2802 5419 impunita
2846 5365 2965 5405 esse
2998 5366 3102 5404 non
3151 5359 3412 5419 possunt:

1844 5436 2097 5504 quoniam
2142 5445 2234 5491 aut
2259 5437 2477 5494 homine
2516 5439 2841 5509 ptenitente,
2884 5447 2978 5492 aut
3018 5438 3417 5508 Deojudicaute

1842 5525 2167 5594 plectuntur,
2196 5536 2374 5583 cessat
2401 5537 2578 5584 autem
2602 5529 2839 5584 vindicta
2874 5529 3074 5595 divina,
3103 5530 3145 5585 si
3191 5545 3404 5587 conver-

1841 5617 1923 5671 sio
1957 5625 2254 5684 praecurrat
2278 5617 2531 5673 humana.
2575 5617 2735 5674 Amat
2764 5619 2907 5674 enim
2939 5619 3081 5676 Deus
3107 5622 3412 5676 conﬁtenti-

1841 5709 1940 5765 bus
1982 5723 2202 5779 parcere
2227 5749 2240 5775 ,
2273 5716 2328 5765 et
2388 5724 2482 5768 eos
2526 5710 2617 5783 qui
2666 5710 2980 5780 semetipsos
3025 5710 3268 5781 judicant
3309 5727 3419 5766 non
