4006 6338
642 322 740 403 rat

1594 304 1924 401 "Incusat
1961 316 2356 398 nunirnssrs
2390 335 2932 396 ARCHIEPISCOPI.

3711 320 3794 403 'm

632 454 901 526 judicare.
938 460 1004 516 Et
1032 468 1251 517 sanctus
1270 456 1586 529 Gregorius,
1598 457 1750 528 quod
1773 464 1829 512 et
1848 456 2216 525 praedecessor
2239 457 2289 517 Α
2316 453 2398 508 nit
2417 461 2472 509 et
2501 453 2686 509 illicita
2718 460 3056 524 perpetrasse
3085 470 3099 506 :
3136 452 3413 509 attendens
3432 454 3671 510 consilium
3691 458 3795 514 beati

641 550 761 619 ejus
792 563 1010 609 sanctus
1037 552 1289 609 Callistus
1314 552 1628 619 scripserat,
1657 546 1725 604 de
1752 547 1920 619 lapsis
1940 546 1996 602 in
2026 545 2215 601 ordine

642 641 1043 707 Ecclesiastico,
1084 642 1177 698 sed
1217 657 1324 696 non
1355 639 1601 708 detectis,
1646 638 2000 710 interroganti
2042 652 2099 693 se
2131 651 2212 691 re-

638 733 859 801 spondit
880 732 1051 805 (epist.
1096 732 1152 803 2)
1192 751 1203 785 :
1235 730 1362 798 Nos,
1395 730 2041 801 inquiens,praecedentes
2063 726 2216 782 nobis

637 830 823 893 patres
847 825 1143 894 sequimur,
1164 824 1254 893 qui
1278 832 1498 879 auctore
1519 821 1630 877 Deo
1658 836 1811 877 sacra
1835 819 2076 876 doctrina
2099 817 2215 873 illo-

639 930 760 969 rum
792 931 899 971 non
931 916 1323 972 discordamus.
1351 915 1395 969 A
1432 915 1609 984 capite
1653 916 1838 985 itaque
1876 905 2213 982 incipientes,

634 1021 809 1077 usque
837 1006 892 1062 in
924 1016 1179 1078 quartum
1205 1006 1392 1061 altaris
1420 1005 1799 1067 ministerium,
1822 1003 1965 1057 hanc
1984 1001 2213 1057 formam

635 1098 959 1153 servandam
1009 1098 1415 1169 cognoscimus,
1455 1105 1514 1151 ut
1567 1096 1693 1165 quia
1733 1094 1995 1149 minorem
2043 1090 2215 1161 major

633 1186 909 1255 prtecedit,
940 1185 1081 1240 sicut
1109 1185 1313 1240 honore
1336 1186 1408 1240 ita
1432 1194 1485 1240 et
1510 1184 1752 1247 crimine,
1782 1190 1838 1238 et
1860 1196 2018 1253 quem
2042 1179 2215 1249 major

635 1277 887 1347 sequitur
921 1278 1100 1347 culpa,
1144 1276 1319 1347 major
1342 1278 1663 1348 importetur
1685 1275 1952 1337 vindicta,
1997 1282 2053 1327 et
2093 1280 2215 1341 post

632 1368 1009 1438 paenitentiam
1063 1366 1317 1424 credatur
1362 1383 1482 1423 esse
1534 1366 1829 1423 fructuosa.
1885 1363 2023 1431 Quid
2069 1363 2211 1417 enim

630 1457 853 1528 prodest
884 1458 1121 1513 triticum
1146 1458 1432 1523 seminare,
1464 1468 1518 1514 et
1540 1458 1774 1513 fructum
1800 1456 1943 1512 illius
1970 1469 2075 1509 non
2100 1453 2211 1509 col-

632 1545 834 1617 ligere?
864 1547 993 1603 Post
1023 1546 1242 1620 dignam
1284 1547 1707 1603 satisfactionem
1748 1546 2019 1602 credimus
2052 1557 2212 1613 posse

633 1638 815 1694 redire
842 1639 908 1693 ad
938 1640 1222 1706 honorem,
1249 1641 1511 1711 propheta
1556 1640 1768 1696 dicente
1792 1657 1805 1692 :
1841 1636 2095 1707 Nunquid
2121 1638 2211 1705 qui

631 1728 772 1781 cadit
801 1745 905 1784 non
934 1728 1144 1799 adjiciet
1167 1740 1225 1784 ut
1250 1741 1516 1801 resurgat,
1554 1740 1600 1785 et
1637 1730 1726 1802 qui
1764 1744 1975 1783 aversus
2000 1736 2076 1782 est
2106 1743 2209 1781 non

2318 544 2538 600 Joannis
2572 544 2826 615 Baptistae
2851 544 3097 608 dicentis,
3149 542 3331 599 Facite
3357 545 3543 613 fructus
3558 547 3708 616 dignos
3728 569 3800 619 put-

2318 637 2549 692 nilentia:
2582 636 2732 709 (Luc.
2768 652 2854 702 ιιι,
2880 637 2957 708 8).
3008 636 3124 703 Qua
3167 638 3433 692 sententia
3462 639 3801 714 uniuscujusque

2317 725 2636 781 convenitur
2669 725 3015 789 conscientia,
3044 733 3104 779 ut
3142 732 3292 780 tanto
3330 726 3519 795 majora
3542 740 3711 796 quant
3735 734 3802 788 be-

2315 832 2508 871 norum
2540 829 2762 885 operum
2797 815 2946 871 lucra
2973 830 3069 885 per
3097 816 3483 885 paenitentiam,
3518 831 3689 888 quanto
3712 839 3801 893 gra-

2315 907 2435 963 vius
2461 907 2564 963 sibi
2590 907 2769 962 intulit
2803 908 2997 963 damna
3022 923 3119 977 per
3152 907 3395 976 culpam:
3425 916 3476 962 et
3500 908 3674 978 singula
3699 928 3805 981 qun-

2315 1012 2421 1067 que
2447 998 2685 1052 admissa
2734 997 3057 1062 consideret,
3090 1004 3144 1052 et
3183 998 3309 1052 dum
3345 1013 3438 1068 per
3468 1001 3806 1071 unumquodque

2314 1087 2517 1142 erroris
2539 1087 2621 1142 sui
2653 1087 3075 1158 inquinationem
3108 1086 3286 1150 deflet,
3321 1087 3570 1157 simulque
3607 1106 3660 1143 ac
3682 1100 3805 1146 totum

2314 1177 2567 1249 lacrymis
2593 1178 2829 1233 mundet.
2882 1177 3036 1233 Unde
3078 1177 3215 1233 bene
3243 1192 3341 1247 per
3382 1178 3663 1247 prophetam
3693 1179 3804 1235 Jere-
3896 1236 3897 1259 ᾖ

2315 1267 2478 1322 miam
2505 1266 2721 1332 dicitur,
2751 1280 2871 1320 cum
2892 1264 3041 1321 Judtc
3061 1266 3270 1336 singula
3290 1265 3474 1320 delicta
3501 1279 3803 1326 censerentur:

2314 1357 2606 1414 Divisiones
2653 1374 2910 1428 aquarum
2950 1358 3164 1412 deduxit
3207 1356 3388 1412 oculus
3433 1374 3565 1412 meus
3607 1357 3803 1429 (Timui,

2313 1448 2429 1517 48).
2470 1447 2707 1503 Divisam
2760 1449 2955 1518 quippe
2997 1462 3065 1502 ex
3110 1447 3282 1503 oculis
3321 1462 3506 1517 aquam
3544 1447 3803 1514 deducimus,

2315 1540 2529 1610 quando
2554 1539 2789 1608 peccatis
2808 1537 3031 1608 singulis
3058 1539 3367 1608 dispertitas
3396 1538 3633 1608 lacrymas
3650 1538 3802 1595 damus.

2314 1629 2500 1699 Neque
2527 1630 2671 1684 enim
2719 1645 2824 1685 uno
2851 1629 3145 1699 eodemque
3170 1639 3408 1699 tempore
3442 1645 3583 1699 teque
3624 1645 3740 1685 mens
3758 1631 3802 1686 de

2314 1720 2564 1776 omnibus
2610 1720 2790 1776 dolet:
2841 1723 2935 1776 sed
2985 1720 3112 1775 dum
3153 1736 3298 1776 nunc
3336 1718 3520 1789 hujus,
3552 1735 3672 1774 nunc
3705 1721 3802 1775 illius

632 1833 917 1878 revertetur
947 1822 1122 1896 (Ρεαι,
1149 1841 1237 1889 ιι,
1266 1826 1345 1897 9,)
1383 1826 1528 1882 Idem
1558 1825 1820 1895 propheta
1849 1823 1924 1878 ait
1948 1840 1962 1876 ε
1985 1821 2052 1876 In
2076 1838 2209 1892 qua-
2242 1802 2287 1860 Β
2315 1811 2483 1881 culpae
2507 1811 2767 1866 memoria
2794 1811 2972 1866 acrius
2993 1811 3251 1882 tangitur,
3293 1808 3448 1864 simul
3472 1808 3533 1864 de
3552 1808 3799 1864 omnibusin

630 1929 835 1985 cunque
882 1915 968 1970 die
1014 1932 1291 1971 conversus
1341 1916 1653 1986 ingemueris
1680 1953 1694 1982 ,
1742 1924 1864 1968 tunc
1907 1911 2207 1967 saluaberis.

630 2002 787 2060 Unde
808 2012 865 2059 et
888 2002 1170 2060 Psalmista
1192 2006 1300 2060 ait:
1329 2005 1436 2059 Cor
1456 2005 1707 2059 mundum
1729 2020 1845 2057 crea
1863 2003 2028 2068 inme,
2049 2001 2209 2066 Deus,

629 2110 680 2155 et
741 2100 981 2170 spiritum
1031 2111 1227 2156 rectum
1276 2101 1466 2156 innova
1513 2102 1569 2153 in
1611 2098 1891 2154 visceribus
1945 2096 2091 2151 meis.
2128 2094 2212 2149 Ne

624 2189 877 2260 projicias
905 2206 987 2244 me
1016 2207 1048 2244 a
1077 2190 1213 2261 facie
1258 2200 1383 2257 tua,
1411 2199 1460 2244 et
1501 2189 1740 2259 spiritum
1781 2195 2018 2241 sanctum
2061 2194 2211 2238 tuum

626 2300 696 2338 ne
731 2284 942 2354 auferas
971 2301 1005 2339 a
1040 2301 1120 2338 me
1147 2282 1320 2356 (Psal.
1351 2300 1407 2348 ι,
1438 2281 1525 2349 12,
1554 2280 1663 2355 15).
1694 2282 1832 2336 Dum
1869 2277 2012 2334 enim
2056 2276 2212 2348 petiit

626 2387 699 2431 ne
726 2389 757 2428 a
791 2375 904 2430 Deo
930 2375 1287 2446 projiceretur
1321 2374 1603 2445 prolapsus
1630 2372 1818 2442 culpa,
1852 2370 2082 2424 alienam
2116 2384 2209 2422 rex

623 2475 683 2522 et
704 2466 965 2539 propheta
995 2467 1157 2522 simul
1188 2467 1433 2536 rapuisse
1477 2480 1702 2520 uxorem
1734 2462 2082 2519 tremefactus
2116 2476 2210 2515 ex-

623 2558 795 2628 pavit,
822 2559 1085 2629 propheta
1118 2558 1388 2613 indicante
1417 2556 1677 2628 flagitium
1719 2569 1875 2610 suum
1905 2572 1918 2607 :
1948 2561 2003 2609 et
2032 2550 2207 2623 paeni-

623 2649 852 2704 tentiam
882 2663 1049 2721 agens
1076 2648 1321 2704 addidit:
1352 2647 1525 2702 Redde
1566 2646 1693 2701 mihi
1733 2644 1973 2700 la'titiant
2010 2640 2209 2697 saluta-

623 2740 701 2794 ris
749 2740 861 2806 tui,
923 2749 981 2805 et
1025 2740 1213 2811 spiritu
1255 2738 1532 2811 principali
1588 2737 1842 2807 conﬁrma
1889 2750 1970 2789 me
2017 2732 2207 2804 (ibid.,

624 2830 751 2902 15).
814 2829 874 2887 Si
929 2832 1074 2888 enim
1131 2847 1192 2888 se
1245 2831 1465 2903 dignum
1529 2831 1641 2886 Deo
1694 2844 1792 2901 per
1835 2827 2209 2899 paenitentiam

622 2938 736 2978 non
802 2920 1060 2988 fecisset,
1124 2937 1465 2993 nequaquam
1522 2922 1645 2976 aliis
1714 2920 2054 2993 praedicaret.
2118 2916 2209 2973 Ait

624 3013 793 3084 729
816 3014 1002 3070 enim:
1060 3013 1264 3068 Docebo
1319 3014 1525 3083 iniquos
1570 3014 1679 3067 vias
1706 3022 1846 3076 tuas,
1893 3020 1940 3064 et
1966 3010 2113 3080 impii
2138 3009 2209 3063 ad

632 3115 685 3158 te
730 3111 1091 3159 convertentur
1138 3102 1313 3173 (ibid.,
1363 3102 1473 3174 15).
1529 3101 1700 3166 Dum,
1748 3100 1951 3169 inquit,
1983 3107 2203 3170 peccata

2312 1902 2536 1974 singulis
2563 1909 2827 1957 commota
2852 1910 3129 1971 purgatur.
3158 1899 3253 1955 Sic
3279 1900 3526 1954 nimirum
3549 1913 3656 1968 erga
3678 1898 3801 1965 lapsos

2311 2002 2474 2063 atque
2520 1993 2782 2059 delectos,
2833 2008 2955 2048 cum
2987 1991 3269 2047 catholicae
3301 2000 3359 2047 et
3383 1988 3798 2061 apostolicteEecle-

2310 2086 2405 2139 site
2441 2083 2708 2152 doctrina,
2735 2099 3011 2140 sacrorum
3058 2099 3327 2141 canonum
3355 2082 3635 2139 severitatis
3667 2096 3799 2136 censu-

2310 2190 2427 2230 ram
2475 2175 2773 2246 sequimur.
2827 2175 2919 2231 Sic
2963 2176 3245 2247 delapsis,
3285 2175 3380 2230 sed
3427 2189 3527 2229 non
3552 2171 3796 2235 detectis,el

2308 2274 2531 2333 peccata
2558 2280 2652 2319 sua
2675 2264 2912 2335 perfecte
2940 2264 3269 2335 lugentibus,
3299 2278 3419 2320 cum
3441 2261 3652 2317 Ecclesia
3670 2261 3792 2315 cathe

2310 2353 2414 2409 lica
2445 2355 2509 2410 de
2545 2354 3065 2425 omnipotentissima
3110 2354 3324 2408 Domini
3372 2352 3669 2421 benignitate
3688 2347 3783 2403 senti

2310 2462 2471 2502 mus:
2510 2447 2636 2516 quia
2676 2446 2880 2501 nullum
2912 2454 3193 2516 peccatum
3236 2452 3336 2506 est,
3376 2453 3434 2497 ut
3461 2441 3579 2496 dicit
3601 2438 3794 2500 Gelasius,

2310 2552 2409 2609 pro
2445 2553 2552 2609 quo
2592 2545 2685 2592 aut
2734 2544 2843 2592 nan
2881 2544 3002 2590 oret
3052 2534 3295 2590 Ecclesia
3340 2530 3707 2593 remittendum,
3738 2535 3794 2580 aut

2311 2628 2453 2698 quod
2495 2628 2617 2682 data
2663 2625 2766 2681 sibi
2797 2625 3052 2680 divinitus
3096 2632 3363 2695 potestate
3409 2616 3796 2676 desistentibusab

2310 2722 2501 2775 eodem
2535 2733 2640 2785 non
2676 2717 2844 2786 possit
2890 2715 3196 2779 absolvere,
3227 2713 3312 2768 vel
3343 2706 3794 2783 pmnitentibusrela-

2310 2827 2464 2875 xare,
2509 2808 2596 2864 cui
2623 2809 2851 2874 dicitur,
2886 2805 3237 2875 'Quwcunque
3276 2801 3560 2857 dimiseritis
3586 2813 3707 2866 super
3724 2805 3793 2847 ter-

2315 2923 2452 2971 ram,
2479 2905 2698 2959 dimissa
2724 2912 2877 2958 erunt
2915 2904 2970 2957 in
2996 2901 3136 2956 caelis
3161 2913 3181 2952 :
3234 2908 3283 2955 et
3303 2912 3600 2970 quacunque
3616 2890 3796 2947 solverint

2310 3016 2468 3069 super
2516 3008 2747 3060 terram,
2795 2995 2968 3050 soluta
3009 3003 3161 3049 erunt
3194 3002 3249 3047 et
3290 2993 3345 3045 in
3385 2989 3517 3044 caelis
3561 2987 3705 3058 (Joan.
3734 2997 3793 3041 tt,

2314 3091 2505 3146 Matth.
2543 3088 2716 3159 xvm).
2762 3087 2818 3141 ln
2847 3085 3261 3166 quibuscunque
3280 3081 3455 3137 omnia
3484 3084 3614 3139 sunt,
3637 3079 3794 3143 quanta-

624 3209 728 3252 sua
770 3194 1050 3265 prospexit
1077 3150 1339 3265 pr‘opheia
1370 3150 1625 3248 mundata
1662 3206 1759 3263 per
1806 3150 2205 3261 paenitentiam,
2234 3150 2280 3214 ϐ
2313 3199 2524 3255 cunque
2553 3185 2683 3247 sint,
2737 3190 2793 3236 et
2817 3160 3215 3270 qualiacunque
3238 3175 3388 3270 _sint..
3428 3163 3794 3270 Sicevangelicis

624 3302 739 3342 non
772 3259 1052 3343 dubi-tavit
1078 3259 1431 3356 prsidicando
1468 3259 1888 3348 ettrareaiiena,
1917 3292 1973 3338 et
1998 3283 2209 3338 sacrifi-
2309 3276 2605 3333 sententias
2633 3273 2773 3327 inter
2811 3284 2869 3324 se
2901 3284 3005 3323 non
3033 3266 3348 3321 discordare
3376 3259 3698 3356 intelligimus:

625 3377 771 3430 cium
792 3374 860 3431 de
888 3338 1180 3444 semetipso
1200 3372 1397 3429 offerre
1428 3373 1536 3429 Deo
1566 3372 1771 3427 studuit
1796 3338 1917 3428 cum
1948 3372 2159 3427 dicebat
2190 3391 2204 3427 :
2308 3367 2410 3442 bus
2428 3365 2655 3421 dicitur:
2680 3363 2724 3416 A
2746 3360 3000 3431 fructibus
3024 3373 3201 3410 eorum
3230 3350 3533 3445 cognoscetis
3551 3338 3791 3445 cos-(Haut;

633 3424 1766 3534 §;;';.-,E;.-.1;.;"i5.;‘;p3.};.;insurgit...
1800 3424 2213 3534 titiu.,"ia),'et
2307 3436 2407 3523 Vll,
2439 3455 2548 3526 ιδ).
2605 3452 2682 3506 De
2706 3424 2900 3521 quibus
2944 3447 3100 3500 malae
3124 3442 3452 3534 operalienis
3491 3424 3791 3534 ῖτιιειίυυενῆίξ

633 3513 966 3534 νην-ψ---
999 3513 1103 3519 ---
2021 3513 2126 3534 _-,.
2162 3513 2210 3518 --

626 3554 858 3624 reliqua,
889 3569 1011 3624 quae
1053 3556 1279 3610 devotus
1321 3570 1385 3609 ac
1419 3555 1690 3610 studiosus
1730 3555 1900 3610 lector
1950 3569 2048 3612 suo
2089 3554 2208 3611 loco

2314 3513 2406 3603 est,
2442 3513 2521 3599 de,
2559 3513 2862 3596 manifestis
2892 3536 3153 3607 peccatis,
3205 3532 3364 3588 sicuti
3394 3537 3512 3585 sunt
3538 3535 3705 3592 stupra,
3737 3513 3789 3624 vel

626 3643 875 3698 invenire
905 3642 1123 3698 valebit.
1178 3643 1248 3699 Et
1297 3645 1425 3699 item
1463 3644 1634 3699 alibi:
1665 3644 1772 3700 Sed
1830 3645 2207 3716 paenitentiam

592 3750 601 3755 ‘
627 3749 791 3805 agere
813 3734 973 3805 digne
994 3750 1101 3790 non
1119 3749 1426 3806 possumus,
1455 3735 1558 3791 nisi
1587 3736 1803 3791 modum
1827 3751 2042 3807 quoque
2067 3735 2209 3805 ejus-

628 3825 751 3878 dem
784 3824 1115 3895 ptenitentiae
1143 3840 1550 3896 cognoscamus.
1606 3824 1983 3880 Paenitentiam
2013 3825 2211 3895 quippe

626 3928 789 3986 agere
809 3923 892 3970 est
910 3956 925 3981 ,
952 3924 1009 3970 et
1033 3923 1335 3986 perpetrata
1364 3915 1504 3970 mala
1533 3915 1808 3987 plangere,
1836 3924 1891 3970 et
1909 3914 2209 3985 plangenda

627 4023 737 4061 non
774 4013 1105 4076 perpetrare.
1142 4005 1276 4061 Nam
1302 4006 1395 4077 qui
1421 4007 1499 4063 sic
1526 4006 1631 4061 alia
1654 4005 1914 4077 deplorat,
1944 4013 2005 4060 ut
2031 4014 2211 4060 tamen

625 4094 732 4149 alia
763 4095 1085 4160 committat,
1116 4096 1296 4152 adhuc
1322 4096 1699 4167 paenitentiam
1750 4110 1911 4167 agere
1938 4104 2031 4150 aut
2054 4096 2206 4167 igno-

624 4193 739 4249 rat,
779 4195 872 4239 aut
907 4184 1226 4240 dissimulat.
1255 4185 1395 4252 Quid
1423 4188 1566 4241 enim
1594 4186 1839 4257 prodest,
1888 4187 1934 4241 si
1988 4194 2210 4256 peccata

624 4276 749 4345 quis
795 4275 1021 4330 luxuria:
1049 4274 1261 4342 deﬂeat,
1301 4284 1357 4331 et
1385 4284 1565 4331 tamen
1592 4277 1769 4332 adhuc
1796 4277 2040 4332 avaritia:
2066 4277 2212 4333 aesti-

624 4366 730 4421 bus
761 4359 1019 4419 anhelat?
1063 4373 1158 4419 aut
1183 4364 1311 4434 quid
1345 4367 1588 4436 prodest,
1639 4366 1687 4422 si
1736 4367 1830 4421 ira:
1869 4366 2057 4435 culpas
2094 4364 2208 4435 jam

624 4454 831 4522 lugeat,
879 4462 935 4509 et
967 4463 1149 4509 tamen
1198 4455 1373 4511 adhuc
1409 4456 1625 4511 invidia:
1670 4455 1880 4512 facibus
1923 4458 2209 4513 tabescat?

627 4544 785 4600 Unde
815 4558 1036 4600 necesse
1055 4552 1138 4600 est
1156 4585 1172 4611 ,
1201 4553 1261 4599 ut
1289 4546 1381 4615 qui
1410 4553 1631 4616 peccata
1660 4546 1923 4616 deplorat,
1948 4547 2208 4617 ploranda

628 4634 856 4691 minime
881 4635 1203 4702 committat,
1254 4645 1311 4692 et
1336 4638 1427 4707 qui
1458 4638 1665 4709 plangit
1691 4638 1846 4705 vitia,
1899 4647 2213 4710 perpetrare

632 4724 764 4778 vitia
792 4723 1000 4779 timeat.
1050 4724 1117 4780 Et
1145 4726 1191 4781 si
1225 4727 1348 4797 quis
1395 4728 1449 4783 in
1491 4728 1866 4785 fornicationis
1895 4731 2072 4801 culpa,
2128 4728 2214 4786 vel

628 4816 885 4884 fortasse,
911 4816 1055 4887 quod
1089 4825 1176 4873 est
1198 4818 1438 4888 gravius,
1485 4819 1540 4875 in
1566 4820 1848 4886 adulterio,
1875 4823 1961 4877 vel
1986 4823 2038 4877 in
2068 4822 2216 4877 ince-

628 4922 737 4977 stu,
766 4912 852 4969 vel
871 4912 924 4968 in
963 4929 1029 4969 eo
1046 4914 1188 4985 quod
1227 4922 1382 4984 turpe
1409 4923 1494 4970 est
1518 4914 1680 4970 etiam
1706 4914 1885 4970 dicere
1907 4912 2089 4984 lapsus
2108 4921 2211 4980 est,

631 5013 780 5059 tanto
815 5020 845 5058 a
884 5020 944 5062 se
972 5004 1117 5061 licita
1144 5004 1338 5062 debeat
1363 5004 1661 5072 abscidere,
1696 5010 1900 5074 quanto
1930 5015 1990 5058 se
2024 5003 2213 5057 memi-

2288 3631 2682 3704 ‘blasphemiaz,
2712 3627 2796 3682 vel
2821 3625 2982 3689 furta,
3011 3625 3098 3678 vel
3122 3623 3382 3685 ebrietas,
3430 3627 3483 3672 et
3506 3616 3547 3670 si
3577 3610 3789 3706 quintani

2310 3699 2446 3787 alia:
2465 3723 2618 3778 nobis
2639 3720 2884 3788 judicare
2909 3715 3243 3786 prtecipitur.
3274 3712 3406 3779 Cum
3436 3713 3597 3762 autem
3622 3699 3786 3753 dicitur:

2311 3818 2474 3890 730
2499 3812 2676 3868 Nolite
2692 3811 2935 3882 judicare
2962 3817 3010 3862 et
3038 3823 3138 3860 non
3152 3796 3547 3875 judicabimini;
3568 3790 3787 3890 nolite

2311 3872 2558 3964 deluere
2583 3914 2631 3959 et
2652 3872 2755 3957 non
2782 3872 3255 3956 condemnabiniini
3285 3891 3490 3964 (Matth.
3524 3900 3606 3949 vn,
3644 3878 3700 3947 1)-
3720 3872 3787 3927 Eli

2313 3963 2493 4055 Nolite
2530 4007 2651 4051 ante
2678 4004 2876 4063 tempus
2890 3980 3162 4061 judicare,
3202 3963 3530 4058 quoadusque
3551 3973 3685 4029 ueniat

2310 4092 2505 4151 minus,
2539 4096 2588 4140 et
2615 4084 2871 4138 illuminet
2917 4078 3221 4134 abscondita
3249 4073 3579 4129 tenebrarum,
3601 4070 3640 4151 et

2312 4177 2461 4249 festet
2491 4143 2708 4232 consilia
2757 4170 2929 4225 cordis
2986 4167 3035 4239 (1
3078 4164 3202 4220 Cor.
3231 4179 3309 4228 tv,
3338 4161 3430 4232 5),
3476 4157 3535 4211 de
3580 4150 3665 4205 illis
3686 4143 3790 4249 facta

2312 4239 2518 4323 dictum
2570 4262 2935 4333 intelligimus,
2984 4273 3106 4328 qua:
3151 4255 3373 4310 dubium
3421 4256 3500 4303 est
3541 4256 3632 4313 quo
3669 4239 3789 4333 ani-tu?

2315 4320 2579 4424 fia‘nt,vel
2608 4371 2728 4426 qua:
2742 4320 2893 4409 facta
2920 4320 3020 4406 nos
3058 4349 3246 4403 latent.
3275 4345 3343 4400 Et
3382 4341 3517 4397 sicut
3555 4320 3789 4426 erant???

2314 4408 2596 4507 sententiae
2616 4408 2761 4500 inter
2787 4456 2847 4497 se
2874 4456 2981 4497 non
3013 4438 3346 4500 discordant,
3376 4432 3447 4486 ita
3468 4440 3556 4482 nec
3577 4408 3790 4488 θροείοίία

2318 4543 2476 4597 sedes
2503 4545 2586 4593 est
2625 4535 2730 4590 sibi
2778 4534 2893 4604 ipsa
2919 4531 3173 4595 ‘diversa,
3216 4526 3330 4582 sive
3355 4521 3579 4577 adversa,
3624 4508 3788 4606 (ψει-ξ’

2321 4629 2555 4686 cundum
2580 4639 2765 4682 sacros
2797 4597 3046 4679 canones
3069 4621 3137 4675 de
3175 4611 3468 4672 manifestis
3492 4597 3789 4691 peccatislcfﬁl:

2320 4721 2513 4787 fessos,
2545 4719 2659 4775 sive
2710 4716 3002 4780 convictos,
3045 4729 3077 4768 a
3126 4710 3294 4782 gradu
3342 4692 3667 4793 ecclesiastici:
3688 4679 3789 4793 Ιυδξξ

2319 4781 2535 4886 deponi,
2569 4823 2626 4869 et
2661 4827 2770 4868 non
2811 4808 3022 4881 publice
3068 4781 3377 4865 confessos.
3409 4794 3487 4912 ’ξι
3526 4781 3788 4912 “ﬂagitii:

2454 4906 2468 4912 -
2537 4905 2549 4912 .
2822 4903 2834 4912 -
2879 4910 2885 4912 —
3032 4898 3047 4912 ‘
3246 4894 3259 4907 ⁸
3313 4890 3392 4912 ““¹
3461 4895 3568 4912 nam
3604 4892 3626 4912 α

2320 4860 2384 4871 -ν
2425 4860 2535 4880 ν---,
2572 4860 2626 4869 ν-
2662 4860 2770 4868 --νη
2813 4860 3017 4881 τ--ηκ-ν-
3079 4860 3123 4862 --
3364 4860 3373 4865 .
3656 4872 3665 4884 ,

2318 4860 2640 4977 regulariter
2680 4903 2977 4969 convictos,
3015 4894 3262 4955 damnari
3313 4890 3396 4948 vel
3427 4876 3665 4956 degradan
3690 4860 3752 4922 nul

2316 4999 2527 5053 ratione
2552 4994 2838 5067 permittit.
