4006 6338
182 357 278 413 195

1244 356 1588 414 CAPITULA
1625 356 1802 412 ALIIS
1843 347 2352 415 SUPERADDITA.

171 533 3419 573 ___...__.______.__________________________________

1739 680 1900 756 ΙΙΙ.

918 829 1261 888 CAPITULA
1297 829 1485 887 ANNO
1523 828 1618 885 XII
1653 830 2144 901 jEPlSCOPATUS
2183 835 2689 896 SUPERADDITA.

166 1060 326 1146 Haec
349 1056 634 1146 capitula
667 1072 958 1146 anno‘xn
991 1056 1397 1146 episcopatus
1433 1057 1659 1146 nostri,
1700 1077 1772 1146 Iv
1794 1059 1946 1146 ldus
1983 1060 2232 1133 Iunias,
2269 1061 2415 1124 aliis
2453 1064 2924 1146 capitulisquae
2940 1067 3070 1146 jam
3104 1087 3433 1134 consacer-

253 1136 518 1197 dotibus
553 1135 1230 1222 nostri‘sdederamus,
1260 1136 1700 1222 auctoritatem
1732 1139 1985 1222 Patrum
2012 1149 2385 1218 sequentes,
2425 1135 3012 1222 superaddid'imu's,
3051 1157 3113 1211 et
3133 1149 3432 1212 fratribus

251 1234 327 1280 ac
353 1213 922 1276 consacerdotibus
951 1214 1188 1276 nostris
1224 1213 1622 1276 observanda
1657 1215 2058 1279 tradidimus.

165 1385 316 1459 Car.
337 1385 378 1459 I_.
407 1415 482 1426 —
529 1383 682 1450 Quod
729 1384 1011 1459 presbyteri
1056 1397 1242 1459 curare
1263 1381 1535 1459 _debeaut,
1572 1389 1627 1459 ut
1663 1398 1760 1450 pu—
1786 1385 1838 1443 Α
1864 1389 2077 1443 veatur,
2106 1391 2164 1437 ut
2188 1400 2345 1438 nemo
2367 1386 2658 1456 paenitens,
2682 1397 2738 1442 et
2766 1403 2888 1441 cum
2915 1387 3198 1443 devotione
3223 1399 3437 1459 petens,

243 1456 677 1523 blicipeccatores
711 1451 1064 1523 paenitentiam
1109 1452 1399 1523 accipiant,
1430 1461 1476 1503 et
1519 1451 1756 1523 episcopo

242 1520 437 1588 referre
463 1520 721 1593 quomodo
748 1523 895 1575 illam
913 1535 1086 1590 agant.
1109 1521 1182 1574 De
1195 1537 1351 1593 plene
1365 1537 1543 1573 eorum
1571 1525 1658 1590 qui
1687 1520 1756 1593 ml

242 1590 594 1662 paenitentiam
612 1594 779 1646 venire
790 1600 1138 1651 contemnunt,
1154 1601 1200 1643 et
1214 1591 1627 1662 presbyterorum
1639 1631 1651 1652 ,
1667 1590 1756 1662 qui

239 1659 536 1733 peccatores
568 1680 671 1717 non
695 1663 929 1716 indicant
950 1677 971 1727 ;
1012 1659 1223 1730 etquod
1245 1659 1432 1714 ultima
1457 1659 1756 1730 pauitantia

241 1734 377 1787 nulli
403 1733 640 1803 neganda
666 1733 757 1787 sit.

241 1845 318 1901 Ut
343 1843 714 1915 unusquisque
741 1843 996 1899 sacerdos
1021 1843 1315 1897 maximam
1360 1841 1754 1911 providentiam

167 1935 392 1999 habeat,
419 1943 702 2004 quatenus,
732 1934 778 1988 si
815 1932 954 1987 forte
984 1933 1038 1987 in
1080 1931 1335 2003 parochia
1357 1947 1452 1986 sua
1481 1931 1754 2001 publicum

166 2028 544 2092 homicidium,
597 2034 693 2081 aut
744 2026 1067 2082 adulterium
1095 2065 1110 2090 ,
1165 2025 1278 2079 sive
1307 2024 1630 2094 perjurium,
1669 2023 1755 2079 vel

170 2119 530 2189 quodcunque
563 2116 844 2172 criminale
877 2125 1158 2187 peccatum
1203 2115 1419 2185 publice
1476 2125 1756 2186 perpetra-

171 2217 284 2262 tum
308 2207 489 2271 fuerit,
519 2207 725 2274 statim,
750 2206 795 2262 si
820 2215 1096 2262 auctorem
1142 2205 1269 2261 facti
1293 2205 1374 2260 vel
1410 2207 1756 2260 consentien-

172 2308 278 2354 tem
310 2298 460 2353 adire
479 2298 738 2368 potuerit,
765 2299 1012 2353 hortetur
1039 2313 1162 2354 eum
1197 2306 1464 2368 quatenus
1494 2298 1559 2352 ad
1581 2299 1755 2368 pumi-

173 2390 400 2444 tcntiam
461 2390 642 2444 veniat
699 2404 886 2445 coram
942 2391 1147 2445 decano
1196 2398 1250 2446 et
1301 2391 1756 2461 compresbyteris

171 2480 303 2544 suis,
357 2487 414 2534 et
437 2478 699 2549 quidquid
748 2479 848 2548 ipsi
892 2479 1018 2534 inde
1048 2479 1356 2534 invenerint
1406 2479 1493 2533 vel
1519 2479 1750 2550 egerint,

172 2570 272 2625 hoc
297 2569 689 2625 comministris
738 2569 961 2635 nostris,
996 2569 1269 2638 magistris
1299 2569 1432 2633 suis,
1465 2569 1557 2638 qui
1589 2570 1640 2623 in
1671 2568 1749 2624 ci-

170 2663 338 2716 vitate
387 2661 711 2728 consistunt,
771 2661 1120 2716 innotescat:
1174 2669 1232 2714 ut
1259 2659 1398 2715 infra
1443 2660 1748 2729 quindecim

165 2753 288 2807 dies
319 2752 387 2806 ad
423 2761 664 2806 nostram
719 2753 1062 2822 praesentiam
1115 2751 1362 2822 publicus
1405 2759 1676 2820 peccator,
1710 2750 1754 2804 si

163 2843 310 2897 intra
340 2843 653 2911 parochiam
688 2851 932 2897 nostram
979 2841 1262 2906 fuerimus,
1292 2841 1493 2906 veniat,
1524 2848 1578 2895 et
1599 2841 1755 2911 juxta

161 2934 514 2989 traditionem
549 2935 861 2989 canonicam
905 2935 1174 3005 publicam
1210 2932 1582 3003 paenitentiam
1633 2947 1754 2986 cum

162 3039 366 3078 manus
414 3023 756 3092 impositione
796 3024 1070 3091 accipiat:
1102 3022 1230 3077 etsi
1271 3021 1482 3091 longius
1523 3037 1551 3074 a
1597 3035 1755 3090 paro-

162 3115 290 3169 chia
333 3120 519 3168 nostra
561 3112 839 3178 fuerimus,
903 3128 1078 3167 annus
1131 3121 1187 3166 et
1234 3112 1348 3167 dies
1394 3110 1752 3166 Kalendarum

166 3203 444 3259 subtiliter
469 3204 840 3270 describatur,
886 3204 1101 3274 quando
1153 3213 1433 3274 peccatum
1480 3203 1750 3272 publicum

164 3298 400 3366 quisque
438 3296 678 3362 admisit,
733 3305 788 3353 et
835 3296 1048 3366 quando
1087 3297 1154 3350 ad
1181 3296 1553 3366 paenitentiam
1591 3295 1747 3365 73],

167 3404 356 3443 coram
419 3389 678 3444 ministris
738 3388 925 3452 venit,
976 3388 1062 3443 vel
1115 3388 1330 3457 quando
1395 3387 1464 3443 ad
1531 3387 1753 3457 imposi-

168 3481 376 3534 tionem
424 3491 614 3534 manus
660 3487 858 3533 nostra:
900 3478 1167 3549 pervenit.
1197 3478 1264 3532 Et
1291 3492 1505 3548 semper
1533 3477 1599 3532 de
1643 3477 1752 3530 Ka-

170 3569 350 3624 lendis
381 3568 436 3622 in
469 3568 724 3624 Kalendis
752 3569 1040 3632 mensium,
1085 3567 1302 3638 quando
1351 3567 1652 3637 presbyteri
1689 3567 1756 3621 de

165 3659 416 3716 decaniis
453 3660 609 3714 simul
655 3660 1000 3724 conveniunt,
1028 3659 1371 3714 collationem
1398 3657 1464 3712 de
1492 3657 1757 3728 pmniten-

170 3752 322 3806 tibus
348 3751 460 3806 suis
490 3750 742 3814 habeant,
769 3751 1002 3819 qualiter
1045 3735 1412 3818 unusquisque
1451 3764 1601 3802 suam
1636 3762 1754 3818 pm-

168 3843 457 3898 nitentiam
486 3841 668 3906 faciat,
686 3853 741 3896 et
764 3843 918 3896 nobis
942 3857 1039 3912 per
1059 3841 1486 3896 comministrum
1510 3848 1752 3895 nostrum

171 3935 536 3997 renuntietur,
561 3941 618 3986 ut
650 3934 702 3986 in
728 3933 939 3987 actione
963 3931 1295 4002 poenitentia:
1321 3946 1548 4001 pensare
1584 3931 1756 3984 valea-

173 4037 314 4083 mus,
347 4021 562 4090 quando
596 4020 826 4089 quisque
859 4019 1126 4088 paenitens
1169 4017 1505 4072 reconciliari
1537 4018 1747 4071 debeat.

1858 1472 2045 1528 ultima
2071 1477 2386 1544 poenitentia
2413 1479 2496 1533 vel
2521 1480 2707 1534 ultimo
2736 1481 2934 1535 viatico
2961 1479 3310 1536 del‘raudetur
3337 1503 3350 1538 :
3374 1501 3438 1539 ea

1859 1568 2253 1631 convenientia,
2286 1578 2344 1623 ut
2385 1571 2429 1625 si
2470 1572 2826 1637 convaluerit,
2863 1574 3155 1627 secundum
3183 1575 3441 1629 ecclesia-

1857 1658 2021 1712 sticas
2047 1659 2256 1729 regulas
2278 1662 2646 1729 paenitentiam
2665 1671 2808 1732 agat,
2836 1672 2890 1716 et
2921 1663 3434 1730 reconciliationem,

1857 1755 2116 1816 quantum
2158 1749 2301 1804 Deus
2345 1751 2446 1804 sibi
2494 1754 2842 1820 concesserit,
2871 1754 2923 1808 in
2955 1755 3143 1810 ordine
3167 1757 3439 1825 pmniten-

1861 1839 1993 1894 tium
2028 1850 2246 1911 expetat
2273 1852 2327 1896 et
2350 1853 2644 1913 exspectet.

1856 1945 1983 2026 Car.
2025 1949 2184 2026 Πίτ
2215 1950 2416 2026 Utﬂpro
2458 1953 2570 2026 loro
2610 1955 2889 2023 sepultum
2930 1957 3061 2010 nihil
3098 1959 3357 2026 exigatur.
3388 1970 3436 2012 et

1933 2019 2104 2096 locum
2132 2019 2466 2096 Itwreditario
2499 2024 2629 2096 jure
2665 2019 2938 2096 nemosibi
2978 2019 3222 2096 arroget",
3272 2035 3360 2082 sed
3404 2047 3437 2082 α

1925 2091 2222 2159 presbytero
2247 2094 2466 2162 accipiat
2483 2091 2510 2156 ς’
2524 2104 2572 2148 et
2597 2094 2662 2148 de
2683 2095 2930 2164 sepulcris
2958 2113 3059 2150 non
3084 2091 3360 2152 tiiolandis.

1929 2197 2002 2253 Ut
2047 2215 2146 2268 pro
2187 2200 2305 2255 loco
2347 2202 2662 2272 sepultum,
2710 2205 2850 2259 sicut
2892 2220 3047 2261 sacra
3093 2214 3148 2260 et
3177 2209 3433 2262 canonica

1856 2290 2038 2344 sanxit
2073 2293 2386 2358 auctoritas,
2417 2309 2576 2348 nemo
2609 2310 2638 2348 a
2677 2309 2997 2366 quocunque
3023 2297 3277 2367 quiddam
3311 2316 3437 2356 exe-

1855 2381 1931 2437 nii
1958 2382 2157 2452 exigat.
2193 2381 2249 2437 Si
2276 2393 2454 2438 autem
2486 2384 2687 2454 aliquid
2717 2386 3004 2457 quisquam
3047 2388 3213 2458 gratis
3242 2389 3439 2446 offerre

1855 2473 2108 2538 voluerit,
2132 2482 2255 2542 post
2278 2475 2544 2544 sepultum
2575 2476 2727 2530 chari
2763 2477 2845 2531 sui
2875 2477 2957 2531 vel
2983 2477 3160 2532 chara:
3186 2494 3296 2532 sua:
3318 2495 3438 2534 cor-

1854 2577 1976 2633 pus,
2010 2564 2112 2618 hoc
2137 2564 2337 2633 suscipi
2367 2580 2472 2619 non
2505 2575 2770 2620 vetamus.
2805 2566 2870 2620 Et
2901 2582 3060 2621 nemo
3099 2567 3436 2622 Christiano-

1856 2671 1975 2709 rum
2005 2662 2318 2724 przesumat,
2349 2655 2504 2726 quasi
2533 2657 2877 2712 haereditario
2902 2659 3044 2726 jure,
3077 2657 3144 2712 de
3166 2659 3440 2728 sepultura

1787 2729 1830 2788 Β
1862 2747 2225 2802 contendere:
2268 2750 2361 2803 sed
2410 2749 2464 2802 in
2510 2749 2809 2802 sacerdotis
2856 2749 3195 2818 providentia
3237 2751 3329 2816 sit,
3377 2760 3438 2806 ut

1861 2838 2171 2908 parochiani
2201 2839 2303 2904 sui,
2338 2841 2633 2894 secundum
2662 2839 3023 2895 Christianam
3056 2841 3395 2896 devotionem
3421 2882 3438 2906 ,

1859 2927 1914 2982 in
1942 2927 2075 2982 locis
2101 2929 2296 2998 quibus
2317 2929 2516 2984 viderit
2545 2930 2889 3000 sepeliantur.
2912 2931 3030 3001 Ipse
3058 2941 3235 2987 tamen
3260 2949 3441 2989 sacer-

1861 3020 1977 3084 dos,
2005 3034 2214 3074 mclnor
2240 3019 2447 3075 ordinis
2476 3020 2579 3087 sui,
2612 3021 2892 3090 provideat
2915 3029 2969 3077 et
2994 3037 3286 3092 congruam
3325 3024 3439 3078 cui-

1856 3125 1961 3180 que
2007 3110 2356 3180 sepulturam,
2398 3119 2452 3166 et
2495 3127 2561 3166 ne
2591 3111 2937 3176 scandalum,
2983 3122 3246 3182 quantum
3281 3114 3442 3169 vitari

1857 3205 2056 3267 potest,
2098 3198 2193 3252 ﬁat
2233 3199 2346 3253 suis
2389 3200 2754 3268 parochianis.
2784 3200 2852 3254 Et
2879 3202 3184 3270 provideat,
3215 3203 3442 3258 sicutde

1857 3289 2163 3344 ministerio
2189 3304 2288 3344 suo
2322 3298 2378 3344 et
2419 3305 2598 3344 coram
2632 3290 2741 3345 Deo
2768 3300 2822 3345 et
2864 3307 3047 3346 coram
3097 3293 3295 3348 sreculo
3329 3294 3443 3347 vult

1857 3378 2127 3448 gaudere,
2156 3388 2216 3432 ut
2250 3379 2452 3433 nullius
2490 3379 2785 3434 Christiani
2835 3395 3031 3451 corpus
3077 3384 3141 3437 de
3193 3383 3444 3453 sepulcro

1857 3480 1957 3520 suo
1983 3467 2252 3537 ejiciatur,
2279 3476 2334 3522 et
2366 3484 2468 3523 nec
2502 3470 2749 3538 sepulcra
2778 3471 3210 3542 confringantur,
3239 3474 3324 3528 vel
3353 3489 3444 3528 ca-

1857 3559 2076 3613 minattr
2121 3560 2260 3614 sicut
2301 3561 2476 3615 solent
2506 3561 2630 3616 inde
2671 3563 2804 3618 liant
2831 3582 2844 3616 :
2876 3566 3001 3633 quia
3045 3567 3182 3621 sicut
3223 3567 3440 3622 crudele

1859 3659 1940 3703 est
1964 3665 2291 3719 quemquam
2318 3651 2383 3705 de
2411 3652 2570 3706 domo
2601 3668 2698 3707 sua
2727 3654 3025 3724 expellere,
3055 3665 3110 3710 et
3139 3657 3443 3711 misericor-

1856 3737 1958 3792 diae
1995 3753 2129 3808 opus
2172 3749 2287 3805 est,
2320 3755 2545 3810 egenum
2581 3751 2636 3796 et
2663 3757 2857 3814 vagum
2904 3743 3056 3812 juxta
3102 3746 3439 3801 Dominicum

1858 3828 2058 3882 dictum
2093 3829 2146 3882 in
2187 3831 2405 3885 domum
2457 3833 2736 3903 recipere:
2783 3836 2942 3905 732
2989 3837 3062 3890 ita
3116 3839 3447 3909 sacrilegum

1858 3930 1964 3985 est,
1991 3935 2186 3990 corpus
2213 3921 2462 3978 indevote
2492 3939 2553 3977 ac
2580 3923 2880 3995 irrcligiose
2924 3937 3145 3996 propter
3172 3930 3440 3999 cupidita-

1859 4021 1966 4066 tem
1995 4028 2025 4066 a
2065 4011 2310 4082 sepulcro
2348 4013 2564 4081 ejicere,
2596 4016 2686 4069 ubi
2720 4018 2947 4086 quisque
2977 4019 3311 4074 Dominicam
3350 4036 3442 4074 vo-

172 4115 239 4168 Et
265 4113 308 4168 si
343 4077 480 4167 torte
503 4077 630 4182 quis
647 4114 712 4166 ad
738 4077 1107 4183 paenitentiam
1140 4111 1326 4165 venire
1351 4109 1586 4164 noluerit
1613 4109 1752 4162 infra
1780 4077 1824 4140 Ο
1860 4104 2146 4169 cntionem,
2168 4105 2298 4158 utin
2323 4105 2555 4159 adventu
2574 4104 2702 4173 justi
2727 4107 2923 4175 judicis
2947 4118 3212 4180 resurgat,
3233 4111 3282 4164 in
3306 4127 3442 4180 pace

172 4203 477 4272 quindecim
541 4203 657 4258 dies
715 4211 837 4274 post
891 4202 1342 4272 perpetrationem
1395 4201 1646 4270 peccati,
1701 4209 1756 4255 et

173 4294 603 4349 exhortationem
648 4293 948 4364 presbyteri
990 4292 1043 4346 in
1085 4291 1238 4362 cujus
1266 4291 1525 4361 parochia
1573 4299 1754 4345 actum

176 4389 359 4452 fuerit,
386 4396 440 4441 et
462 4386 801 4441 sedulitatem
848 4384 1039 4439 decani
1082 4399 1147 4438 ac
1185 4383 1752 4453 compresbyterorum

173 4495 414 4543 suorum,
455 4488 616 4548 atque
646 4478 957 4533 instantiam
1000 4475 1492 4532 comministrorum
1537 4483 1752 4528 nostro-

175 4587 318 4635 rum,
348 4569 669 4623 decernatur
691 4568 926 4639 qualiter
963 4567 1054 4638 qui
1089 4575 1369 4637 peccatum
1401 4565 1749 4637 perpetravit,

174 4675 226 4720 et
252 4664 318 4717 ad
345 4661 715 4732 pmnitcntiam
735 4661 909 4715 redire
930 4659 1244 4724 contemnit,
1262 4674 1290 4714 a
1317 4667 1457 4714 cmtu
1477 4659 1751 4724 Ecclesiae,

176 4757 345 4811 donec
393 4753 457 4806 ad
486 4751 855 4823 paenitentiam
887 4753 1089 4814 redeat,
1136 4759 1472 4822 segregetur.
1510 4751 1576 4804 Et
1617 4751 1754 4804 sciat

175 4847 400 4915 quisque
423 4844 728 4915 presbyter,
759 4845 883 4913 quia
915 4843 957 4896 si
985 4857 1082 4912 per
1109 4842 1272 4896 alium
1304 4842 1459 4898 nobis
1479 4843 1753 4910 cognitum

175 4935 340 4990 fuerit
366 4935 508 5004 quod
551 4935 604 4988 in
647 4949 742 4989 sua
790 4932 1044 5003 parocbia
1084 4932 1423 4997 admittatur,
1454 4940 1508 4985 et
1546 4932 1754 4986 tardius

175 5030 240 5084 ,ιιι
287 5039 532 5084 nostram
561 5029 804 5083 notitiam
834 5027 1100 5098 perlatum
1142 5026 1328 5091 fuerit,
1377 5035 1555 5082 tantos
1582 5028 1694 5081 dies
1721 5042 1752 5081 a

173 5120 479 5175 ministerio
503 5134 795 5188 suspensus
819 5119 869 5174 in
897 5133 1035 5189 pane
1071 5126 1126 5172 et
1150 5133 1288 5188 aqua
1318 5118 1754 5172 excommunica-

175 5221 264 5265 tus
292 5210 613 5275 morabitur,
645 5218 877 5279 quantos
905 5209 1018 5264 dies
1062 5218 1304 5264 nostram
1348 5208 1431 5263 vel
1472 5208 1752 5262 commini-

175 5311 413 5357 strorum
441 5311 744 5356 nostrorum
794 5300 1038 5356 notitiam
1070 5301 1183 5369 ipsa
1229 5299 1403 5366 actio,
1448 5301 1568 5355 sine
1611 5299 1753 5355 illius

175 5394 540 5463 suggestione,
571 5401 626 5449 et
661 5393 836 5447 debita
886 5407 948 5446 ac
984 5392 1130 5462 jussa
1180 5392 1622 5455 commonitione,
1663 5408 1752 5445 su-

175 5483 556 5556 pertransierit
581 5502 594 5538 :
622 5493 677 5538 et
706 5484 759 5538 in
783 5482 932 5550 cujus
958 5482 1276 5552 negligentia
1304 5491 1556 5551 peccator
1583 5483 1754 5551 publi-

177 5591 278 5630 cus
321 5589 426 5628 non
456 5575 812 5628 commonitus
855 5581 974 5642 post
1003 5582 1181 5626 tantos
1215 5572 1330 5626 dies
1357 5571 1496 5626 sicut
1523 5572 1753 5641 praeﬁxi-

179 5661 302 5720 mtis
347 5665 572 5731 obierit,
629 5665 763 5719 sciat
812 5679 869 5717 se
920 5664 1149 5732 quisque
1201 5662 1484 5732 presbyter
1529 5662 1752 5730 gradum

178 5757 526 5812 amissurum.
558 5754 669 5813 Hoc
710 5764 885 5810 tamen
923 5741 1243 5808 omnimodis
1280 5751 1347 5806 ab
1374 5752 1622 5806 omnibus
1664 5767 1753 5806 ca-

1811 4192 1814 4194 ’
1860 4193 2144 4262 quiescens
2169 4193 2429 4248 debuerat
2453 4203 2792 4264 exspectare.

1857 4305 1983 4361 ΟΑΡ.
2011 4306 2094 4360 Ill.
2121 4336 2193 4345 —
2220 4303 2290 4358 Ut
2315 4305 2490 4361 nullus
2530 4307 2745 4360 missam
2788 4307 3001 4362 celebret
3046 4309 3099 4362 in
3130 4308 3290 4362 altari
3336 4325 3438 4363 non

1907 4385 2230 4440 consecrato,
2266 4376 2341 4430 vel
2361 4378 2472 4430 sine
2495 4377 2671 4430 tabula
2702 4377 2766 4430 ab
2797 4379 3032 4449 episcopo
3061 4390 3387 4432 consecrata.

1933 4465 1997 4521 Ut
2031 4466 2157 4535 quia
2190 4464 2410 4534 quidam
2459 4467 2785 4536 presbyteri,
2820 4475 3016 4537 praeter
3055 4468 3340 4522 ecclesiam
3381 4468 3435 4522 in

1855 4573 1962 4629 qua
1994 4556 2192 4611 titulati
2220 4565 2367 4622 sunt,
2398 4557 2562 4610 etiam
2591 4557 2828 4628 capellas
2865 4559 3094 4626 habent,
3124 4568 3180 4614 et
3216 4561 3434 4631 quidam

1855 4654 2020 4707 etiam
2049 4660 2262 4707 veteres
2288 4650 2552 4706 ecclesias
2591 4658 2918 4716 restaurant,
2951 4661 3045 4706 aut
3073 4651 3267 4707 altaria
3300 4666 3436 4706 nova

1855 4748 2179 4798 construunt
2219 4748 2440 4810 propter
2481 4738 2586 4793 Ioci
2635 4740 3099 4804 convenientiam,
3128 4740 3211 4796 vel
3242 4741 3439 4795 immu-

1855 4842 2010 4898 tant;
2039 4846 2198 4886 nemo
2247 4831 2686 4902 presbyterorum
2735 4831 2787 4884 in
2837 4830 3032 4884 altario
3077 4830 3144 4884 ab
3185 4831 3437 4900 episcopo

1855 4941 1962 4981 non
1990 4932 2306 4980 consecrato
2338 4933 2463 4977 ante
2494 4922 2960 4976 consecrationem
2989 4931 3206 4976 cantare
3240 4936 3438 4990 pI‘IESll-

1854 5024 1988 5070 mat.
2035 5015 2407 5084 Quapropter,
2455 5014 2500 5068 si
2545 5012 2840 5067 necessitas
2887 5010 3217 5080 poposcerit,
3265 5011 3434 5064 donec

1855 5105 2087 5161 ecclesia
2112 5104 2196 5159 vel
2217 5104 2407 5158 altaria
2433 5111 2840 5167 consecrentur,
2864 5109 2918 5156 et
2942 5102 2994 5155 in
3021 5099 3240 5170 capellis
3265 5099 3430 5154 etiam

1856 5211 1975 5266 qum
1996 5195 2457 5250 consecrationem
2489 5209 2596 5249 non
2623 5200 2922 5256 merentur,
2944 5189 3182 5244 tabulam
3207 5189 3434 5258 quisque

1857 5287 2162 5357 presbyter,
2199 5289 2285 5340 cui
2317 5283 2685 5340 necessarium
2715 5280 2877 5334 fuerit
2900 5320 2915 5346 ,
2956 5280 3022 5334 de
3054 5291 3323 5331 marmore
3354 5278 3433 5330 vel

1857 5366 2010 5451 nigra
2038 5388 2213 5449 petra,
2249 5387 2340 5433 aut
2365 5377 2480 5431 litio
2515 5373 2929 5436 honestissimo,
2957 5370 3251 5426 secundum
3281 5384 3430 5421 suam

1860 5472 2267 5544 possibilitatem
2295 5511 2309 5534 ,
2338 5470 2562 5523 honeste
2610 5465 2914 5520 affectatam
2959 5464 3177 5528 habeat,
3205 5471 3258 5515 et
3283 5462 3437 5515 nobis

1860 5565 1925 5619 ad
1953 5560 2373 5618 consecrandum
2402 5557 2612 5622 alI'erat,
2643 5571 2802 5625 quam
2828 5570 3010 5610 secum
3035 5569 3155 5608 cum
3181 5553 3404 5622 expedie
3428 5578 3437 5594 -

1859 5659 1931 5712 rit
1960 5657 2196 5720 delerat,
2227 5654 2280 5707 in
2319 5666 2422 5722 qua
2454 5665 2606 5706 sacra
2647 5649 2902 5720 mysteria
2945 5646 3239 5704 secundum
3274 5647 3432 5698 ritum

1860 5745 2286 5805 ecclesiasticum
2317 5757 2474 5812 agere
2503 5740 2696 5797 valeat.
2774 5760 2776 5763 ·
