4006 6338
591 307 701 366 795
1501 300 1833 361 HINCMARI
1871 301 2264 359 RHEMENSIS
2299 301 2816 363 ARCHIEPISLUPI
3685 314 3770 373 ἠδ

593 480 3777 518 .-————-—-———-———-————-——-—-———-—-——-——-——-————————_.

2180 612 2331 691 IV.

1370 760 1726 853 CAPITULA
1758 760 1826 817 IN
1885 760 2161 819 SYNODO
2200 760 2462 837 RllEMlS
2501 760 2687 817 DATA
2722 761 2912 821 ANNO
2948 764 3075 822 874.

602 989 751 1081 Hinc
776 984 1051 1065 capitula
1079 983 1221 1047 data
1244 989 1404 1055 sunt
1429 982 1822 1064 presbyteris
1856 983 1923 1046 in
1957 983 2214 1120 ᾆδ’ῐὲόο
2259 983 2548 1123 Rgiepiis,
2594 1001 2762 1047 anno
2810 985 3275 1053 Incarnationis
3320 987 3652 1054 Dominicaa
3681 995 3788 1067 87h,

1962 1079 2026 1122 1n
2126 1079 2279 1123 ense
2358 1081 2394 1123 u
2427 1080 2510 1123 ιο.

1962 1079 2026 1122 1D
2061 1078 2279 1125 mense
2315 1078 2343 1122 J
2358 1078 2510 1124 U110.

614 1230 744 1285 CAP.
783 1230 825 1285 l.
863 1259 931 1270 -—
969 1225 1122 1293 Quod
1163 1227 1322 1283 iidem
1382 1230 1751 1299 parocluarum
1794 1225 2076 1299 presbyteri
2130 1236 2179 1280 et
2209 1231 2256 1288 Α
2284 1228 2389 1281 hoc
2433 1241 2538 1281 non
2587 1227 2795 1297 plebem
2832 1243 2983 1283 suam
3037 1231 3314 1294 deserere,
3344 1237 3400 1285 et
3439 1230 3505 1285 ad
3544 1236 3794 1289 monasterii

715 1300 953 1355 canonici
975 1301 1028 1352 in
1059 1298 1391 1353 monasteriis
1412 1298 1569 1353 simul
1595 1314 1703 1351 esse
1734 1298 2073 1367 nonpossint.
2296 1317 2449 1386 quasi
2483 1318 2763 1372 tuitionem
2803 1317 3123 1389 .confugere,
3156 1319 3245 1374 vel
3272 1320 3556 1375 canonin
3577 1322 3799 1378 ordinm,

688 1430 708 1463 ‹
738 1410 874 1479 Quia
898 1427 1002 1465 non
1024 1410 1198 1465 solum
1226 1411 1431 1477 illicita,
1461 1410 1556 1466 sed
1580 1412 1743 1465 etiam
1768 1409 2069 1481 perniciosa
2092 1408 2194 1465 sibi
2298 1408 2352 1463 in
2380 1409 2726 1464 monasterio.
2752 1408 3008 1478 obsequia
3039 1409 3447 1464 monasterialia
3467 1410 3796 1480 derelinquens,

615 1518 680 1557 ac
707 1502 1008 1557 commissa:
1037 1501 1176 1571 plebi
1207 1503 1641 1572 praesumptione,
1673 1512 1858 1573 contra
1891 1517 2076 1556 sacros
2097 1516 2187 1556 ca-
2302 1500 2475 1568 turpis
2500 1499 2631 1553 lucri
2655 1500 2947 1568 cupiditate
2974 1500 3043 1554 ob
3076 1500 3494 1553 emolumentum
3534 1502 3718 1554 decima:
3736 1518 3797 1554 ru-

620 1578 810 1659 iuones,
838 1595 1136 1665 presbyteri
1163 1604 1358 1649 nostrae
1375 1594 1644 1664 parochiae
1668 1594 1920 1649 dicuntur
1940 1593 2199 1649 ecclesias
2298 1592 2624 1647 sticanarum
2649 1592 3027 1661 parochiarum
3057 1591 3319 1646 ecclesias
3338 1590 3561 1645 studebit
3585 1591 3795 1655 invadere,

620 1680 748 1742 suas
774 1687 1060 1757 negligere,
1092 1694 1144 1739 et
1173 1687 1516 1756 praebendam
1551 1685 1606 1741 in
1648 1684 1978 1740 monasterio
2002 1683 2201 1739 Montis
2300 1700 2408 1739 non
2437 1700 2633 1738 curans
2657 1684 2703 1738 si
2740 1674 2972 1738 infantes
2999 1685 3116 1738 sine
3160 1683 3479 1754 baptismate
3512 1683 3682 1737 mortui
3704 1699 3796 1737 casu

622 1778 868 1832 Falconis
895 1778 1166 1839 obtinere,
1196 1777 1292 1830 sed
1322 1786 1377 1830 et
1406 1776 1655 1831 canonici
1696 1776 1864 1845 ipsius
1888 1775 2199 1829 monasterii
2301 1773 2526 1839 fuerint,
2559 1773 2647 1829 vel
2673 1775 2791 1829 sine
2820 1775 3201 1830 communione
3229 1783 3286 1831 et
3318 1772 3722 1829 reconciliatione.
3744 1773 3797 1826 in-

620 1868 880 1921 ecclesias
908 1867 1315 1927 rusticanarum
1352 1866 1733 1934 parochiarum
1769 1881 2062 1935 occupare,
2110 1881 2202 1920 ne-
2302 1863 2442 1918 ﬁrmi
2477 1865 2730 1920 obierint.
2762 1864 2985 1919 Constat
3026 1865 3172 1920 enim
3200 1873 3258 1919 et
3284 1871 3487 1919 certum
3521 1869 3612 1926 est,
3638 1861 3735 1931 quia
3762 1871 3801 1915 ct

625 1971 778 2011 cesse
814 1955 966 2009 nobis
1000 1962 1102 2019 est,
1132 1971 1239 2008 non
1274 1955 1448 2009 solum
1475 1955 1603 2025 quid
1634 1955 1757 2010 inde
1786 1956 1927 2010 sacri
1967 1970 2205 2010 canones
2304 1952 2538 2027 claustra
2570 1953 2881 2009 monasterii
2922 1962 3084 2032 atque
3125 1951 3395 2022 obsequia
3432 1951 3616 2015 debita,
3646 1957 3690 2005 et
3715 1964 3799 2018 qua:

628 2047 890 2102 definiant
918 2047 1290 2102 demonstrare
1306 2086 1323 2113 ,
1349 2047 1446 2102 sed
1470 2057 1526 2102 et
1553 2048 1796 2116 vigorem
1829 2062 1893 2101 ac
1920 2062 2203 2101 censuram
2306 2051 2432 2100 sunt
2458 2045 2761 2103 necessaria
2783 2044 2927 2114 plebi
2952 2044 3010 2099 in
3032 2044 3328 2105 rusticanis
3357 2041 3626 2112 parochiis,
3644 2038 3799 2095 insimul

631 2137 941 2217 earumdem
966 2152 1241 2192 sacrorum
1262 2152 1549 2201 canonum,
1567 2137 1612 2191 si
1632 2152 1692 2192 se
1715 2153 1822 2192 non
1844 2138 2204 2202 correxerint,
2306 2137 2528 2206 exsequi
2550 2151 2709 2191 nemo
2737 2137 2953 2192 valebit.
2979 2136 3263 2205 Quomodo
3290 2137 3453 2199 enim,
3480 2136 3522 2190 si
3544 2136 3798 2203 intempesta

633 2224 689 2279 in
717 2234 1115 2296 contemptores
1143 2240 1385 2282 exerere.
1422 2226 1490 2283 Ut
1512 2227 1675 2297 igitur
1698 2228 1762 2282 de
1785 2227 1872 2281 his
1892 2227 2104 2281 interim
2129 2228 2207 2282 si-
2307 2230 2482 2285 metis
2506 2229 2740 2295 silentio,
2765 2240 2859 2284 aut
2893 2228 3074 2284 infans
3100 2238 3265 2285 natus
3285 2226 3631 2300 periclitatur,
3656 2231 3726 2278 aut
3745 2224 3799 2276 in-

633 2314 961 2385 leamus,qui
984 2317 1146 2372 certis
1168 2318 1233 2373 de
1255 2317 1431 2373 causis
1451 2318 1745 2373 secundum
1769 2333 1952 2372 sacros
1973 2332 2211 2373 canones
2311 2319 2500 2375 ﬁrmus
2524 2319 2783 2375 viaticum
2826 2334 3025 2375 munus
3069 2318 3317 2390 petierit,
3346 2316 3620 2374 canonicus
3646 2328 3672 2368 a
3694 2313 3796 2367 clau-

636 2406 704 2458 de
717 2404 835 2460 aliis
862 2405 1021 2476 733
1035 2406 1372 2475 parochiisin
1386 2415 1626 2463 nostram
1641 2408 1951 2476 parochiam
1968 2410 2207 2473 veniunt,
2313 2410 2442 2465 stris
2467 2410 2782 2465 monasterii
2804 2409 2972 2475 exiet,
3016 2418 3075 2465 et
3097 2410 3168 2464 ad
3193 2409 3378 2464 vittam
3423 2404 3712 2461 inﬁrmorum
3735 2416 3796 2455 ne-

635 2507 691 2554 et
714 2499 1030 2569 regulariter
1063 2516 1092 2554 a
1120 2500 1274 2556 nobis
1307 2501 1703 2570 suscipiuntur,
1737 2500 1819 2555 vel
1842 2500 1931 2569 qui
1955 2510 2211 2555 vacantes
2244 2566 2280 2572 _
2314 2501 2657 2563 cessitatibus
2709 2516 2939 2572 pergens
2992 2514 3320 2556 succurrere
3361 2489 3798 2568 praevalebith

631 2590 880 2646 ecclesiis
909 2591 1221 2646 vacantibus
1242 2591 1677 2658 incardinantur,
1704 2591 1786 2646 vel
1822 2607 1983 2647 causa
2013 2593 2211 2662 regulis
2242 2566 2287 2625 Β
2313 2591 2501 2646 videns
2541 2599 2761 2647 sanctus
2801 2590 3127 2660 Gregorius,
3180 2597 3422 2645 tractans
3464 2599 3626 2642 coram
3659 2578 3796 2652 populo

636 2679 1020 2746 conveniente,
1054 2680 1347 2736 secundum
1373 2680 1591 2737 easdem
1635 2680 1848 2752 regulas
1878 2681 1945 2736 de
1967 2680 2212 2736 ecclesiis
2277 2681 2651 2751 _Ezechielem
2672 2686 2989 2755 prophetam
3013 2685 3148 2741 dicit
3178 2685 3344 2753 (hom.
3387 2681 3421 2737 5
3458 2681 3511 2735 in
3545 2672 3794 2739 Euchiei.):

638 2771 707 2827 ad
734 2771 865 2825 alias
888 2771 1145 2828 eCclesias
1187 2771 1582 2827 transferuntur
1609 2790 1622 2826 :
1649 2773 1716 2827 de
1745 2788 2010 2827 canonum
2041 2781 2210 2827 trans-
2312 2773 2555 2831 Thronus
2581 2776 2714 2846 ejus,
2741 2776 2869 2845 quin
2895 2775 3378 2844 Domini,_ﬂamma
3413 2770 3557 2841 ignis,
3581 2774 3686 2820 rota:
3711 2762 3789 2830 ejus

638 2864 979 2934 gressoribus
1007 2864 1169 2919 iidem
1190 2879 1426 2920 canones
1454 2865 1595 2920 sacri
1622 2865 1935 2929 decernunt,
1964 2872 2023 2917 ut
2051 2865 2103 2918 in
2128 2865 2214 2919 illa
2314 2866 2450 2936 ignis
2478 2883 2726 2921 accensus
2755 2866 2917 2937 (Dan.
2942 2881 3041 2931 vn,
3070 2865 3148 2936 9),
3180 2883 3200 2915 ‹
3234 2863 3321 2928 lli,
3348 2860 3531 2932 inquit,
3553 2856 3631 2927 qui
3654 2853 3797 2907 anim

638 2952 867 3007 ecclesia
900 2953 1266 3008 tantummodo
1289 2953 1488 3023 quique
1505 2954 1828 3017 ministrent,
1859 2953 1913 3006 in
1939 2969 2043 3022 qua
2068 2954 2218 3022 prius
2317 2973 2436 3015 rum
2467 2957 2717 3012 custodes
2743 2939 2889 3023 sunt,
2918 2965 2974 3012 et
2999 2955 3256 3027 pascendi
3298 2952 3468 3025 gregis
3509 2963 3648 3029 opera
3671 2955 3793 2999 susce-

638 3044 874 3098 ordinati
902 3043 1118 3099 fuerunt
1146 3060 1160 3098 :
1188 3046 1231 3100 si
1261 3061 1389 3100 vero
1412 3045 1524 3116 jam
1559 3046 1682 3113 quis
1722 3046 2012 3101 translatus
2040 3053 2122 3101 est
2150 3060 2218 3100 ex
2317 3056 2530 3121 perunt,
2560 3055 2769 3102 mutare
2803 3046 2919 3102 loca
2955 3046 3179 3100 minime
3208 3035 3697 3117 permittunturzsed
3712 3031 3796 3121 quis

636 3130 746 3201 alia
787 3134 840 3188 in
875 3133 1034 3187 aliam
1082 3134 1389 3199 ecclesiam,
1442 3136 1639 3204 prioris
1683 3136 1926 3191 ecclesiae
1970 3133 2128 3188 rebus
2164 3135 2217 3189 in
2321 3119 2428 3192 uno
2457 3138 2509 3192 in
2532 3138 2650 3193 loco
2671 3139 2853 3207 positi,
2883 3138 3181 3193 divinitatis
3212 3138 3265 3190 in
3289 3150 3347 3193 se
3365 3129 3667 3203 praesentiam
3687 3119 3795 3193 736

641 3224 790 3280 nullo
821 3226 1222 3280 communicent
1262 3242 1276 3279 :
1302 3240 1396 3281 eos
1422 3242 1548 3281 vero
1575 3228 1664 3296 qui
1704 3228 1818 3283 ausi
1851 3226 2067 3291 fuerint,
2097 3234 2219 3295 post
2319 3235 2599 3296 portantes
2623 3227 2832 3292 ardent,
2874 3227 3101 3282 thronus
3132 3227 3226 3281 Dei
3257 3224 3463 3281 ﬂamma
3492 3219 3613 3291 ignis
3643 3213 3795 3269 dicitur.

641 3318 1018 3375 diﬂinitionem
1069 3337 1277 3392 magna;
1329 3331 1385 3377 et
1434 3322 1753 3378 universalis
1805 3321 1962 3391 huius
2006 3323 2218 3394 synodi,
2323 3316 2663 3390 Quapropter
2690 3333 2795 3374 non
2831 3319 2986 3373 nobis
3013 3326 3095 3373 est
3140 3315 3528 3389 negligendum,
3554 3302 3795 3365 sedslﬂdio-

643 3410 935 3481 quidquam
962 3427 1029 3467 ex
1058 3412 1142 3467 his
1166 3428 1285 3481 qua:
1315 3420 1441 3467 sunt
1465 3413 1736 3482 prohibita
1765 3423 2096 3483 perpetrare,
2126 3414 2222 3469 de-
2322 3412 2436 3467 sius
2463 3411 2890 3481 exsequendum,
2917 3411 3061 3480 quod
3081 3411 3171 3464 isti
3199 3407 3373 3467 sancti
3394 3407 3482 3461 Dei
3507 3418 3563 3458 ex
3585 3401 3668 3455 hac
3685 3406 3793 3449 causa

644 3501 812 3554 crevit
863 3488 1050 3555 Sancta
1099 3500 1333 3571 synodus
1378 3517 1408 3554 a
1440 3502 1655 3571 proprio
1704 3502 2009 3572 hujusmodi
2050 3503 2220 3574 gradu
2324 3499 2587 3555 obnoxius
2633 3500 2921 3555 tenendum
2964 3502 3344 3556 decreverunt.
3393 3515 3413 3549 ι
3465 3491 3598 3549 Unde
3641 3493 3793 3574 sanctus

649 3590 924 3644 recedere.
955 3610 973 3641 ι
1005 3591 1070 3645 Ει
1098 3579 1315 3646 sanctus
1344 3591 1453 3646 Leo
1478 3607 1610 3661 papa
1640 3571 1786 3648 sedis
1809 3571 2074 3648 Romanae
2095 3593 2224 3648 hinc
2323 3590 2455 3658 Leo,
2488 3606 2551 3646 ea
2590 3607 2710 3661 qua:
2736 3591 3094 3662 praemisimus
3118 3592 3187 3646 ad
3217 3588 3589 3660 Aquileiensem

649 3682 716 3734 ad
730 3680 1125 3750 Aquileiensem
1142 3683 1600 3754 archiepisc0pum
1615 3684 2034 3753 scripsit,dicens
2051 3684 2218 3754 (epist.
2325 3695 2545 3750 scopum
2575 3661 2841 3747 scribens,
2875 3697 2995 3735 mox
3022 3681 3263 3737 subdidit
3298 3678 3467 3750 (Decr.
3486 3690 3532 3728 υ.
3555 3668 3628 3739 ti)
3660 3683 3671 3718 :
3703 3661 3790 3716 Ναίν

649 3774 740 3838 89,
762 3775 830 3827 ad
858 3771 1123 3845 Nicetam)
1155 3793 1167 3828 :
1208 3795 1227 3827 ι
1254 3775 1402 3829 Illam
1428 3786 1634 3844 partem
1660 3776 2039 3832 ecclesiastica:
2056 3775 2222 3830 disci-
2326 3769 2598 3840 inquiens,
2640 3770 2848 3826 dubitet
2879 3771 3096 3825 dilectio
3134 3778 3249 3837 tua,
3282 3783 3378 3824 nos
3403 3765 3467 3831 si,
3490 3757 3614 3832 quod
3633 3767 3715 3809 non
3733 3761 3791 3802 π·

648 3863 830 3934 plinas,
881 3879 988 3934 qua
1028 3865 1156 3920 olim
1183 3854 1213 3919 a
1244 3865 1447 3921 sanctis
1487 3866 1738 3922 Patribus
1760 3874 1816 3921 et
1839 3881 1871 3920 a
1902 3866 2055 3922 nobis
2081 3879 2224 3935 saepe
2259 3929 2295 3937 _
2326 3866 2611 3931 bitramur,
2658 3866 2895 3937 neglecta
2928 3865 3127 3921 fuerint
3154 3880 3279 3934 quae
3320 3875 3415 3933 pro
3449 3850 3657 3912 custodia
3686 3852 3793 3898 ωηο·

652 3929 926 4010 decretum
955 3963 1060 4023 est,
1104 3965 1164 4012 ut
1207 3971 1307 4013 nec
1344 3958 1397 4012 in
1447 3950 1849 4028 presbyteratus
1884 3958 2071 4029 gradu,
2128 3929 2225 4012 nec
2251 3929 2296 3993 Ο
2329 3972 2477 4022 num,
2507 3966 2563 4011 et
2594 3929 2693 4027 pro
2728 3929 2849 4011 fidei
2881 3929 3190 4026 integritate
3229 3929 3568 4009 decernimus,
3588 3938 3791 4029 vehemen-

649 4045 708 4101 in
768 4047 1081 4103 diaconatus
1125 4046 1333 4113 ordine,
1393 4062 1493 4101 nec
1546 4048 1598 4101 in
1651 4047 1999 4115 subsequenti
2039 4045 2230 4101 ordine
2330 4047 2436 4101 tius
2468 4046 3069 4115 commovendoszquia
3101 4043 3413 4099 inferiorum
3440 4020 3793 4123 ordinum}???

652 4136 988 4199 clericorum,
1022 4138 1090 4192 ab
1111 4138 1344 4193 ecclesia
1382 4139 1449 4191 ad
1470 4137 1753 4193 ecclesiam
1776 4138 2025 4206 cuiquam
2054 4149 2229 4192 trans-
2329 4138 2397 4192 ad
2433 4138 2607 4193 nullos
2632 4139 2805 4209 magis
2850 4136 3147 4192 referendae
3191 4143 3339 4198 sunt,
3370 4140 3519 4201 quam
3558 4120 3614 4176 ad

652 4228 732 4283 ire
757 4229 827 4283 sit
849 4229 1097 4294 liberum,
1126 4236 1188 4283 ut
1225 4229 1281 4283 in
1322 4229 1588 4299 integrum
1614 4245 1833 4284 revoces
1861 4231 2229 4285 admonemus:
2329 4230 2769 4301 negligentesque
2799 4237 3060 4293 rectores,
3097 4227 3191 4297 qui
3240 4224 3453 4281 multam
3482 4226 3604 4283 δίκερε

654 4327 714 4371 ιιι
745 4320 1115 4388 unusquisque
1153 4334 1262 4374 non
1291 4320 1585 4374 ambitione
1611 4319 1840 4384 illectus,
1885 4336 1990 4374 non
2021 4320 2230 4390 cupidi-
2330 4290 2713 4391 pestiliantiani,
2738 4320 2864 4374 dum
2895 4318 3255 4374 austeriorem
3282 4306 3588 4370 dissimulant
3611 4290 3788 4391 adllilteff

660 4416 771 4463 tate
808 4377 1084 4473 seductus,
1114 4423 1222 4463 non
1255 4411 1606 4480 persuasione
1658 4412 1941 4467 hominum
1967 4377 2232 4481 deprava-
2330 4377 2691 4480 disciplinam.
2732 4402 2788 4463 Si
2836 4424 2966 4480 ergo
3011 4410 3297 4478 quisquam
3327 4400 3581 4475 presbyter
3603 4377 3790 4481 Ρ³τ⁰⁴ξ¹¹Ῐ²ξ

654 4507 766 4562 tus,
796 4497 886 4551 ubi
913 4496 1193 4554 ordinatus
1234 4508 1318 4554 est
1350 4509 1679 4570 perseveret.
1728 4501 1807 4556 Ita
1832 4512 1894 4555 ut
1914 4501 1958 4556 si
1986 4502 2108 4572 quis
2136 4517 2231 4557 sua
2334 4475 2560 4575 nostrae,
2591 4511 2684 4557 aut
2714 4475 3316 4570 inﬁrmitate'corporis,
3353 4500 3442 4548 aut
3465 4489 3630 4575 latente

658 4600 929 4653 quaerens,
961 4603 1068 4641 non
1106 4603 1225 4657 quae
1254 4588 1380 4644 Jesu
1407 4588 1630 4655 Christi,
1666 4591 1735 4645 ad
1767 4590 1972 4661 plebem
2003 4555 2159 4645 suam
2181 4598 2236 4644 et
2332 4568 2575 4669 peccato,
2630 4594 2862 4649 senserit
2889 4608 2949 4648 se
2994 4608 3098 4647 non
3142 4555 3300 4661 posse
3327 4555 3787 4669 proﬁcerepldtij'g'

640 4676 945 4738 ecclesiam
977 4693 1128 4734 suam
1156 4680 1332 4735 redire
1354 4680 1670 4750 neglexerit,
1697 4690 1752 4736 et
1778 4682 1847 4736 ab
1875 4681 2096 4735 honoris
2126 4681 2237 4749 pri-
2332 4655 2659 4756 commissa),
2684 4686 2764 4739 vel
2795 4699 2902 4739 non
2929 4683 3127 4739 debere
3165 4689 3419 4751 prmesse.
3444 4677 3493 4724 θῑ
3512 4659 3694 4719 vomer"
3711 4655 3786 4756 ΤΞ

660 4771 874 4843 vilegio,
919 4782 974 4829 et
1018 4789 1047 4828 a
1089 4775 1483 4830 communionis
1520 4774 1735 4830 vinculo
1761 4775 2024 4829 habeatur
2050 4782 2234 4828 extra-
2334 4778 2558 4835 nasterii
2581 4786 2793 4847 portum
2824 4775 2892 4829 ad
2922 4773 3183 4846 agendam
3210 4735 3785 4869 pmnitentiam

660 4833 816 4918 nens.
899 4863 1027 4931 Quae
1071 4864 1234 4921 verba
1280 4864 1422 4920 beati
1469 4864 1664 4920 Leonis
1691 4864 1736 4918 si
1765 4863 1887 4932 quis
1938 4861 2235 4932 intelligere
2334 4833 2551 4929 decreta
2581 4833 2723 4919 beati
2754 4833 3257 4932 Leonisvexpetere,
3293 4833 3786 4933 professionis

656 4965 867 5012 attente
911 4957 1212 5023 curaverit,
1257 4965 1331 5011 et.
1357 4972 1572 5012 omnem
1619 4971 1838 5026 pravam
1892 4954 2236 5009 occasionem
2336 4958 2501 5022 bello,
2526 4956 2593 5011 ab
2617 4957 2805 5012 ordine
2826 4964 2880 5010 et
2909 4954 3061 5008 titulo
3093 4962 3254 5024 atque
3284 4942 3519 5039 regiutine
3556 4921 3784 5044 Plini;

661 5045 959 5111 exclusam,
987 5054 1044 5102 et
1070 5060 1286 5101 omnem
1317 5045 1561 5101 utilitatis
1599 5060 1665 5100 ac
1707 5043 2043 5100 necessitatis
2074 5042 2240 5111 ratio-
2335 5045 2570 5112 cundum
2592 5044 2833 5115 Gregorii
2854 5044 3071 5099 decreta
3092 5057 3151 5098 se
3169 5046 3344 5102 exuat,
3364 5040 3418 5087 ut
3436 5030 3483 5082 in

656 5151 786 5190 nem
816 5151 1125 5192 concessam
1166 5136 1426 5192 inveniet.
1452 5137 1544 5191 Ait
1570 5138 1730 5201 enim,
1762 5148 1821 5192 ut
1846 5139 2235 5208 unusquisque,
2336 5137 2524 5205 intret.
2559 5134 2652 5189 Sin
2695 5142 2897 5197 autem,
2942 5131 3230 5186 ecclesiam
3272 5136 3410 5183 suam
3450 5122 3498 5168 el
3538 5100 3785 5230 l‘lfl’lel'xc':

663 5241 770 5281 non
802 5226 1094 5281 ambitione
1123 5226 1353 5293 illectus,
1379 5242 1485 5282 non
1514 5198 1803 5298 cupiditate
1823 5198 2094 5290 seductus,
2127 5198 2235 5281 non
2270 5278 2316 5323 ῃ
2336 5198 2682 5283 commissam
2704 5226 2999 5282 secundum
3021 5238 3206 5279 sacras
3224 5215 3420 5290 regulas
3441 5198 3779 5323 ιθιὶὶθθξξξρεΐέἵίζ

664 5319 1013 5386 persuasione
1056 5319 1335 5375 hominum
1363 5278 1708 5390 depravartus,
1734 5320 1824 5374 ubi
1849 5319 2129 5373 ordinatus
2155 5325 2240 5372 est
2269 5278 2316 5337 Β
2346 5328 2457 5374 net.
2504 5317 2560 5372 Si
2603 5332 2732 5371 vero
2777 5324 2968 5371 contra
3015 5313 3268 5383 praedicta
3308 5278 3766 5410 canonugl

654 5417 991 5477 perseveret.
1026 5407 1083 5464 Si
1110 5409 1253 5464 enim
1282 5409 1404 5479 quis
1433 5376 1554 5464 ⁸ιιοη
1580 5409 1743 5464 fuerit
1790 5408 2081 5463 ambitione
2120 5406 2238 5461 ille—
2260 5464 2277 5473 κ
2346 5412 2573 5481 quisque
2602 5408 2883 5481 presbyter
2913 5407 2969 5460 in
2998 5403 3250 5475 parochia
3280 5376 3778 5494 nosm-I

669 5507 810 5565 ctus,
840 5498 906 5554 de
949 5499 1145 5577 minori
1188 5498 1254 5554 ad
1284 5463 1544 5567 majorem
1590 5498 1876 5554 ecclesiam
1904 5512 2013 5551 non
2040 5505 2244 5565 quaeret
2338 5463 2520 5568 11mm;
2592 5463 2842 5559 δωυίιίυε
2913 5515 2973 5557 se
3045 5497 3114 5554 ab
3163 5494 3341 5552 ordine
3394 5463 3680 5547 abjicicudu'”

672 5590 997 5644 ascendere:
1027 5589 1073 5645 si
1114 5605 1220 5645 non
1267 5589 1431 5646 fuerit
1476 5589 1772 5659 cupiditate
1814 5588 2089 5651 seductus,
2134 5599 2239 5638 non
2342 5604 2589 5670 gnoscar,

670 5687 875 5747 quaeret
910 5696 1028 5749 qua:
1067 5696 1162 5737 sua
1192 5691 1335 5747 sunt,
1370 5680 1462 5736 sed
1508 5694 1626 5750 quae
1651 5678 1775 5735 Jesu
1806 5675 2028 5743 Christi,
2057 5689 2120 5729 ac
2146 5688 2242 5743 per
