4006 6338
620 314 723 370 799

1538 324 1869 381 HINCMARI
1908 320 2299 378 RHEMENSIS
2334 323 2846 383 ABCIHEPISCOPI
3716 340 3792 395 suo

617 429 748 509 CAP.
779 429 870 509 iV.
894 461 973 487 -λ
998 433 1074 489 De
1116 434 1182 489 iis
1225 434 1315 506 qui
1356 436 1421 509 de
1467 438 1802 509 facultatibus
1832 436 2190 509 ecclesiasticis
2221 439 2265 495 Α
2296 436 2362 492 Ει
2385 436 2617 493 Jacobus
2652 440 2926 509 apostolus
2973 438 3105 495 dicit
3139 457 3150 494 :
3183 439 3382 509 Religio
3437 443 3611 499 munda
3644 457 3683 501 et
3726 451 3795 505 im-

686 502 868 628 alode‘s
894 502 1317 575 comparant,'et
1362 502 1481 564 illos
1522 510 1774 564 Ecclesia:
1816 526 1919 563 non
1959 507 2190 562 derelin-

686 590 826 628 auun
853 612 870 627 .

683 590 870 642 quum.

686 706 957 774 Quosdam
989 715 1230 764 vestrum
1255 709 1516 768 ecclesias
1544 720 1756 769 vestras
1798 713 2099 785 negligere,
2140 722 2198 771 et

617 797 802 853 alodes
838 798 998 851 audio
1022 813 1359 868 comparare,
1404 810 1459 856 et
1489 803 1541 856 in
1570 803 1652 858 eis
1674 819 1892 858 mansos
1914 812 2196 858 exstruere

613 897 775 955 atque
821 886 1092 951 excolere,
1152 903 1217 943 ac
1253 890 1307 943 in
1346 891 1552 946 eisdem
1602 893 1807 948 mansis
1869 892 2194 947 feminarum

611 977 1002 1032 habitationem
1041 979 1260 1046 habere,
1293 997 1493 1053 eosque
1535 1000 1751 1039 mansos
1790 999 1899 1038 non
1946 984 2193 1039 ecclesiis

609 1071 903 1126 secundum
932 1086 1122 1126 sacros
1151 1088 1388 1130 canones
1435 1076 1832 1146 derelinquere,
1879 1078 1972 1132 sed
2000 1085 2190 1132 contra

609 1175 794 1215 sacros
815 1176 1049 1217 canones
1073 1163 1155 1217 vel
1182 1165 1502 1235 propinquis
1536 1168 1757 1233 vestris,
1800 1167 1882 1223 vel
1923 1168 2043 1224 aliis
2073 1170 2191 1238 qui-

607 1251 925 1322 buscunque
947 1254 1273 1310 distrahere.
1312 1257 1465 1313 Unde
1487 1259 1693 1324 sciatis,
1722 1263 1974 1329 quoniam
2003 1277 2032 1316 a
2058 1277 2192 1331 quo-

609 1355 823 1409 cunque
850 1343 953 1398 hoc
1000 1343 1112 1399 ﬁeri
1159 1361 1497 1417 comperero,
1543 1354 1837 1406 secundum
1870 1353 2188 1407 canonicam

607 1431 951 1486 severitatem
994 1432 1245 1502 judicare
1284 1438 1509 1493 curabo.
1552 1437 1767 1493 Nullum
1797 1440 1939 1493 enim
1974 1439 2188 1495 alodem

606 1521 911 1592 cpiscopus,
945 1524 1027 1578 vel
1056 1526 1358 1597 presbyter,
1402 1529 1592 1584 melius
1640 1529 1723 1583 vel
1767 1529 1976 1585 ﬁrmius
2008 1539 2190 1600 potest

608 1609 830 1676 habere,
862 1626 1023 1680 quam
1046 1614 1137 1682 qui
1168 1623 1247 1669 est
1290 1616 1535 1673 ecclesia:
1576 1619 1892 1684 attributus,
1925 1619 1972 1674 si
1999 1634 2188 1674 secun-

603 1700 732 1756 dum
760 1717 915 1756 suum
944 1705 1408 1762 ordinem'vivere
1448 1710 1696 1764 voluerit.
1741 1710 1801 1765 Si
1824 1720 2005 1766 autem
2029 1711 2182 1766 ordi-

2300 528 2564 581 maculata
2589 529 2732 598 apud
2757 529 2921 584 Deum
2958 541 3005 584 et
3040 528 3256 584 Patrem
3276 533 3385 585 luce
3413 541 3502 596 est,
3533 534 3709 590 risitare
3728 557 3793 608 pu-

2296 617 2450 687 pillos
2472 627 2521 672 et
2559 619 2743 672 viduas
2777 621 2833 673 in
2861 619 3195 675 tribulatione
3236 637 3435 687 eorum,
3474 632 3517 675 et
3543 624 3794 684 immacula-

2296 717 2407 762 tum
2430 726 2484 764 se
2503 710 2767 764 custodire
2791 710 2855 764 ab
2892 711 2987 765 hoc
3007 711 3200 765 saeculo
3234 710 3374 779 (Jac.
3398 726 3435 776 ι,
3467 712 3570 781 l7).

2294 822 2424 879 CAP.
2453 824 2519 879 V.
2551 856 2619 867 —
2646 826 2798 891 Quod
2821 844 2914 893 pro
2940 826 3164 881 ecclesiis
3197 826 3421 881 viduatis
3447 828 3639 897 praemia
3663 839 3801 886 satra-

2767 898 2847 949 nis
2877 896 2996 950 dari
3027 914 3131 951 non
3158 897 3398 951 debeant.

2366 987 2523 1058 Saepe
2563 1002 2661 1043 vos
2687 987 2942 1043 admonui
2989 988 3056 1043 de
3100 989 3310 1044 exeniis
3359 987 3623 1057 superﬂuis
3653 1001 3798 1047 contra

2293 1094 2478 1136 sacras
2527 1079 2741 1151 regulas
2787 1095 2887 1151 pro
2931 1081 3174 1136 ecclesiis
3221 1080 3463 1136 viduatis
3497 1096 3595 1136 non
3633 1084 3797 1139 dandis.

2294 1170 2402 1224 Sed
2428 1170 2569 1226 sicut
2595 1170 2775 1225 audivi
2802 1211 2817 1236 ,
2845 1186 2943 1226 vos
2977 1187 3082 1226 non
3114 1171 3244 1227 inde
3280 1171 3578 1241 castigatis,
3617 1173 3695 1227 sed
3724 1188 3797 1231 vos

2291 1259 2466 1330 ipsos,
2500 1268 2555 1314 et
2580 1268 2793 1315 vestros
2815 1261 3081 1327 nutritos,
3115 1259 3169 1314 in
3208 1259 3625 1315 maledictionem
3655 1261 3795 1319 Sitne-

2290 1352 2463 1405 niacaa
2511 1352 2782 1407 hmreseos
2832 1352 3047 1407 traditis
3100 1366 3308 1422 :quam
3355 1351 3591 1405 haeresim
3633 1361 3796 1408 sanctus

2289 1440 2484 1496 Petrus
2522 1442 2775 1510 princeps
2810 1442 3180 1511 apostolorum
3217 1441 3448 1511 primam
3478 1441 3716 1496 damnavit
3740 1444 3797 1497 di-

2290 1549 2422 1589 cens
2448 1533 2513 1588 ad
2540 1532 2816 1587 Simonem
2847 1552 2861 1587 :
2897 1532 3132 1589 Pecunia
3165 1544 3259 1588 tua
3293 1544 3460 1588 tecum
3497 1534 3560 1587 sit
3594 1534 3640 1587 in
3669 1536 3799 1601 perdi-

2289 1626 2480 1680 tionem
2526 1626 2682 1696 (Act.
2719 1641 2850 1688 vm,
2883 1625 3014 1695 20).
3064 1625 3121 1680 Si
3170 1626 3319 1681 enim
3364 1626 3590 1680 hominis
3631 1640 3792 1680 sensum

2289 1716 2562 1772 haberetis
2603 1718 2696 1786 qui
2745 1717 2849 1773 hoc
2896 1716 3074 1771 facitis
3123 1716 3259 1789 (non
3303 1716 3447 1771 enim
3499 1714 3561 1770 de
3606 1716 3797 1770 omnibus

602 1807 725 1847 nem
758 1808 856 1864 pro
875 1810 971 1850 sua
998 1799 1155 1866 culpa
1193 1798 1513 1868 perdiderit,
1548 1816 1649 1856 nec
1687 1800 1915 1865 alodem,
1960 1817 2120 1872 quem
2151 1817 2181 1856 a
2212 1783 2261 1843 Β
2289 1810 2492 1881 dico),
2518 1783 2837 1880 potuissetis
2862 1783 3182 1874 attendere,
3213 1810 3341 1880 quia
3370 1810 3414 1864 si
3442 1824 3533 1865 vos
3555 1811 3671 1864 bene
3691 1809 3795 1863 vire-

601 1882 690 1937 die
740 1884 1097 1941 ordinationis
1127 1902 1240 1942 sua:
1292 1888 1358 1943 de
1404 1890 1790 1947 ecclesiasticis
1834 1891 2185 1949 facultatibus

600 1970 907 2044 acquisivit,
933 1975 1133 2032 habere
1155 1978 1375 2034 valebit.
1405 1980 1580 2048 Quam
1611 1981 1854 2039 fraudem
1905 1985 1972 2040 de
2013 1983 2184 2040 facul-

599 2064 802 2121 tatibus
830 2067 1184 2127 ecclesiarum
1226 2081 1417 2128 contra
1447 2088 1631 2129 sacros
1660 2090 1919 2140 canones,
1952 2084 2008 2131 et
2053 2093 2184 2133 san-

597 2167 809 2211 ctarum
863 2161 1061 2213 seriem
1119 2159 1558 2232 Scripturarum,
1626 2165 2183 2236 praedicationemque

596 2246 882 2316 majorum,
907 2265 974 2305 ex
1003 2266 1197 2322 magna
1241 2262 1395 2323 parte
1425 2265 1647 2324 possent
1692 2258 1983 2314 retundere
2028 2274 2181 2314 com-

596 2339 834 2396 ministri
881 2343 1077 2410 nostri,
1112 2343 1157 2398 si
1189 2345 1488 2401 secundum
1529 2348 1824 2416 capitulum
1882 2363 1948 2404 ex
1996 2349 2177 2405 sacris

596 2432 800 2501 regulis
830 2448 860 2488 a
892 2433 1047 2490 nobis
1092 2436 1400 2502 collectum,
1445 2448 1500 2492 ct
1531 2439 1636 2494 illis
1671 2455 1734 2495 ac
1768 2441 1923 2496 vobis
1970 2439 2179 2508 datum,

594 2524 1169 2595 studerentrequirere
1183 2527 1309 2597 quid
1326 2529 1391 2582 de
1405 2528 1627 2584 decimis
1643 2531 1840 2601 singuli
1869 2540 2033 2601 agant
2062 2547 2182 2602 pre-

594 2614 798 2691 sbyteri
826 2630 839 2664 :
871 2614 1031 2685 737
1072 2623 1128 2671 et
1171 2619 1426 2686 quoniam
1470 2619 1605 2673 nihil
1633 2620 1701 2674 ab
1723 2620 1802 2675 eis
1823 2621 1875 2674 in
1904 2622 2179 2691 parochias

594 2689 919 2763 circuitione
945 2709 1126 2781 exigo,
1157 2726 1279 2781 quas
1322 2727 1421 2781 per
1465 2712 1706 2783 singulos
1744 2730 1914 2771 annos
1953 2724 2182 2785 pareant

598 2798 651 2853 in
683 2799 955 2866 ecclesiis,
1003 2801 1070 2857 de
1099 2802 1184 2858 his
1205 2819 1324 2874 quae
1352 2820 1381 2858 a
1414 2805 1571 2861 nobis
1610 2815 1734 2862 sunt
1766 2807 2009 2863 ecclesiis
2050 2824 2182 2864 con-

595 2891 809 2957 stituta,
836 2901 893 2946 et
921 2895 1153 2963 qualiter
1178 2897 1382 2966 quique
1417 2899 1715 2970 presbyteri
1748 2900 2043 2970 hospitales
2065 2901 2181 2957 exi-

593 2990 740 3036 stant
768 2985 1064 3039 secundum
1108 2989 1524 3058 praeceptionem
1557 2990 1702 3046 beati
1745 2991 1895 3047 Petri
1947 2994 2179 3063 apostoli

592 3073 877 3143 iubentis:
920 3074 1217 3145 Hospitales
1282 3081 1500 3135 invicem
1558 3083 1670 3136 sine
1737 3086 2176 3152 murmuratione,

600 3165 958 3235 unusquisque
1004 3168 1137 3220 sicut
1180 3172 1377 3240 accepit
1401 3173 1627 3241 gratiam
1656 3173 1712 3227 in
1757 3173 2067 3228 alterutrum
2115 3175 2179 3228 il-
2207 3133 2252 3197 Ο

593 3250 701 3305 lam
740 3253 1164 3312 administrante:
1190 3258 1242 3331 (I
1276 3259 1418 3314 Petr.
1446 3278 1518 3329 tv,
1542 3262 1617 3334 9).
1647 3262 1713 3319 Et
1734 3275 1953 3320 sanctus
1983 3264 2179 3322 Paulus

592 3345 724 3400 dicit
771 3364 785 3400 :
829 3346 1073 3404 Charitas
1117 3352 1464 3420 fraternitatis
1505 3365 1715 3410 maneat
1773 3357 1915 3426 apud
1973 3375 2081 3425 vos,
2129 3369 2179 3414 et

591 3438 1001 3508 hospitalitatem
1046 3443 1205 3498 nolite
1228 3445 1462 3500 oblivisci
1487 3462 1506 3499 :
1531 3464 1624 3518 per
1642 3449 1778 3502 hanc
1809 3450 1945 3504 enim
1970 3450 2181 3520 placue-

593 3538 715 3582 runt
769 3532 984 3590 auidam
1012 3534 1210 3604 angelis
1230 3536 1454 3607 hospitio
1482 3540 1699 3610 receptis
1727 3539 1915 3609 (Hebr.
1947 3558 2064 3606 xm,
2099 3541 2173 3613 1).

2285 1901 2440 1965 retis,
2462 1910 2517 1955 et
2542 1909 2755 1957 vestros
2782 1901 3023 1956 nutritas
3045 1901 3098 1956 in
3122 1901 3267 1956 bona
3288 1902 3397 1955 vita
3417 1910 3472 1955 et
3499 1901 3547 1954 in
3568 1900 3684 1955 bona
3700 1916 3793 1955 con-

2284 1988 2512 2045 scientia
2538 1989 2818 2044 nutriretis
2835 2030 2851 2054 ,
2880 2004 2986 2044 non
3011 1989 3171 2044 vobis
3212 1998 3362 2044 esset
3415 2003 3646 2053 necesse,
3667 1997 3708 2043 et
3725 2004 3791 2043 ve-

2283 2090 2397 2135 stra
2439 2081 2687 2151 perdere,
2712 2089 2769 2136 et
2790 2095 2888 2136 vos
2918 2081 3067 2151 ipsos
3094 2081 3150 2135 in
3188 2079 3579 2134 damnationem
3615 2079 3795 2133 mittere.

2290 2170 2395 2242 Ipsi
2427 2171 2568 2227 enim
2601 2171 2789 2236 scitis,
2822 2171 2948 2240 quia
2979 2185 3139 2226 nemo
3168 2170 3347 2225 tidelis
3392 2169 3444 2223 in
3492 2168 3705 2239 parocbia
3727 2182 3791 2220 no-

2282 2272 2394 2318 stra
2423 2262 2476 2316 in
2505 2275 2602 2316 sua
2622 2261 2848 2315 ecclesia
2869 2261 2987 2316 sine
3010 2260 3331 2330 presbytero
3349 2273 3469 2312 esse
3493 2257 3641 2326 cnpit,
3652 2264 3693 2309 et
3708 2255 3793 2307 sine

2282 2355 2624 2410 ordinatione
2650 2352 2942 2424 episcopali
2988 2353 3369 2425 presbyterum
3405 2350 3475 2404 ibi
3511 2348 3683 2406 habere
3713 2361 3791 2399 non

2282 2453 2482 2516 Ροιθεῑο
2511 2444 2851 2515 Quapropter
2880 2443 3111 2514 quisque
3157 2441 3416 2498 defuncto
3451 2437 3719 2510 presbytero
3747 2434 3792 2487 in

2281 2553 2380 2591 sua
2427 2536 2655 2592 ecclesia
2698 2534 3075 2607 presbyterum
3123 2534 3296 2603 petit,
3346 2532 3482 2602 apud
3522 2544 3659 2598 quem
3697 2540 3782 2581 cum

2282 2628 2542 2683 clericum
2570 2628 2770 2681 bonum
2799 2625 3093 2696 quaesiero,
3129 2631 3190 2679 ut
3236 2623 3311 2678 illi
3358 2621 3693 2693 presbyterum
3725 2631 3786 2670 or-

2282 2721 2504 2784 dinem,
2536 2719 2655 2788 ipse
2704 2718 2962 2773 clericum
3010 2718 3217 2773 bonum
3265 2722 3506 2785 quaeret:
3552 2719 3600 2764 et
3636 2709 3673 2762 si
3701 2721 3791 2761 eum

2280 2813 2480 2867 bonum
2510 2809 2641 2864 mihi
2673 2808 2986 2869 adduxerit,
3020 2807 3291 2862 ordinabo
3320 2804 3464 2859 illum
3492 2821 3505 2856 :
3534 2801 3608 2855 sin
3632 2808 3787 2859 autem,

2286 2901 2452 2957 alium
2500 2899 2816 2969 requiram:
2867 2907 2923 2954 et
2962 2898 3079 2967 ipse
3125 2897 3316 2951 tandiu
3366 2894 3604 2950 clericum
3643 2890 3787 2943 bonum

2282 2999 2525 3063 quzeret,
2551 3005 2723 3060 usque
2753 2989 2879 3045 dum
2922 2988 3342 3044 convenientem
3385 2983 3549 3040 ordini
3582 2993 3707 3035 sacro
3733 2976 3783 3029 in-

2289 3082 2490 3137 veniat.
2520 3080 2598 3134 En
2627 3094 2733 3134 non
2766 3092 2992 3133 necesse
3018 3084 3168 3131 esset
3209 3075 3366 3130 vobis
3394 3081 3566 3144 petere
3595 3065 3788 3123 ecclesias

2284 3193 2408 3233 cum
2450 3172 2722 3245 superﬂuo
2749 3171 2943 3228 exenio
2969 3186 2982 3223 :
3008 3168 3133 3238 quia
3161 3167 3369 3238 quique
3391 3163 3579 3226 ﬁdeles,
3601 3161 3639 3214 si
3660 3168 3786 3211 vestra

2284 3270 2440 3339 culpa
2464 3284 2569 3323 non
2594 3274 2762 3329 esset,
2778 3263 2900 3334 plus
2921 3269 3234 3332 quaererent
3254 3260 3426 3315 bonos
3444 3256 3785 3318 elericos,quann

2283 3368 2502 3415 vestros
2535 3354 2829 3411 denarios:
2862 3361 2918 3409 et
2947 3351 3049 3405 hoc
3077 3364 3184 3403 non
3218 3346 3492 3408 sollertis;
3531 3341 3613 3398 sed
3646 3352 3719 3391 vos
3748 3341 3787 3387 et

2282 3460 2494 3507 vestros
2519 3447 2754 3502 nutritos
2781 3446 2835 3499 in
2861 3442 3302 3498 maledictionem
3323 3437 3549 3499 mittitis,
3575 3446 3676 3488 cum
3695 3428 3786 3481 data

2283 3539 2536 3614 patronis
2561 3536 2786 3608 praemio
2810 3534 2968 3590 vobis
2996 3542 3054 3588 et
3082 3532 3187 3587 illis
3213 3537 3491 3602 peccatum
3515 3523 3682 3581 emitis.

600 3673 3779 3727 __________________________________________.

2144 3836 2245 3910 V.

1239 3980 1405 4052 738
1440 3979 1783 4039 CAPITULA
1823 3980 2443 4041 ARCHIDIACONIBUS
2479 3977 2964 4038 PRESBYTERIS
3002 3974 3217 4032 DATA.

591 4188 792 4280 Anno
815 4189 1282 4280 incarnationis
1311 4193 1663 4280 Dominicze
1690 4197 1831 4271 877,
1868 4215 1907 4259 ν
1934 4197 2086 4261 Idus
2111 4197 2340 4280 Iulias,
2370 4198 2768 4280 Hincmarus
2781 4192 3332 4280 archiepiscopus
3368 4187 3532 4280 dedit
3578 4178 3776 4280 contuli-

668 4268 890 4356 nistris
925 4269 1063 4333 suis
1102 4268 1234 4333 haec
1263 4271 1563 4350 capitula,
1591 4292 1735 4355 quae
1756 4260 2143 4356 sequuntur,
2174 4260 2490 4340 Guutario
2522 4283 2586 4339 et
2612 4272 2979 4337 Odelhardo
3005 4260 3556 4334 archidiaconibus
3575 4260 3778 4343 presbyo

671 4349 850 4411 teris.

662 4514 866 4569 Beatus
892 4512 1085 4571 Petrus
1136 4518 1442 4587 apostolus,
1491 4520 1647 4592 cujus
1688 4520 1808 4576 vice
1853 4520 1906 4576 in
1932 4519 2174 4576 Ecclesia
2207 4523 2259 4585 ι)
2280 4517 2484 4590 ptionis
2513 4532 2610 4588 per
2638 4517 2897 4573 distincta
2926 4515 3163 4585 capitula
3195 4511 3434 4569 coercuit
3459 4510 3599 4564 freno
3627 4503 3776 4592 discut.

593 4604 896 4675 {iunguntur
925 4605 1195 4676 episcopi,
1227 4616 1283 4663 et
1306 4609 1406 4665 sub
1427 4626 1611 4666 eorum
1641 4611 1994 4682 dispositione
2024 4612 2171 4681 ipso-

595 4711 717 4750 rum
757 4696 1155 4765 comministri,
1196 4699 1250 4753 in
1295 4701 1520 4771 epistola
1545 4719 1639 4757 sua
1678 4711 1984 4758 commonet
2028 4702 2168 4769 illos,

597 4786 784 4843 dicens
810 4805 824 4842 :
857 4785 1099 4843 Seniores
1124 4791 1212 4860 qui
1243 4791 1297 4845 in
1325 4792 1463 4847 vobis
1491 4804 1609 4847 sunt
1635 4792 1871 4859 obsecro,
1903 4794 2176 4847 consenior

593 4888 644 4932 et
673 4880 819 4933 testis
841 4877 1039 4934 Christi
1059 4883 1399 4951 passionum,
1430 4884 1519 4956 qui
1550 4893 1597 4938 et
1624 4884 1738 4954 ejus
1761 4901 1878 4954 qua:
1909 4883 1961 4937 in
1993 4882 2172 4953 futuro

597 4968 877 5023 revelanda
914 4978 991 5024 est
1028 4971 1211 5041 gloria:
1240 4972 1655 5027 communicator
1676 4990 1695 5039 ;
1743 4974 1938 5044 pascite
1970 4973 2060 5043 qui
2097 4981 2173 5027 est

592 5062 649 5115 in
683 5062 822 5117 vobis
871 5080 1077 5134 gregem
1126 5064 1254 5130 Dei,
1308 5064 1634 5135 providentes
1674 5081 1778 5119 non
1822 5074 2033 5129 coaete,
2083 5063 2173 5119 sed

594 5161 879 5221 spontanee
908 5153 1194 5207 secundum
1230 5152 1398 5207 Deum
1421 5167 1441 5206 :
1470 5170 1634 5225 neque
1662 5155 1830 5224 turpis
1858 5153 1992 5208 lucri
2052 5170 2176 5223 gra-

598 5244 709 5306 tia,
748 5244 840 5297 sed
876 5243 1217 5300 uoluntarie:
1254 5261 1418 5317 neque
1450 5256 1506 5300 ut
1543 5245 1874 5299 dominantes
1908 5246 1965 5299 in
2002 5244 2175 5310 clero,

593 5336 685 5390 sed
713 5336 885 5405 [arma
915 5338 1045 5408 facti
1067 5338 1234 5409 gregis
1256 5379 1270 5403 ,
1300 5347 1349 5392 et
1382 5354 1447 5393 ea:
1476 5340 1655 5393 animo
1687 5336 1739 5409 (I
1770 5326 1914 5392 Petr.
1942 5352 1997 5401 v,
2031 5336 2173 5406 1-5).

593 5425 759 5495 Cujus
787 5428 1013 5482 verbum
1044 5436 1207 5497 atque
1230 5428 1538 5499 exemplum
1569 5437 1788 5484 secutus
1815 5434 2036 5483 sanctus
2065 5426 2172 5481 Leo

592 5530 731 5586 papa
761 5516 875 5589 (ep.
899 5515 1002 5583 88,
1028 5517 1312 5573 Anastasio
1344 5517 1648 5573 Tliessalon.
1665 5518 1685 5590 )
1702 5558 1717 5584 ,
1749 5533 1871 5574 eum
1892 5558 1908 5583 ,
1931 5517 2017 5573 cui
2044 5531 2173 5573 suas

597 5607 745 5662 vices
774 5608 1048 5664 commisit
1073 5608 1127 5663 in
1154 5617 1365 5679 partem
1396 5609 1804 5673 sollicitudinis,
1834 5624 1941 5664 non
1976 5608 2029 5662 in
2063 5608 2176 5678 ple-

599 5696 897 5755 nitudinem
930 5694 1246 5761 potestatis,
1280 5698 1348 5754 ab
1373 5698 1613 5756 indebito
1640 5699 1882 5764 appetitu
1914 5712 2176 5765 pransum-

2282 4586 2464 4664 tionis.
2516 4586 2681 4662 iuxta
2730 4622 2963 4676 quorum
3011 4604 3355 4666 doctrinam,
3400 4616 3491 4655 vos
3526 4599 3572 4651 in
3614 4586 3776 4684 exorle

2280 4695 2559 4753 commissi
2589 4674 2879 4750 ministerii
2910 4694 3102 4763 paucis
3133 4691 3382 4764 capitulis
3407 4696 3628 4761 patenter
3649 4693 3699 4733 ac
3715 4674 3772 4728 di-

2281 4788 2512 4860 ligenter
2539 4802 2861 4849 commoneo
2887 4805 2900 4841 :
2931 4801 2964 4841 a
2993 4785 3190 4856 quibus
3217 4800 3335 4851 vos,
3365 4788 3601 4852 quantum
3625 4769 3774 4842 patilttt‘

2280 4880 2517 4935 humana
2564 4876 2865 4949 fragilitas,
2908 4892 3015 4933 non
3063 4876 3284 4933 deviare
3331 4873 3431 4929 sub
3474 4861 3775 4926 testiﬁcatione

2281 4970 2486 5026 Christi
2514 4969 2795 5041 prmcipio.

2277 5079 2407 5136 CAP.
2437 5077 2481 5136 Ι.
2506 5109 2577 5119 —
2604 5077 2673 5134 Ut
2699 5095 2803 5133 non
2831 5085 3044 5147 gravent
3088 5075 3405 5146 presbyteros
3446 5063 3627 5142 quando
3661 5066 3772 5129 ΡΜ·

2803 5146 2948 5202 cltias
2984 5146 3326 5201 circumeunt.
3657 5216 3684 5228 ﬂ
3711 5212 3720 5224 _

2360 5239 2624 5312 Egregius
2676 5238 2868 5294 doctor
2912 5238 3154 5309 gentium
3200 5232 3467 5304 discipulis
3507 5218 3769 5312 suisdi‘c‘il:

2282 5301 2589 5384 Imitatores
2638 5328 2739 5382 mei
2784 5301 2980 5392 estote,
3025 5327 3160 5381 sicut
3201 5334 3249 5380 et
3284 5301 3373 5394 ego
3406 5305 3663 5381 Clum”,

2280 5435 2359 5474 xu
2384 5460 2399 5483 ,
2430 5419 2457 5473 l
2486 5416 2528 5490 ).
2562 5417 2631 5472 Et
2656 5431 2783 5483 vos,
2813 5387 3031 5486 quando
3059 5387 3362 5471 rusticanas
3388 5402 3637 5480 parochias
3659 5387 3768 5490 vobis

2287 5480 2645 5573 commissas,
2672 5506 2757 5562 vel
2782 5522 2996 5561 mecum
3013 5548 3028 5571 ,
3054 5505 3139 5560 vel
3167 5519 3262 5574 per
3291 5517 3383 5556 vos
3408 5490 3644 5553 circuitis.
3667 5480 3766 5536 ειευί

2288 5614 2342 5659 et
2369 5617 2470 5672 ego
2492 5642 2507 5667 ν
2536 5616 2642 5655 ηση
2671 5615 2864 5670 εωνεε
2894 5598 3016 5654 Silis
3041 5594 3369 5667 presbyteris
3393 5593 3440 5646 in
3468 5581 3641 5658 paratis
3662 5580 3764 5673 ςιιιξν

2290 5666 2471 5750 τοιιίῖἰε
2549 5666 2722 5762 neque
2750 5691 2962 5748 ducatis
2989 5666 3255 5760 superﬂue
3285 5682 3536 5740 vobiscum
3559 5666 3757 5727 homines.
