4006 6338
197 353 296 410 SOI

948 346 1289 404 CAPITULA
1327 344 1946 403 ARCHIDIACONIBUS
1980 348 2461 411 PRESBYTERIS
2499 357 2706 412 DATA.

3348 350 3455 421 802

193 461 281 518 vel
308 468 519 515 vestros
546 457 837 529 proprios;
876 457 956 511 vel
999 459 1331 529 propinquos
1379 466 1589 513 vestros
1608 497 1624 524 ,
1675 471 1775 526 per
1802 460 1851 517 Α
1879 456 2008 510 dicit
2033 478 2045 513 :
2083 462 2204 517 Non
2233 465 2501 522 obturabis
2535 485 2593 523 os
2617 464 3027 526 bovi’trituranti
3056 473 3109 543 (I
3134 474 3270 529 Tim.
3295 491 3349 543 v,
3373 478 3455 551 8),

194 566 335 621 quos
364 550 483 605 illos
511 549 744 620 gravetis
772 547 825 601 in
854 548 977 616 cibo
1004 557 1058 602 et
1089 558 1217 618 potu
1236 588 1252 611 ,
1284 556 1340 602 et
1369 547 1524 603 l‘odro
1573 547 1642 601 ad
1681 562 1780 601 ca-

192 641 390 696 ballos.
421 640 489 694 Et
523 637 805 708 providete:
837 653 904 691 ne
934 638 1180 693 homines
1210 638 1411 701 vestri,
1442 637 1535 706 qui
1591 636 1775 691 vobis-

191 747 317 787 cum
346 732 537 792 ibunt,
565 728 686 784 illos
708 728 1077 793 dehonorent,
1108 728 1195 784 vel
1226 728 1535 783 hominibus
1561 727 1779 783 illorum

190 835 393 893 graves
456 821 584 875 sint.
653 819 766 875 Nec
828 820 919 875 diu
984 821 1040 875 iu
1101 821 1475 877 mansionibus
1536 820 1776 890 ipsorum

194 922 646 992 presbyterorum
679 915 1041 972 immoremini
1074 935 1087 970 :
1133 925 1190 971 et
1227 917 1276 972 si
1315 917 1612 972 necessitas
1653 930 1776 973 eve-

189 1011 368 1074 nerit,
398 1020 457 1064 ut
491 1011 543 1064 in
575 1008 758 1079 aliquo
787 1008 907 1062 loco
939 1007 1219 1061 immorari
1256 1008 1527 1072 debeatis,
1561 1007 1640 1063 sic
1667 1008 1777 1063 dis-

191 1100 380 1169 ponite
408 1098 660 1153 victualia
688 1104 870 1151 vestra
902 1112 999 1166 per
1026 1096 1519 1153 circummanentes
1548 1100 1776 1170 presby—

192 1200 374 1253 teros,
412 1199 472 1243 ut
515 1187 712 1243 nemini
762 1200 958 1259 graves
997 1187 1143 1251 sitis,
1173 1197 1229 1242 et
1266 1202 1373 1241 non
1414 1188 1575 1244 otiosi
1605 1197 1658 1243 et
1687 1189 1773 1242 in-

192 1282 465 1337 fructuosi
510 1281 779 1352 stipendia
830 1280 1200 1336 ecclesiastica
1251 1280 1576 1347 insumatis,
1632 1280 1776 1337 sicut

188 1389 295 1429 nec
324 1389 423 1444 ego
448 1373 629 1443 gravis
655 1386 775 1428 sum
805 1371 1139 1443 presbyteris
1156 1412 1173 1439 ,
1202 1386 1300 1444 per
1326 1387 1464 1443 quos
1485 1370 1775 1442 parochias

186 1466 487 1518 circumeo.

189 1577 358 1649 739
376 1568 509 1633 CAP.
534 1575 598 1649 ll.
630 1606 701 1617 —
730 1575 798 1631 Ut
814 1576 1111 1649 parochias
1139 1593 1243 1649 non
1268 1575 1540 1632 occasione
1566 1575 1732 1630 victus
1755 1614 1772 1642 ,

440 1648 531 1701 sed
578 1648 940 1701 instructionis
977 1664 1141 1702 causa
1186 1648 1528 1702 circumeant.

263 1760 334 1816 Ut
383 1777 491 1816 non
526 1761 817 1816 occasione
849 1761 1026 1817 victus
1058 1761 1346 1831 parochias
1380 1760 1730 1817 circumeatis
1755 1801 1771 1827 ,

189 1863 459 1921 quatenus
496 1850 563 1907 de
598 1851 830 1905 aliorum
867 1852 1153 1923 stipendiis
1192 1853 1434 1908 viventes
1463 1860 1640 1907 vestra
1668 1852 1768 1906 sti-

182 1944 385 2013 pendia
415 1943 788 1999 conservetis:
822 1943 919 1999 sed
952 1944 1117 1999 verbo
1143 1952 1197 1999 et
1227 1944 1506 2014 exemplo,
1544 1959 1649 1999 non
1682 1958 1773 1998 so-

179 2035 297 2087 lum
329 2034 704 2105 presbyteros,
735 2033 828 2089 sed
858 2042 914 2088 et
942 2033 1140 2099 laicus,
1168 2035 1238 2090 de
1263 2044 1443 2090 vestra
1476 2034 1617 2090 bona
1643 2052 1771 2091 con-

177 2127 497 2181 versatione
543 2112 603 2180 et
650 2124 1003 2195 inquisitione
1052 2128 1353 2182 secundum
1403 2125 1768 2183 ministerium

177 2217 342 2271 vobis
373 2217 720 2273 commissum
751 2216 1057 2274 instruatis.

177 2327 315 2384 Car.
348 2328 430 2383 Ill.
457 2328 633 2384 —Ne
658 2347 877 2385 munera
918 2348 951 2403 α
990 2331 1301 2403 presbyteris
1347 2332 1650 2403 accipiant,
1709 2341 1767 2387 ut

632 2416 812 2455 eorum
840 2402 964 2455 vitia
993 2402 1346 2456 dissimulent.

254 2508 328 2565 Ut
357 2524 385 2562 a
411 2509 746 2581 presbyteris
771 2511 965 2566 exenia
995 2527 1101 2566 non
1132 2513 1412 2583 accipiatis
1430 2553 1447 2579 ,
1484 2523 1754 2584 quatenus

171 2598 401 2654 illorum
432 2600 571 2655 mala
599 2600 744 2656 fama
775 2602 1121 2672 cooperiatur
1153 2620 1167 2669 ;
1201 2604 1296 2659 sed
1323 2605 1575 2660 omnibus
1602 2608 1769 2660 verbo

174 2702 237 2748 et
263 2693 513 2762 exemplo
542 2702 729 2748 notum
756 2691 949 2760 facite,
986 2695 1112 2765 quia
1148 2696 1269 2765 plus
1303 2696 1444 2750 valet
1483 2696 1626 2767 apud
1667 2712 1765 2752 vos

175 2784 278 2838 Dei
333 2792 389 2838 et
438 2784 671 2854 proximi
721 2784 970 2850 dilectio,
1021 2800 1184 2854 quam
1234 2794 1511 2841 terrenum
1554 2787 1767 2842 lucrum

175 2874 499 2944 acquirendi
524 2876 739 2931 occasio
763 2893 777 2929 :
811 2876 931 2946 plus
960 2877 1265 2947 benignitas
1290 2893 1450 2947 quam
1476 2879 1765 2945 severitas,

172 2968 303 3038 plus
323 2969 672 3023 commonitio
693 2958 852 3038 quam
877 2970 1189 3034 commotio,
1205 2970 1323 3040 plus
1346 2970 1582 3025 charitas
1603 2986 1765 3041 quam

173 3069 445 3131 potestas.
476 3060 616 3130 Erga
645 3060 816 3116 bonos
843 3068 898 3116 et
923 3061 1060 3117 bene
1085 3060 1307 3132 agentes
1332 3070 1505 3116 estote
1529 3061 1765 3130 :equales

1879 551 2127 608 solatiqu
2156 557 2397 625 praebeo,
2426 568 2485 613 ut
2511 561 2856 634 presbyteros
2886 580 2989 620 non
3027 568 3285 636 gravetis.

1877 662 2011 749 Cen.
2038 666 2145 749 Yll.
2177 699 2248 707 —
2278 668 2347 723 Ut
2382 675 2661 740 parochias
2698 677 2993 733 rusticanos
3032 680 3353 749 confundere
3381 684 3460 739 vel

1956 737 2184 820 dividere
2225 737 2718 820 nonupra’sumant,
2743 758 2804 820 _et
2846 758 2908 820 ut
2944 737 3188 805 ecclesias
3241 737 3456 820 omnes,

1947 806 2272 879 capellasque
2299 806 2406 865 illis
2432 813 2691 881 subjectus
2704 806 3032 872 describant.

1950 920 2223 990 Expressa
2264 923 2423 979 vobis
2464 924 2517 979 in
2569 928 2787 983 nomine
2825 927 3027 985 Christi
3068 930 3356 1001 prtecipio,
3400 940 3460 986 ut

1875 1013 2181 1069 rusticanus
2212 1016 2498 1086 parochias
2528 1033 2627 1089 pro
2670 1019 2903 1090 alicujus
2931 1022 3170 1077 amicitia
3202 1024 3286 1077 vel
3320 1024 3459 1093 peti-

1879 1103 2023 1157 tione
2044 1145 2059 1169 ,
2087 1114 2179 1159 aut
2205 1121 2305 1176 pro
2330 1107 2512 1177 aliquo
2540 1110 2794 1178 praemio,
2824 1125 2933 1165 non
2963 1114 3303 1182 praesumatis
3327 1130 3458 1170 con-

1876 1187 2138 1258 fundere,
2182 1210 2283 1249 nec
2321 1194 2600 1252 dividere:
2643 1213 2821 1269 neque
2850 1200 3110 1255 ecclesias
3140 1202 3290 1267 illas,
3334 1218 3456 1273 qua:

1876 1292 1940 1333 ex
1970 1280 2194 1349 antiquo
2221 1284 2567 1354 presbyteros
2598 1285 2803 1340 habere
2829 1287 3002 1343 solita:
3039 1287 3289 1356 fuerunt,
3332 1292 3455 1346 aliis

1875 1369 2119 1425 ecclesiis
2147 1372 2300 1440 quasi
2332 1373 2451 1428 loco
2481 1375 2809 1444 capellarum
2840 1392 2947 1432 non
2987 1377 3327 1448 subjiciatis:
3361 1397 3455 1435 ne-

1877 1471 1983 1527 que
2030 1460 2266 1529 capellas
2315 1461 2381 1516 de
2426 1462 2534 1518 illis
2573 1464 2850 1532 ecclesiis,
2897 1467 3094 1538 quibus
3145 1469 3452 1540 antiquitus

1876 1549 2133 1619 subjecta:
2164 1552 2412 1618 fuerunt,
2442 1556 2509 1610 ad
2536 1555 2671 1613 alias
2706 1558 2968 1613 ecclesias
3006 1560 3276 1630 subjicere
3312 1576 3455 1632 prte-

1876 1645 2123 1698 sumatis.
2154 1644 2221 1701 Et
2252 1661 2305 1716 pt
2324 1662 2352 1699 r
2379 1662 2540 1702 omne
2578 1648 2943 1705 ministerium
2973 1660 3248 1718 vestrum,
3288 1667 3454 1709 unus-

1876 1735 2105 1805 quisque
2152 1745 2389 1790 vcstrum
2436 1737 2709 1793 describat
2753 1754 2942 1795 omnes
2980 1740 3241 1797 ecclesias
3282 1750 3340 1797 et
3383 1743 3452 1797 ti-

1878 1827 2045 1892 tulos,
2094 1842 2213 1897 qua}
2264 1829 2562 1897 antiquitus
2609 1832 2954 1903 presbyteros
2999 1833 3346 1899 habuerunt,
3394 1841 3452 1888 et

1874 1918 2111 1988 capellas
2166 1918 2462 1989 antiquitus
2494 1920 2599 1977 illis
2633 1920 2933 1991 subiectas,
2971 1932 3028 1981 et
3066 1925 3198 1980 mihi
3241 1926 3446 1997 scripto

1874 2013 2199 2067 renuntiate.

1871 2122 2008 2197 CAP.
2038 2125 2168 2180 Vlll.
2196 2157 2268 2197 5—
2296 2124 2361 2181 Ut
2410 2127 2542 2181 nulli
2589 2128 2845 2197 capellam
2889 2128 3032 2183 domi
3082 2129 3310 2192 habere,
3357 2136 3451 2182 ant

1939 2196 2154 2250 missam
2200 2196 2256 2249 in
2301 2198 2457 2251 domo
2504 2196 2754 2253 celebrari
2802 2200 2914 2269 sine
2960 2200 3185 2269 episcopi
3231 2200 3444 2252 licentia

1943 2269 2285 2338 concedant:
2335 2277 2385 2322 et
2430 2278 2484 2322 ut
2532 2269 2759 2338 capellas
2797 2268 3056 2338 ejusnwdi
3121 2285 3294 2324 omnes
3348 2272 3446 2322 de-

1941 2336 2193 2391 scribant.

1941 2445 2112 2502 Nemo
2135 2459 2376 2504 vestrum
2417 2449 2679 2519 capellam
2721 2451 2880 2505 alicui
2921 2451 2974 2505 in
3016 2453 3176 2506 domo
3212 2466 3308 2506 sua
3350 2452 3450 2506 ha-

1868 2540 2001 2595 bere
2026 2543 2291 2595 concedat
2317 2542 2434 2596 sine
2459 2558 2577 2597 mea
2607 2542 2822 2598 licentia
2842 2583 2857 2609 ,
2887 2558 3061 2613 neque
3085 2544 3138 2597 in
3166 2546 3325 2598 domo
3350 2557 3448 2597 sua

1871 2630 2068 2685 missas
2117 2631 2380 2686 celebrari
2430 2633 2693 2687 concedat
2739 2633 2857 2688 sine
2903 2649 3024 2687 mea
3078 2632 3342 2687 licentia:
3390 2640 3448 2686 et

1870 2720 2243 2789 unusquisque
2269 2729 2509 2775 vestrum
2538 2721 2809 2776 describat
2849 2737 2945 2792 per
2988 2737 3147 2776 suum
3195 2721 3448 2777 ministe-

1869 2809 2045 2874 rium.
2081 2812 2390 2881 quicunque
2422 2813 2684 2883 capellam
2731 2824 2887 2868 extra
2925 2815 3212 2870 ecclesiam
3248 2814 3449 2885 princi-

1868 2903 2046 2981 palem
2100 2904 2266 2959 habet
2308 2920 2338 2959 a
2373 2914 2617 2975 tempore
2668 2907 2869 2963 Ehonis
2914 2924 3085 2977 usque
3124 2909 3192 2963 ad
3239 2917 3451 2980 tempus

1870 3009 2050 3049 meum
2074 3034 2089 3058 ,
2119 3004 2175 3050 et
2204 3011 2235 3050 a
2263 3003 2511 3065 tempore
2539 3012 2661 3053 meo
2685 3038 2700 3063 ,
2730 2998 2815 3053 vel
2846 3014 2962 3053 mea
2994 2998 3081 3053 vel
3119 2998 3344 3054 alterius
3384 2999 3450 3053 li-

1869 3085 2048 3140 centia
2069 3084 2290 3151 factam,
2315 3096 2371 3141 et
2400 3088 2452 3142 in
2475 3088 2843 3159 cujuscunque
2872 3089 3172 3161 presbyteri
3192 3090 3449 3160 parocbia

174 3152 242 3206 ut
269 3151 505 3206 fratres:
536 3166 663 3222 erga
693 3167 891 3221 pravos
919 3162 1092 3207 estote
1119 3154 1370 3207 vitiorum
1401 3163 1761 3219 correctores,
1792 3152 1838 3216 C
1868 3191 2210 3248 quaecunque
2238 3177 2323 3232 vel
2351 3151 2718 3250 cujuschnque
2743 3151 2943 3250 c'ape'ua
2971 3151 3228 3238 sil'facla'.

174 3254 237 3299 et
261 3244 493 3299 fratrum
523 3254 815 3300 amatores.
850 3244 1119 3301 Similiter
1150 3257 1205 3302 et
1234 3261 1364 3318 erga
1395 3247 1529 3317 alios
1572 3247 1627 3302 in
1669 3260 1764 3302 ve-

172 3333 311 3388 stris
341 3334 657 3389 ministeriis
682 3334 1077 3405 delinquentes.

166 3467 311 3523 CAP.
350 3466 440 3523 IV.
474 3497 546 3509 —
577 3468 662 3523 Ne
691 3486 725 3522 a
749 3468 1058 3545 presbyteris
1085 3471 1371 3543 quidquam
1408 3481 1586 3543 petant
1623 3473 1764 3545 quod

534 3555 706 3593 secum
734 3538 976 3608 auferam
1006 3538 1132 3595 dum
1162 3538 1395 3598 redeunt.

249 3651 479 3718 Quando
524 3652 812 3722 parochias
863 3651 1136 3718 circuitis,
1186 3655 1352 3711 nolite
1400 3671 1599 3727 graves
1642 3670 1763 3714 esse

172 3744 549 3817 presbyteris,
602 3753 849 3815 petentes
897 3744 1229 3817 friskingas,
1275 3747 1361 3803 vel
1409 3749 1620 3819 pisces,
1670 3758 1764 3805 aut

173 3834 532 3901 formaticos,
564 3842 657 3888 aut
687 3849 958 3889 annonam
979 3874 994 3901 ,
1031 3844 1124 3890 aut
1157 3836 1293 3891 alias
1329 3837 1598 3906 quaslibet
1635 3853 1722 3892 res
1742 3879 1758 3904 ,

175 3936 236 3981 ut
285 3926 532 3982 habeatis
581 3926 796 3995 quando
826 3926 894 3981 ad
940 3927 1215 3982 civitatem
1268 3928 1471 3983 reversi
1522 3929 1758 3993 fueritis,

180 4019 327 4074 unde
358 4018 511 4089 quasi
543 4015 807 4073 fratribus
841 4017 1194 4073 refectionem
1227 4017 1477 4086 faciatis,
1509 4028 1569 4075 ut
1597 4020 1762 4076 salvis

174 4109 464 4178 stipendiis
491 4109 689 4165 vestris
719 4108 967 4165 habeatis
996 4109 1139 4165 unde
1169 4125 1265 4166 vos
1297 4118 1355 4165 et
1380 4120 1595 4166 vestros
1625 4126 1759 4167 con-

173 4201 415 4256 dueatis.

169 4336 306 4392 CAP.
345 4335 411 4391 γ.
454 4360 526 4376 --
554 4333 642 4389 Ne
683 4334 929 4390 denarios
971 4351 1005 4405 a
1045 4334 1355 4405 presbyteris
1401 4333 1480 4389 vel
1525 4332 1760 4405 eulogias

313 4408 557 4477 exigant,
587 4406 677 4460 sed
705 4415 886 4475 sponte
908 4404 1087 4460 oblata
1118 4404 1321 4460 tantum
1351 4407 1632 4476 accipiant.

244 4517 425 4574 Nolite
454 4519 610 4589 quasi
641 4533 739 4588 pro
767 4518 949 4587 aliquo
975 4517 1244 4588 adiutorio
1274 4516 1340 4571 ad
1372 4531 1753 4587 quamcunque
1785 4495 1840 4556 D

172 4626 292 4666 rem
339 4610 594 4664 denarios
639 4610 780 4679 apud
818 4608 1164 4678 presbyteros
1209 4608 1540 4677 postuletis:
1586 4623 1761 4679 neque

172 4703 399 4775 quando
426 4701 495 4756 ad
524 4701 790 4773 synodum
808 4740 824 4767 ,
852 4700 936 4754 vel
965 4716 1064 4770 pro
1091 4700 1442 4770 inquisitione
1473 4700 1760 4756 ministerii

173 4793 295 4860 sui,
326 4808 423 4847 seu
452 4809 550 4865 pro
582 4795 823 4850 chrisma
853 4795 1173 4865 accipiendo
1202 4794 1484 4860 venerint,
1522 4795 1762 4865 eulogias

173 4887 437 4959 exigatis,
472 4889 568 4944 sed
596 4889 641 4944 si
671 4889 756 4943 cui
791 4889 932 4944 forte
965 4890 1311 4945 commodum
1341 4890 1507 4944 fuerit
1532 4905 1629 4960 pro
1656 4904 1754 4946 sua

174 4978 457 5035 voluntate
503 4989 562 5036 et
613 4981 1000 5036 commoditate
1041 4980 1246 5052 aliquid
1300 4982 1471 5052 gratis
1531 4981 1761 5061 oli‘erre,

174 5088 299 5127 cum
333 5072 630 5144 gratiarum
658 5073 874 5129 actione
906 5072 1155 5144 accipite.

169 5208 305 5264 Car.
335 5207 425 5264 Vl.
452 5236 526 5248 —
552 5205 636 5261 Ne
659 5206 934 5279 pascendis
960 5210 1071 5263 suis
1101 5207 1177 5262 vel
1207 5209 1496 5263 amicorum
1543 5208 1759 5264 caballis

242 5289 247 5293 '
664 5279 988 5349 presbyteros
1013 5290 1249 5347 gravent.

243 5387 423 5445 Nolite
447 5390 603 5460 quasi
629 5405 727 5461 per
750 5389 1119 5462 precationem
1148 5390 1385 5446 caballos
1412 5402 1643 5458 vestros,
1676 5392 1762 5448 vel

175 5481 476 5535 amicorum
502 5491 836 5547 vestrorum,
872 5483 939 5537 ad
970 5492 1186 5552 pastum
1233 5484 1570 5554 presbyteris
1605 5500 1755 5541 com-

175 5568 437 5624 mendare
480 5573 857 5641 praesumatis,
907 5587 1083 5643 neque
1118 5570 1282 5644 7&0
1315 5587 1622 5638 annonam,
1675 5572 1762 5629 vel

178 5658 395 5715 llerum
424 5660 493 5714 ab
519 5662 599 5717 eis
627 5663 878 5734 exigatis.
908 5663 1033 5719 Ideo
1060 5664 1207 5718 enim
1234 5663 1390 5719 vobis
1425 5663 1494 5719 de
1532 5663 1761 5720 faculta-

181 5751 327 5810 t.bus
370 5753 786 5824 ecclesiasticis,
835 5756 985 5813 iuxta
1025 5756 1168 5825 quo-.1
1205 5754 1496 5824 Apostolus
1531 5757 1598 5814 de
1637 5758 1753 5823 lege

1876 3291 2010 3348 CAP.
2043 3290 2136 3346 IX.
2168 3290 2355 3364 -Νε
2403 3294 2708 3364 ρωηὶιεπιεε
2756 3310 2850 3364 pro
2897 3300 3112 3348 munere
3155 3293 3332 3363 aliqua
3380 3295 3453 3348 ad

1858 3424 1864 3429 _
1942 3363 2423 3417 reconciliationem
2454 3363 2814 3431 adducantur,
2858 3364 2935 3419 vel
2973 3375 3087 3435 post
3131 3380 3247 3418 eam
3289 3365 3454 3435 negli-

1935 3444 2152 3503 gantur.

1938 3524 2184 3581 Sollicite
2209 3523 2521 3594 providete,
2550 3537 2618 3579 ne
2643 3538 2741 3580 vos
2758 3564 2775 3591 ,
2800 3525 2881 3579 vel
2912 3524 3251 3596 presbyteri,
3281 3522 3453 3594 negli-

1860 3606 2058 3690 genter
2074 3615 2414 3687 poenitentes
2438 3630 2543 3685 pro
2573 3615 2755 3686 aliquo
2784 3630 3009 3670 munere
3038 3616 3105 3670 ad
3135 3615 3454 3671 reconcilia-

1866 3710 2068 3763 tionem
2102 3708 2384 3764 adducatis
2401 3749 2416 3774 ,
2442 3708 2529 3764 vel
2554 3716 2678 3780 post
2709 3709 3207 3764 reconciliationem
3233 3722 3327 3764 eos
3354 3721 3451 3763 ne-

1863 3801 2078 3872 gligatis
2110 3840 2125 3864 ,
2160 3800 2304 3870 quod
2332 3797 2705 3854 Simoniacum
2738 3808 2842 3855 est.

1899 3913 2032 3969 CAP.
2067 3911 2134 3967 Χ.
2160 3941 2230 3952 -—-
2249 3911 2329 3966 De
2354 3910 2572 3982 relapsis
2601 3920 2717 3980 post
2739 3909 3004 3981 publicam
3031 3909 3410 3979 pmnitentiam.

1942 4002 2187 4059 Sollicite
2219 4001 2533 4071 providete,
2566 4008 2624 4053 ut
2663 4000 2707 4054 si
2751 4000 2916 4069 aliqui
2960 4007 3081 4069 post
3122 4000 3448 4055 reconcilia-

1864 4097 2069 4153 tionem
2100 4093 2371 4165 publicam
2396 4093 2451 4147 in
2492 4090 2767 4163 publicum
2794 4099 3078 4160 peccatum
3109 4089 3406 4144 ceciderint
3431 4129 3449 4157 ,

1862 4190 1932 4245 ad
1984 4188 2233 4243 nutitiam
2279 4200 2456 4240 meam
2501 4182 2824 4255 perferatis,
2875 4192 2935 4237 ut
2982 4182 3169 4237 sciatis
3214 4182 3450 4253 qualiter

1860 4262 1986 4337 inde
2015 4288 2067 4335 et
2097 4295 2193 4335 vos
2218 4286 2274 4333 et
2298 4275 2599 4348 presbyteri
2631 4290 2793 4347 agere
2823 4274 3088 4330 debeatis.

1861 4394 1994 4452 CAP.
2023 4393 2114 4449 Xl.
2138 4422 2209 4433 -—
2232 4392 2315 4446 Ne
2341 4389 2410 4443 ad
2450 4389 2832 4443 ordinationem
2873 4404 2966 4457 pro
3011 4386 3188 4459 aliqua
3236 4400 3450 4442 munere

2311 4460 2646 4514 adducantur
2674 4475 2777 4512 non
2806 4458 2997 4512 idonei.

1941 4554 2182 4611 Sollicite
2212 4551 2492 4623 providete
2521 4550 2586 4605 de
2612 4550 2721 4604 vita
2752 4559 2807 4604 et
2832 4548 3064 4604 scientia
3087 4547 3445 4615 clericorum,

1869 4665 2008 4721 quos
2038 4648 2104 4702 ad
2133 4645 2290 4718 74],
2321 4643 2718 4699 ordinationem
2748 4639 3030 4696 adducetis
3055 4658 3068 4694 :
3104 4655 3173 4695 ne
3211 4654 3313 4710 pro
3343 4639 3448 4694 ali-

1867 4755 1975 4812 quo
2007 4754 2235 4793 munere
2266 4735 2397 4790 tales
2428 4735 2496 4790 ad
2528 4733 2891 4789 ordinandum
2928 4731 3311 4795 introducatis,
3354 4732 3447 4802 qui

1868 4831 2143 4889 introduci
2175 4844 2283 4884 non
2316 4827 2546 4891 debent,
2578 4826 2835 4896 quoniam
2867 4824 3237 4881 Simoniacum
3268 4834 3372 4879 est.

1866 4941 1998 4999 CAP.
2048 4940 2160 4996 XII.
2185 4970 2258 4982 -—
2294 4936 2362 4993 Ut
2394 4937 2599 4993 rideant
2644 4936 2904 5008 quomodo
2925 4932 3164 5008 capitula
3199 4933 3298 4987 sibi
3320 4934 3449 4989 data

2358 5007 2623 5065 observent
2653 5005 2956 5077 presbyteri.

1938 5102 2180 5159 Sollicite
2199 5100 2501 5173 providete,
2525 5098 2821 5153 secundum
2849 5094 3083 5167 capitula
3113 5094 3449 5166 presbyteris

1868 5210 1899 5249 a
1927 5194 2084 5249 nobis
2108 5194 2259 5257 data,
2284 5192 2351 5245 de
2392 5189 2641 5259 portione
2676 5185 2942 5250 ecclesiae,
2972 5184 3101 5254 quid
3129 5183 3254 5238 inde
3279 5184 3333 5238 in
3363 5200 3452 5238 ec-

1868 5283 2049 5340 clesiis
2087 5290 2277 5353 pareat
2306 5298 2320 5333 τ
2352 5280 2447 5335 sed
2489 5286 2546 5334 et
2580 5277 2647 5332 de
2694 5273 3078 5330 matriculariis
3127 5281 3184 5325 et
3220 5271 3289 5326 de
3331 5272 3452 5327 aliis

1868 5372 2118 5445 capitulis
2143 5369 2477 5442 presbyteris
2511 5383 2540 5422 a
2572 5366 2731 5422 nobis
2758 5363 2933 5428 datis,
2976 5360 3212 5432 qualiter
3240 5359 3329 5414 illa
3373 5368 3454 5414 te.

1864 5472 2026 5521 neanl
2052 5472 2109 5517 et
2136 5466 2482 5517 conservent.

1864 5576 1994 5634 CAP.
2023 5575 2161 5632 Xlll.
2189 5605 2258 5615 —-
2283 5570 2556 5638 Quomodo
2585 5568 2851 5640 eligendus
2895 5568 2963 5622 sit
3009 5566 3239 5621 decanus
3292 5565 3346 5618 in
3373 5561 3451 5617 lo-

2280 5677 2396 5716 cum
2432 5660 2764 5730 defuncti-vcl
2785 5658 3007 5714 inutilis.

1937 5757 1999 5816 Si
2021 5757 2258 5814 decanus
2284 5754 2339 5810 in
2366 5752 2669 5810 ministerio
2704 5761 2887 5810 vestro
2917 5759 3011 5807 aut
3038 5747 3334 5823 negligens,
3355 5752 3448 5801 aut
