4006 6338
616 294 721 351 805

1602 285 1931 349 HINCMARI
1973 285 2364 343 RHEMENSIS
2400 283 2920 342 ARCHIEPISCOPI

3709 292 3784 350 θυι

614 406 825 493 inutilis
868 413 923 460 et
971 404 1355 475 ineorrigibilis
1400 403 1587 470 fuerit,
1637 403 1720 457 vel
1748 402 1967 472 aliquis
2014 418 2201 457 eorum
2230 407 2278 466 Α
2306 410 2391 457 est
2432 401 2648 457 interim
2687 401 3034 466 constituite,
3088 404 3262 458 donec
3307 402 3373 456 ad
3410 417 3572 458 meam
3602 405 3792 468 notitiam

612 498 843 575 obierit,
892 514 997 551 non
1044 497 1441 552 inconsiderate
1486 495 1752 549 decanum
1802 494 2004 565 eligite.
2038 496 2104 549 Et
2148 497 2195 551 si

613 604 718 661 ego
748 589 801 643 in
836 589 1123 659 longinquo
1163 603 1282 643 sum
1304 628 1319 653 ,
1352 587 1616 642 decanum
1659 585 1807 640 illum
1852 585 1963 655 qui
1991 586 2199 643 electus

644 763 3798 789 —-——-————_——'——_————_-'——_

2304 490 2496 555 electio
2524 490 2611 545 illa
2641 490 2929 556 referatur,
2959 498 3013 546 et
3043 507 3162 547 mea
3186 492 3553 550 constitutione
3587 507 3666 550 aut
3698 512 3795 554 con-

2308 584 2575 650 firmetur,
2607 593 2701 638 aut
2730 584 3066 640 immutetur.

1778 897 2730 1010 HINCMARI

754 1164 805 1174 η.

1554 1142 1565 1152 '
1635 1125 2307 1186 ARCHIEPISCOPI
2364 1125 2864 1199 RHEMEENSIS

838 1320 2008 1551 CORONATI
2057 1282 2613 1466 ONES
2815 1324 3623 1469 unum.

1140 1963 2100 2082 CORONATIO
2203 1963 2281 2078 C

2221 1745 2313 1869 I.‘

2313 1963 2801 2078 AROLI
2888 1963 3390 2086 CALVI

1501 2162 1765 2241 Quando
1800 2163 1868 2224 in
1902 2180 2092 2242 regno
2128 2161 2423 2223 Lotharii
2463 2170 2862 2225 consecratus
2897 2169 3006 2226 est.

625 2396 799 2488 ordo
830 2394 1106 2488 qualiter
1145 2392 1585 2488 CnABQLUS‘I‘Q;
1617 2387 2152 2488 fuitﬂcoronat‘us.
2168 2385 2494 2488 innMettis
2532 2387 3202 2488 civitate,‘anno.869,
3231 2393 3308 2485 'in
3359 2411 3571 2488 mense
3603 2395 3802 2476 Septem-

701 2465 870 2549 bris,‘
895 2494 935 2538 v
967 2474 1121 2562 Idus
1177 2471 1609 2562 Septembres,
1647 2484 1791 2562 qua:
1833 2466 2053 2562 evenit
2088 2465 2699 2562 die‘Vene‘ris,“cum
2762 2470 2940 2562 istis"
2951 2465 3319 2560 episcopis,
3374 2465 3802 2538 videlicet'Hin-

702 2543 920 2641 emarq
952 2543 1864 2641 archiepiscopo,AdvnentioL
1882 2543 2483 2641 Alt‘tonehArnulfo,
2515 2543 3330 2641 Era‘nconeﬂ‘incmnar‘get
3358 2553 3800 2633 Odone;quando

703 2632 1032 2715 Quondam
1063 2622 1187 2694 rex'
1224 2622 1593 2702 Lotharius,
1625 2626 1799 2688 ﬁlius
1834 2622 2123 2687 Lotharii
2160 2623 2593 2704 imperatoris,
2625 2624 2749 2689 fuit
2780 2636 3075 2692 mortuus
3107 2631 3178 2692 in
3216 2629 3535 2696 Placentia
3561 2622 3775 2696 civitate.

621 2793 1048 2857 Annuntiatio
1095 2789 1392 2851 Adventii
1430 2787 1709 2866 episcopi
1757 2792 1900 2846 ante
1955 2784 2216 2846 initium
2242 2787 2290 2847 B
2318 2783 2504 2853 prresit
2545 2792 2600 2839 et
2625 2785 2820 2855 prosit,
2852 2787 3067 2843 videtur
3111 2790 3311 2857 nobis,
3352 2791 3398 2848 si
3424 2793 3564 2848 vobis
3596 2794 3745 2865 placet,
3762 2800 3799 2845 ut

701 2874 903 2933 missa:
938 2873 1007 2931 in
1046 2870 1299 2931 ecclesia
1339 2870 1404 2929 S.
1448 2866 1748 2945 Stephani
1783 2881 1992 2945 coram
2020 2881 2161 2943 rege
2184 2902 2203 2939 ,

705 2962 759 3012 et
791 2950 1124 3030 episcopis,
1163 2956 1218 3008 et
1250 2947 1397 3007 aliis
1431 2943 1936 3025 quantplu-rt'mis.

694 3091 826 3147 (ἷλρ.
848 3090 890 3145 1.
917 3120 990 3132 -—
1017 3088 1127 3143 Vos
1158 3088 1328 3153 scitis,
1368 3095 1426 3142 et
1456 3084 1639 3139 multis
1669 3085 1721 3139 in
1745 3082 1994 3154 plurimis
2030 3082 2210 3153 regnis

625 3190 711 3239 est
756 3167 1069 3252 cognitum,
1117 3188 1350 3249 quantos
1383 3184 1438 3231 et
1479 3174 1665 3245 quales
1696 3183 1922 3229 eventus
1971 3183 2210 3243 tempore

625 3272 856 3329 senioris
878 3270 1069 3335 nostri,
1095 3285 1254 3340 quem
1284 3269 1543 3322 hactenus
1572 3265 1881 3329 habuimus,
1909 3279 2008 3334 pro
2030 3263 2212 3319 causis

625 3363 924 3420 notissimis
972 3360 1331 3416 communiter
1377 3358 1764 3419 sustinuimus,
1801 3365 1857 3409 et
1885 3362 2089 3425 quanto
2118 3354 2213 3409 do-

627 3457 762 3521 lore,
808 3462 1120 3526 quantaque
1154 3450 1404 3521 angustia
1452 3449 1518 3503 de
1563 3447 1707 3503 illius
1746 3444 1990 3502 infausta
2037 3454 2214 3501 morte

629 3562 800 3615 nuper
828 3545 1083 3600 cordibus
1109 3540 1339 3613 perculsi
1370 3554 1578 3594 sumus.
1611 3537 1764 3593 Unde
1798 3539 2020 3592 unicum
2065 3536 2212 3589 refu-

628 3638 776 3707 gium
797 3643 852 3690 et
873 3633 1218 3705 singulariter
1239 3631 1455 3688 salubre
1484 3630 1792 3694 consilium,
1822 3643 1949 3697 rege
1980 3637 2035 3682 et
2060 3627 2214 3697 prin-

630 3728 751 3796 cipe
784 3734 968 3781 nostro
998 3724 1240 3779 destituti
1272 3739 1335 3778 ac
1367 3721 1615 3787 desolati,
1647 3721 1802 3775 nobis
1832 3718 1992 3792 742
2041 3717 2216 3773 omni-

630 3820 733 3874 bus
761 3833 882 3874 esse
912 3817 1398 3881 consideravitnus,
1444 3823 1505 3869 ut
1543 3813 1765 3883 jejuniis
1796 3821 1852 3867 et
1879 3811 2217 3865 orationibus

633 3911 699 3966 ad
727 3927 850 3965 eum
874 3927 972 3966 nos
1001 3917 1441 3965 converteremus
1464 3908 1555 3976 qui
1582 3914 1667 3961 est
1694 3903 1909 3972 adiutor
1937 3904 1990 3957 in
2019 3917 2217 3972 oppor-

634 4004 976 4069 tunitatibus,
1009 4002 1064 4056 in
1093 4000 1474 4064 tribulatione,
1502 4006 1558 4054 et
1601 3995 1754 4066 cujus
1786 4005 1869 4050 est
1908 3994 2214 4057 consilium,

633 4112 698 4152 ac
723 4095 875 4165 cujus
895 4104 977 4151 est
1001 4109 1247 4166 regnum,
1280 4102 1334 4147 et
1360 4100 1420 4145 ut
1450 4092 1711 4160 scriptum
1750 4097 1835 4142 est
1872 4088 1957 4142 cui
1988 4084 2220 4140 voluerit

634 4191 783 4246 dabit
813 4189 964 4255 illud,
1010 4197 1067 4243 et
1108 4188 1162 4242 in
1205 4202 1366 4241 manu
1398 4185 1553 4254 cujus
1579 4184 1739 4238 corda
1770 4190 1896 4236 sunt
1923 4194 2132 4251 regum,
2162 4186 2218 4232 et

634 4281 766 4338 facit
791 4283 1076 4337 unanimes
1117 4279 1363 4334 habitare
1409 4278 1460 4333 in
1508 4278 1691 4340 domo,
1723 4275 1937 4330 solvens
1982 4272 2219 4328 medium

632 4374 898 4445 parietem
919 4381 975 4428 et
995 4372 1198 4427 faciens
1220 4379 1449 4440 utraque
1476 4385 1676 4424 unum:
1700 4369 2055 4438 deprecantes
2077 4365 2219 4419 illius

634 4464 1087 4530 misericordiam,
1116 4471 1177 4517 ut
1205 4462 1358 4517 daret
1386 4461 1541 4517 nobis
1582 4475 1763 4531 regem
1814 4474 1879 4513 ac
1919 4458 2219 4529 principem

638 4554 934 4608 secundum
965 4568 1060 4607 cor
1084 4567 1261 4617 suum,
1290 4551 1381 4621 qui
1413 4551 1464 4605 in
1489 4549 1695 4620 judicio
1725 4556 1780 4604 et
1809 4546 2017 4616 justitia
2041 4562 2138 4601 nos
2167 4546 2221 4600 in

638 4642 788 4697 omni
816 4643 1004 4698 ordine
1035 4658 1101 4697 ac
1141 4641 1474 4712 professione
1500 4649 1732 4713 regeret,
1763 4640 2032 4720 salvare},
2060 4647 2221 4706 atque

639 4733 952 4790 defenderet
974 4732 1129 4802 juxta
1159 4733 1489 4787 voluntatem
1517 4732 1651 4802 ejus,
1683 4738 1738 4785 et
1777 4729 1941 4785 corda
1974 4728 2220 4783 omnium

638 4827 886 4875 nostrum
915 4818 1243 4873 unanimiter
1276 4818 1330 4872 in
1366 4832 1488 4872 eum
1521 4816 1811 4871 inclinaret
1833 4823 1995 4883 atque
2018 4812 2219 4877 uniret,

638 4929 798 4984 quem
827 4914 940 4983 ipse
962 4912 1030 4966 ad
1057 4911 1284 4966 salutem
1319 4919 1373 4966 et
1398 4910 1701 4980 profectum
1733 4917 1979 4963 nostrum
2008 4904 2225 4976 praesci-

642 5014 753 5060 tum
777 5013 831 5059 et
856 5004 1084 5060 electum
1109 5014 1271 5073 atque
1298 5002 1741 5073 praedestinatum
1770 5000 2005 5055 habebat
2033 5012 2225 5053 secun-

640 5097 766 5153 dum
800 5095 1228 5151 misericordiam
1265 5111 1441 5149 suam.

711 5211 841 5267 CAP.
868 5212 934 5267 ll.
954 5241 1025 5251 —
1044 5210 1181 5277 Quia
1223 5210 1456 5278 denique
1479 5208 1812 5265 voluntatem
1842 5207 1957 5273 Dei,
1993 5222 2088 5276 qui
2130 5219 2225 5261 vo-

640 5303 903 5359 luntatem
928 5303 1232 5357 timentium
1262 5318 1319 5357 se
1342 5301 1494 5367 facit,
1524 5311 1578 5356 et
1605 5301 2012 5370 deprecationes
2036 5314 2224 5355 eorum

640 5396 879 5459 exaudit,
924 5395 977 5449 in
1026 5396 1279 5451 concordi
1328 5394 1685 5449 unanimitate
1749 5401 1937 5448 nostra
1982 5393 2226 5448 videmus

2312 2873 2453 2929 sicut
2498 2883 2620 2945 post
2645 2875 2789 2945 illius
2832 2879 2997 2933 verba
3040 2881 3195 2936 vobis
3227 2883 3674 2943 manifestabimus.
3698 2884 3799 2951 signo

2314 2967 2618 3021 certissimo
2644 2968 3100 3035 demonstremus,
3128 2973 3260 3041 quia
3297 2974 3442 3028 illum
3470 2989 3497 3028 a
3524 2975 3618 3030 Deo
3638 2973 3796 3028 electum

2312 3064 2368 3109 et
2400 3057 2555 3112 nobis
2584 3058 2766 3111 datum
2796 3060 3100 3131 principem
3128 3064 3424 3130 credimus,
3449 3073 3500 3119 et
3524 3066 3669 3120 eidem
3688 3063 3797 3131 largi-

2314 3144 2420 3200 tori
2462 3146 2573 3201 Deo
2601 3162 2669 3202 ex
2701 3150 2813 3205 suis
2856 3151 3139 3209 beneficiis
3181 3169 3290 3209 non
3334 3155 3498 3211 simus
3538 3153 3717 3227 ingrati,
3739 3152 3799 3207 sed

2316 3236 2612 3307 gratiarum
2645 3241 2887 3297 actiones
2913 3243 2990 3296 illi
3013 3242 3350 3312 referentes,
3381 3261 3582 3301 oremus
3610 3253 3799 3315 quatenus

2316 3336 2371 3382 et
2397 3343 2521 3383 eum
2550 3331 2708 3386 nobis
2734 3332 2801 3386 ad
2831 3333 3058 3389 salutem
3083 3345 3140 3390 et
3166 3336 3524 3394 defensionem
3546 3343 3708 3392 sancta:
3728 3346 3798 3387 sua

2316 3419 2591 3488 Ecclesiae,
2621 3431 2676 3477 et
2709 3424 2778 3478 ad
2815 3426 3076 3481 auxilium
3121 3436 3291 3499 atque
3332 3429 3608 3501 profectum
3631 3426 3798 3482 omnium

2317 3522 2588 3578 nostrum,
2620 3529 2741 3569 cum
2766 3515 2940 3570 salute
2962 3532 3032 3571 ac
3061 3533 3224 3587 pace,
3253 3528 3310 3575 et
3335 3518 3682 3590 tranquillitate
3698 3513 3798 3569 nobis

2318 3612 2606 3657 conservet
2637 3604 2840 3659 diutius
2860 3645 2875 3669 ,
2908 3614 2964 3659 et
2995 3623 3094 3662 nos
3122 3607 3269 3665 ﬁdeli
3314 3609 3579 3665 devotione
3610 3607 3671 3661 illi
3693 3610 3797 3658 obse-

2318 3704 2568 3762 quentes,
2592 3702 2753 3762 atque
2781 3704 2963 3764 optata
3005 3698 3313 3756 salvatione
3340 3700 3580 3765 fruentes,
3607 3698 3687 3754 sub
3706 3694 3797 3750 illius

2319 3786 2792 3844 administratione
2817 3791 2871 3843 in
2898 3806 2998 3845 suo
3022 3792 3291 3862 gubernet
3317 3793 3550 3849 servitio.

2390 3918 2516 3973 Car.
2552 3917 2637 3973 Ill.
2665 3952 2735 3961 —
2757 3920 2824 3975 Et
2854 3922 2899 3977 si
2929 3922 3001 3977 illi
3032 3924 3231 3995 placet,
3259 3926 3473 3998 dignum
3501 3925 3589 3996 ipsi
3608 3932 3653 3979 et
3673 3931 3798 3976 neces-

2322 4012 2521 4066 sarium
2554 4016 2710 4069 nobis
2740 4030 2861 4071 esse
2891 4016 3123 4083 videtur,
3157 4028 3222 4074 ut
3255 4034 3321 4074 ex
3347 4019 3462 4090 ejus
3486 4034 3572 4074 ore
3596 4015 3797 4070 audiammt

2323 4104 2464 4171 quod
2492 4119 2521 4156 a
2551 4103 3015 4162 Christianissimo
3068 4124 3218 4180 rege,
3267 4111 3406 4165 fideli
3448 4120 3498 4165 et
3542 4104 3730 4163 unanimi
3763 4101 3795 4153 in

2326 4197 2546 4252 servitio
2590 4198 2729 4253 illius
2754 4200 2971 4269 populo,
3004 4201 3296 4273 unicuique
3324 4204 3377 4257 in
3417 4204 3590 4258 ordine
3617 4213 3692 4253 suo
3710 4209 3796 4249 cot-

2321 4293 2470 4349 venit
2495 4294 2705 4358 audire,
2732 4310 2795 4350 ac
2820 4296 3012 4349 devota
3037 4305 3220 4353 mente
3241 4299 3524 4368 suscipere.

2394 4382 2524 4438 Post
2547 4385 2658 4438 haec
2686 4401 2776 4439 rex
2801 4384 3023 4441 Carolus
3047 4389 3159 4443 lucc
3189 4406 3308 4460 quin
3334 4396 3598 4461 sequuntur
3618 4395 3744 4455 pem
3762 4378 3796 4429 in

2322 4472 2502 4526 eadem
2530 4472 2747 4527 ecclesia
2774 4476 2973 4530 cunctis
3001 4476 3333 4533 audientibus
3356 4474 3661 4532 denuntiarit.

2394 4562 2530 4631 Quia
2554 4567 2698 4619 sicut
2722 4567 2808 4621 isti
2840 4569 3178 4625 venerabiles
3217 4570 3447 4641 episcopi
3476 4549 3623 4622 unius
3638 4577 3690 4617 ex
3711 4555 3796 4627 ipsis

2322 4669 2454 4707 voce
2483 4655 2762 4719 dixerunt,
2801 4666 2855 4711 et
2897 4659 3063 4714 certis
3095 4659 3308 4714 indiciis
3330 4672 3397 4713 ex
3424 4665 3586 4711 vestra
3607 4642 3796 4705 unanimi-

2326 4757 2437 4803 tate
2487 4757 2925 4804 monstraverunt
2951 4789 2965 4814 ,
3010 4760 3067 4805 et
3118 4765 3214 4807 vos
3258 4747 3601 4809 acclamastis,
3637 4755 3701 4797 me
3733 4732 3793 4789 θεῖ

2324 4840 2584 4895 electione
2610 4841 2676 4894 ad
2701 4850 2932 4894 vestram
2956 4841 3309 4897 salvationem
3329 4849 3383 4895 et
3408 4836 3666 4909 profectum
3688 4836 3793 4893 aliiue

2326 4933 2565 5001 regimen
2605 4941 2660 4985 et
2700 4932 3148 5001 gubernationem
3189 4934 3297 4989 huc
3341 4930 3632 4987 advenisse:
3668 4915 3793 4975 sciatis

2326 5040 2413 5080 me
2442 5026 2700 5079 honorem
2732 5032 2787 5077 et
2814 5023 3020 5079 cultum
3048 5025 3142 5081 Dei
3187 5034 3348 5095 atque
3381 5027 3650 5078 sanctarum
3677 5005 3791 5065 εατιὺ

2326 5116 2529 5172 siarum
2590 5116 2815 5170 Domino
2866 5114 3153 5184 adjuvante
3202 5123 3526 5174 conservare,
3576 5110 3621 5159 et
3657 5107 3791 5152 unum-

2326 5221 2595 5277 quemque
2618 5215 2858 5260 vestrum
2890 5207 3183 5261 secundum
3214 5205 3295 5260 sui
3322 5199 3512 5259 ordinis
3552 5189 3786 5277 dignitatem

2327 5308 2381 5355 et
2402 5314 2687 5369 personam
2712 5298 2866 5366 juxta
2897 5313 3074 5353 meum
3118 5298 3256 5354 scire
3281 5305 3333 5351 et
3355 5305 3501 5363 posse
3528 5287 3734 5369 honorare
3754 5275 3786 5369 (Ἰ

2328 5394 2569 5457 salvare,
2602 5400 2659 5448 et
2700 5394 3025 5448 honoratum
3062 5407 3124 5446 ac
3161 5390 3414 5446 salvatum
3443 5392 3600 5436 tenere
3622 5366 3787 5426 velle.“

643 5488 787 5542 hunc
815 5488 964 5554 regni
993 5486 1151 5556 hujus
1192 5488 1460 5543 haeredem
1490 5503 1611 5543 esse
1638 5487 1938 5558 legitimum
1958 5527 1972 5551 ,
2010 5487 2098 5542 cui
2125 5500 2224 5542 nos
2251 5499 2302 5559 D
2328 5483 2621 5553 unicuique
2648 5484 2700 5537 in
2730 5499 2826 5538 suo
2861 5482 3051 5538 ordine
3084 5480 3369 5537 secundum
3399 5472 3489 5530 sibi
3513 5460 3786 5559 coﬂl_l""""“;5

643 5589 835 5647 Sponte
875 5581 1275 5647 commisimus,
1310 5581 1566 5636 domnum
1608 5582 1859 5637 videlicet
1899 5589 2217 5650 praesentem

645 5685 825 5740 regem
878 5686 942 5727 ac
996 5672 1297 5744 principem
1344 5681 1586 5728 nostrum
1643 5660 1919 5737 Caralum,
1961 5679 2019 5726 ut
2064 5670 2219 5726 nobis

2328 5573 2473 5645 leges
2512 5582 2617 5627 tam
2650 5574 3049 5630 ecclesiasticas
3078 5588 3237 5642 quam
3278 5565 3579 5623 mundanas,
3605 5544 3783 5645 Ιθὸθωξί

2326 5665 2593 5736 justitiam
2617 5680 2961 5734 conservare,
2990 5664 3042 5720 in
3071 5667 3172 5720 hoc
3195 5670 3249 5717 ut
3276 5662 3436 5715 honor
3455 5648 3604 5717 τεείιιε
3626 5646 3663 5693 εί
3681 5638 3781 5703 pom‘

2439 5886 2449 5913 ί
