  <div class='ocr_page' id='page_1' title='image "/cluster/home/n/w/nwhite01/storage/ocr_20150623/125/hvd.32044015471667/408.png"; bbox 0 0 4006 6338; ppageno 0'>
   <div class='ocr_carea' id='block_1_1' title="bbox 206 346 314 407">
    <p class='ocr_par' dir='ltr' id='par_1_1' title="bbox 206 346 314 407">
     <span class='ocr_line' id='line_1_1' title="bbox 206 346 314 407; baseline -0.037 0"><span class='ocrx_word' id='word_1_1' title='bbox 206 346 314 407; x_wconf 83' lang='grc'><strong>805</strong></span> 
     </span>
    </p>
   </div>
   <div class='ocr_carea' id='block_1_2' title="bbox 1047 335 2596 400">
    <p class='ocr_par' dir='ltr' id='par_1_2' title="bbox 1047 335 2596 400">
     <span class='ocr_line' id='line_1_2' title="bbox 1047 335 2596 400; baseline -0.002 -1"><span class='ocrx_word' id='word_1_2' title='bbox 1047 340 1573 400; x_wconf 67' lang='grc' dir='ltr'><strong>(ΖΟΙὶΟΝΑΤΙΟΧΕΞ</strong></span> <span class='ocrx_word' id='word_1_3' title='bbox 1613 335 1866 393; x_wconf 69' lang='lat' dir='ltr'><strong>“ECLE.</strong></span> <span class='ocrx_word' id='word_1_4' title='bbox 1903 367 1972 378; x_wconf 91' lang='lat'><strong>—</strong></span> <span class='ocrx_word' id='word_1_5' title='bbox 2010 337 2046 393; x_wconf 90' lang='grc' dir='ltr'><strong>Ι.</strong></span> <span class='ocrx_word' id='word_1_6' title='bbox 2087 338 2334 396; x_wconf 69' lang='grc' dir='ltr'>ωιιυιι</span> <span class='ocrx_word' id='word_1_7' title='bbox 2373 340 2596 397; x_wconf 81' lang='lat' dir='ltr'><strong>CALVI.</strong></span> 
     </span>
    </p>
   </div>
   <div class='ocr_carea' id='block_1_3' title="bbox 3356 347 3462 405">
    <p class='ocr_par' dir='ltr' id='par_1_3' title="bbox 3356 347 3462 405">
     <span class='ocr_line' id='line_1_3' title="bbox 3356 347 3462 405; baseline 0.009 -1"><span class='ocrx_word' id='word_1_8' title='bbox 3356 347 3462 405; x_wconf 82' lang='lat'><strong>806</strong></span> 
     </span>
    </p>
   </div>
   <div class='ocr_carea' id='block_1_4' title="bbox 205 449 3460 525">
    <p class='ocr_par' dir='ltr' id='par_1_4' title="bbox 205 449 3460 525">
     <span class='ocr_line' id='line_1_4' title="bbox 205 449 3460 525; baseline 0 -8"><span class='ocrx_word' id='word_1_9' title='bbox 205 472 320 519; x_wconf 80' lang='lat' dir='ltr'><strong>stas</strong></span> <span class='ocrx_word' id='word_1_10' title='bbox 361 476 425 515; x_wconf 85' lang='lat' dir='ltr'><strong>ac</strong></span> <span class='ocrx_word' id='word_1_11' title='bbox 469 459 645 514; x_wconf 86' lang='lat' dir='ltr'><strong>debita</strong></span> <span class='ocrx_word' id='word_1_12' title='bbox 673 455 1005 519; x_wconf 75' lang='lat' dir='ltr'><strong>obedientia,</strong></span> <span class='ocrx_word' id='word_1_13' title='bbox 1041 465 1203 525; x_wconf 86' lang='lat' dir='ltr'><strong>atque</strong></span> <span class='ocrx_word' id='word_1_14' title='bbox 1234 454 1558 522; x_wconf 74' lang='lat' dir='ltr'><strong>adiutorium</strong></span> <span class='ocrx_word' id='word_1_15' title='bbox 1590 452 1657 505; x_wconf 89' lang='lat' dir='ltr'><strong>ad</strong></span> <span class='ocrx_word' id='word_1_16' title='bbox 1687 464 1775 504; x_wconf 88' lang='lat' dir='ltr'><strong>re-</strong></span> <span class='ocrx_word' id='word_1_17' title='bbox 1801 452 1852 508; x_wconf 76' lang='grc' dir='ltr'>Α</span> <span class='ocrx_word' id='word_1_18' title='bbox 1877 463 1995 502; x_wconf 78' lang='lat' dir='ltr'><strong>cam</strong></span> <span class='ocrx_word' id='word_1_19' title='bbox 2053 449 2160 505; x_wconf 78' lang='lat' dir='ltr'><strong>Noe</strong></span> <span class='ocrx_word' id='word_1_20' title='bbox 2224 452 2612 521; x_wconf 77' lang='lat' dir='ltr'><strong>signiﬁcantem</strong></span> <span class='ocrx_word' id='word_1_21' title='bbox 2676 453 2929 510; x_wconf 69' lang='lat' dir='ltr'><strong>Ecclesia:</strong></span> <span class='ocrx_word' id='word_1_22' title='bbox 2990 457 3251 511; x_wconf 84' lang='lat' dir='ltr'><strong>unitatem</strong></span> <span class='ocrx_word' id='word_1_23' title='bbox 3310 459 3460 517; x_wconf 82' lang='lat' dir='ltr'><strong>nullo</strong></span> 
     </span>
    </p>
   </div>
   <div class='ocr_carea' id='block_1_5' title="bbox 203 542 1784 621">
    <p class='ocr_par' dir='ltr' id='par_1_5' title="bbox 203 542 1784 621">
     <span class='ocr_line' id='line_1_5' title="bbox 203 542 1784 621; baseline -0.006 -16"><span class='ocrx_word' id='word_1_24' title='bbox 203 566 369 621; x_wconf 89' lang='lat' dir='ltr'><strong>gnum</strong></span> <span class='ocrx_word' id='word_1_25' title='bbox 405 549 532 603; x_wconf 85' lang='lat' dir='ltr'><strong>mihi</strong></span> <span class='ocrx_word' id='word_1_26' title='bbox 564 564 593 603; x_wconf 89' lang='lat' dir='ltr'><strong>a</strong></span> <span class='ocrx_word' id='word_1_27' title='bbox 622 549 730 602; x_wconf 92' lang='lat' dir='ltr'><strong>Deo</strong></span> <span class='ocrx_word' id='word_1_28' title='bbox 753 545 915 618; x_wconf 74' lang='grc'><strong>743</strong></span> <span class='ocrx_word' id='word_1_29' title='bbox 951 547 1132 599; x_wconf 90' lang='lat' dir='ltr'><strong>datum</strong></span> <span class='ocrx_word' id='word_1_30' title='bbox 1160 545 1547 599; x_wconf 86' lang='lat' dir='ltr'><strong>continendum</strong></span> <span class='ocrx_word' id='word_1_31' title='bbox 1588 551 1644 596; x_wconf 86' lang='lat' dir='ltr'><strong>et</strong></span> <span class='ocrx_word' id='word_1_32' title='bbox 1689 542 1784 597; x_wconf 48' lang='lat' dir='ltr'><strong>de¢b</strong></span> 
     </span>
    </p>
   </div>
   <div class='ocr_carea' id='block_1_6' title="bbox 205 636 1783 708">
    <p class='ocr_par' dir='ltr' id='par_1_6' title="bbox 205 636 1783 708">
     <span class='ocr_line' id='line_1_6' title="bbox 205 636 1783 708; baseline -0.006 -12"><span class='ocrx_word' id='word_1_33' title='bbox 205 642 527 696; x_wconf 78' lang='lat' dir='ltr'><strong>lensandum</strong></span> <span class='ocrx_word' id='word_1_34' title='bbox 555 638 623 693; x_wconf 89' lang='lat' dir='ltr'><strong>ab</strong></span> <span class='ocrx_word' id='word_1_35' title='bbox 666 652 988 708; x_wconf 75' lang='lat' dir='ltr'><strong>unmquoque</strong></span> <span class='ocrx_word' id='word_1_36' title='bbox 1022 647 1261 691; x_wconf 89' lang='lat' dir='ltr'><strong>vestrum</strong></span> <span class='ocrx_word' id='word_1_37' title='bbox 1303 636 1598 691; x_wconf 79' lang='lat' dir='ltr'><strong>Secundum</strong></span> <span class='ocrx_word' id='word_1_38' title='bbox 1625 647 1783 689; x_wconf 91' lang='lat' dir='ltr'><strong>suum</strong></span> 
     </span>
    </p>
   </div>
   <div class='ocr_carea' id='block_1_7' title="bbox 201 726 1784 799">
    <p class='ocr_par' dir='ltr' id='par_1_7' title="bbox 201 726 1784 799">
     <span class='ocr_line' id='line_1_7' title="bbox 201 726 1784 799; baseline -0.004 -15"><span class='ocrx_word' id='word_1_39' title='bbox 201 731 453 785; x_wconf 84' lang='lat' dir='ltr'><strong>ordinem</strong></span> <span class='ocrx_word' id='word_1_40' title='bbox 476 737 530 783; x_wconf 89' lang='lat' dir='ltr'><strong>et</strong></span> <span class='ocrx_word' id='word_1_41' title='bbox 551 730 864 799; x_wconf 85' lang='lat' dir='ltr'><strong>dignitatem</strong></span> <span class='ocrx_word' id='word_1_42' title='bbox 890 736 1055 797; x_wconf 92' lang='lat' dir='ltr'><strong>atque</strong></span> <span class='ocrx_word' id='word_1_43' title='bbox 1083 727 1494 797; x_wconf 76' lang='lat' dir='ltr'><strong>possibilitatem</strong></span> <span class='ocrx_word' id='word_1_44' title='bbox 1533 726 1661 779; x_wconf 90' lang='lat' dir='ltr'><strong>mihi</strong></span> <span class='ocrx_word' id='word_1_45' title='bbox 1686 740 1784 779; x_wconf 81' lang='lat' dir='ltr'><strong>ex-</strong></span> 
     </span>
    </p>
   </div>
   <div class='ocr_carea' id='block_1_8' title="bbox 203 817 1786 886">
    <p class='ocr_par' dir='ltr' id='par_1_8' title="bbox 203 817 1786 886">
     <span class='ocr_line' id='line_1_8' title="bbox 203 817 1786 886; baseline -0.003 -12"><span class='ocrx_word' id='word_1_46' title='bbox 203 820 480 882; x_wconf 85' lang='lat' dir='ltr'><strong>hibeatur,</strong></span> <span class='ocrx_word' id='word_1_47' title='bbox 508 818 648 873; x_wconf 89' lang='lat' dir='ltr'><strong>sicut</strong></span> <span class='ocrx_word' id='word_1_48' title='bbox 688 819 851 873; x_wconf 90' lang='lat' dir='ltr'><strong>vestri</strong></span> <span class='ocrx_word' id='word_1_49' title='bbox 878 827 1249 873; x_wconf 85' lang='lat' dir='ltr'><strong>antecessores</strong></span> <span class='ocrx_word' id='word_1_50' title='bbox 1272 817 1517 881; x_wconf 80' lang='lat' dir='ltr'><strong>fideliter,</strong></span> <span class='ocrx_word' id='word_1_51' title='bbox 1540 817 1709 886; x_wconf 89' lang='lat' dir='ltr'><strong>juste,</strong></span> <span class='ocrx_word' id='word_1_52' title='bbox 1731 823 1786 870; x_wconf 88' lang='lat' dir='ltr'><strong>et</strong></span> 
     </span>
    </p>
   </div>
   <div class='ocr_carea' id='block_1_9' title="bbox 202 909 1640 966">
    <p class='ocr_par' dir='ltr' id='par_1_9' title="bbox 202 909 1640 966">
     <span class='ocr_line' id='line_1_9' title="bbox 202 909 1640 966; baseline -0.001 -2"><span class='ocrx_word' id='word_1_53' title='bbox 202 909 603 966; x_wconf 82' lang='lat' dir='ltr'><strong>rationabiliter</strong></span> <span class='ocrx_word' id='word_1_54' title='bbox 628 910 764 965; x_wconf 88' lang='lat' dir='ltr'><strong>meis</strong></span> <span class='ocrx_word' id='word_1_55' title='bbox 792 910 1228 965; x_wconf 86' lang='lat' dir='ltr'><strong>antecessoribus</strong></span> <span class='ocrx_word' id='word_1_56' title='bbox 1257 910 1640 965; x_wconf 83' lang='lat' dir='ltr'><strong>exhibuerunt.</strong></span> 
     </span>
    </p>
   </div>
   <div class='ocr_carea' id='block_1_10' title="bbox 202 1023 1754 1133">
    <p class='ocr_par' dir='ltr' id='par_1_10' title="bbox 202 1052 1754 1133">
     <span class='ocr_line' id='line_1_10' title="bbox 202 1052 1754 1133; baseline 0.003 -22"><span class='ocrx_word' id='word_1_57' title='bbox 202 1052 625 1113; x_wconf 77' lang='lat' dir='ltr'><strong>Annuntialio</strong></span> <span class='ocrx_word' id='word_1_58' title='bbox 658 1053 989 1113; x_wconf 84' lang='lat' dir='ltr'><strong>Hincmari</strong></span> <span class='ocrx_word' id='word_1_59' title='bbox 1018 1055 1474 1133; x_wconf 81' lang='lat' dir='ltr'><strong>archiepiscopi</strong></span> <span class='ocrx_word' id='word_1_60' title='bbox 1506 1055 1571 1115; x_wconf 85' lang='lat' dir='ltr'><strong>in</strong></span> <span class='ocrx_word' id='word_1_61' title='bbox 1598 1053 1754 1116; x_wconf 84' lang='lat' dir='ltr'><strong>cccle</strong></span> 
     </span>
    </p>
   </div>
   <div class='ocr_carea' id='block_1_11' title="bbox 661 1133 1348 1211">
    <p class='ocr_par' dir='ltr' id='par_1_11' title="bbox 661 1133 1348 1211">
     <span class='ocr_line' id='line_1_11' title="bbox 661 1133 1348 1211; baseline 0.004 -21"><span class='ocrx_word' id='word_1_62' title='bbox 661 1133 757 1191; x_wconf 84' lang='lat' dir='ltr'><strong>sia</strong></span> <span class='ocrx_word' id='word_1_63' title='bbox 786 1134 1002 1192; x_wconf 77' lang='lat' dir='ltr'><strong>Sancti</strong></span> <span class='ocrx_word' id='word_1_64' title='bbox 1028 1134 1348 1211; x_wconf 77' lang='lat' dir='ltr'><strong>Stephani.</strong></span> 
     </span>
    </p>
   </div>
   <div class='ocr_carea' id='block_1_12' title="bbox 274 1266 1762 1345">
    <p class='ocr_par' dir='ltr' id='par_1_12' title="bbox 274 1266 1762 1345">
     <span class='ocr_line' id='line_1_12' title="bbox 274 1266 1762 1345; baseline 0.003 -22"><span class='ocrx_word' id='word_1_65' title='bbox 274 1267 405 1323; x_wconf 66' lang='lat' dir='ltr'><strong>Car.</strong></span> <span class='ocrx_word' id='word_1_66' title='bbox 434 1267 473 1321; x_wconf 93' lang='lat' dir='ltr'><strong>l.</strong></span> <span class='ocrx_word' id='word_1_67' title='bbox 527 1266 603 1323; x_wconf 85' lang='lat' dir='ltr'><strong>Ne</strong></span> <span class='ocrx_word' id='word_1_68' title='bbox 629 1268 787 1323; x_wconf 84' lang='lat' dir='ltr'><strong>alicui</strong></span> <span class='ocrx_word' id='word_1_69' title='bbox 813 1268 950 1324; x_wconf 82' lang='lat' dir='ltr'><strong>forte</strong></span> <span class='ocrx_word' id='word_1_70' title='bbox 976 1271 1223 1327; x_wconf 91' lang='lat' dir='ltr'><strong>videatur</strong></span> <span class='ocrx_word' id='word_1_71' title='bbox 1245 1286 1541 1344; x_wconf 82' lang='lat' dir='ltr'><strong>incongrue</strong></span> <span class='ocrx_word' id='word_1_72' title='bbox 1565 1288 1628 1328; x_wconf 88' lang='lat' dir='ltr'><strong>ac</strong></span> <span class='ocrx_word' id='word_1_73' title='bbox 1649 1288 1762 1345; x_wconf 65' lang='lat' dir='ltr'><strong>prae</strong></span> 
     </span>
    </p>
   </div>
   <div class='ocr_carea' id='block_1_13' title="bbox 200 1356 1784 1427">
    <p class='ocr_par' dir='ltr' id='par_1_13' title="bbox 200 1356 1784 1427">
     <span class='ocr_line' id='line_1_13' title="bbox 200 1356 1784 1427; baseline 0.006 -16"><span class='ocrx_word' id='word_1_74' title='bbox 200 1356 508 1425; x_wconf 86' lang='lat' dir='ltr'><strong>sumptiose</strong></span> <span class='ocrx_word' id='word_1_75' title='bbox 535 1372 623 1412; x_wconf 92' lang='lat' dir='ltr'><strong>me</strong></span> <span class='ocrx_word' id='word_1_76' title='bbox 651 1373 715 1413; x_wconf 91' lang='lat' dir='ltr'><strong>ac</strong></span> <span class='ocrx_word' id='word_1_77' title='bbox 740 1359 1027 1427; x_wconf 72' lang='lat' dir='ltr'><strong>provincia!</strong></span> <span class='ocrx_word' id='word_1_78' title='bbox 1072 1370 1271 1417; x_wconf 68' lang='lat' dir='ltr'><strong>nostra:</strong></span> <span class='ocrx_word' id='word_1_79' title='bbox 1321 1364 1652 1420; x_wconf 89' lang='lat' dir='ltr'><strong>venerabiles</strong></span> <span class='ocrx_word' id='word_1_80' title='bbox 1693 1378 1784 1420; x_wconf 88' lang='lat' dir='ltr'><strong>co—</strong></span> 
     </span>
    </p>
   </div>
   <div class='ocr_carea' id='block_1_14' title="bbox 194 1442 1783 1523">
    <p class='ocr_par' dir='ltr' id='par_1_14' title="bbox 194 1442 1783 1523">
     <span class='ocr_line' id='line_1_14' title="bbox 194 1442 1783 1523; baseline 0.006 -23"><span class='ocrx_word' id='word_1_81' title='bbox 194 1446 487 1517; x_wconf 85' lang='lat' dir='ltr'><strong>episcopos</strong></span> <span class='ocrx_word' id='word_1_82' title='bbox 513 1446 708 1513; x_wconf 80' lang='lat' dir='ltr'><strong>facere,</strong></span> <span class='ocrx_word' id='word_1_83' title='bbox 741 1450 995 1518; x_wconf 86' lang='lat' dir='ltr'><strong>quoniam</strong></span> <span class='ocrx_word' id='word_1_84' title='bbox 1023 1451 1089 1506; x_wconf 90' lang='lat' dir='ltr'><strong>de</strong></span> <span class='ocrx_word' id='word_1_85' title='bbox 1128 1442 1294 1507; x_wconf 82' lang='lat' dir='ltr'><strong>altera</strong></span> <span class='ocrx_word' id='word_1_86' title='bbox 1339 1454 1615 1523; x_wconf 84' lang='lat' dir='ltr'><strong>provincia</strong></span> <span class='ocrx_word' id='word_1_87' title='bbox 1637 1455 1783 1510; x_wconf 87' lang='lat' dir='ltr'><strong>ordi-</strong></span> 
     </span>
    </p>
   </div>
   <div class='ocr_carea' id='block_1_15' title="bbox 194 1535 1779 1610">
    <p class='ocr_par' dir='ltr' id='par_1_15' title="bbox 194 1535 1779 1610">
     <span class='ocr_line' id='line_1_15' title="bbox 194 1535 1779 1610; baseline 0.006 -21"><span class='ocrx_word' id='word_1_88' title='bbox 194 1535 412 1590; x_wconf 88' lang='lat' dir='ltr'><strong>nationi</strong></span> <span class='ocrx_word' id='word_1_89' title='bbox 453 1544 509 1591; x_wconf 85' lang='lat' dir='ltr'><strong>et</strong></span> <span class='ocrx_word' id='word_1_90' title='bbox 546 1538 725 1592; x_wconf 85' lang='lat' dir='ltr'><strong>causis</strong></span> <span class='ocrx_word' id='word_1_91' title='bbox 753 1538 909 1608; x_wconf 92' lang='lat' dir='ltr'><strong>hujus</strong></span> <span class='ocrx_word' id='word_1_92' title='bbox 942 1541 1231 1609; x_wconf 63' lang='lat' dir='ltr'><strong>provincia:</strong></span> <span class='ocrx_word' id='word_1_93' title='bbox 1255 1558 1352 1597; x_wconf 91' lang='lat' dir='ltr'><strong>nos</strong></span> <span class='ocrx_word' id='word_1_94' title='bbox 1395 1543 1779 1610; x_wconf 91' lang='lat' dir='ltr'><strong>immiscemus,</strong></span> 
     </span>
    </p>
   </div>
   <div class='ocr_carea' id='block_1_16' title="bbox 194 1628 1781 1705">
    <p class='ocr_par' dir='ltr' id='par_1_16' title="bbox 194 1628 1781 1705">
     <span class='ocr_line' id='line_1_16' title="bbox 194 1628 1781 1705; baseline 0.006 -23"><span class='ocrx_word' id='word_1_95' title='bbox 194 1628 344 1682; x_wconf 81' lang='lat' dir='ltr'><strong>sciat</strong></span> <span class='ocrx_word' id='word_1_96' title='bbox 371 1643 472 1684; x_wconf 88' lang='lat' dir='ltr'><strong>nos</strong></span> <span class='ocrx_word' id='word_1_97' title='bbox 494 1639 680 1684; x_wconf 83' lang='lat' dir='ltr'><strong>contra</strong></span> <span class='ocrx_word' id='word_1_98' title='bbox 702 1644 937 1686; x_wconf 84' lang='lat' dir='ltr'><strong>canones</strong></span> <span class='ocrx_word' id='word_1_99' title='bbox 963 1647 1149 1688; x_wconf 86' lang='lat' dir='ltr'><strong>sacros</strong></span> <span class='ocrx_word' id='word_1_100' title='bbox 1177 1650 1283 1689; x_wconf 91' lang='lat' dir='ltr'><strong>non</strong></span> <span class='ocrx_word' id='word_1_101' title='bbox 1315 1650 1493 1705; x_wconf 84' lang='lat' dir='ltr'><strong>agere,</strong></span> <span class='ocrx_word' id='word_1_102' title='bbox 1524 1636 1781 1705; x_wconf 90' lang='lat' dir='ltr'><strong>quoniam</strong></span> 
     </span>
    </p>
   </div>
   <div class='ocr_carea' id='block_1_17' title="bbox 195 1714 1781 1797">
    <p class='ocr_par' dir='ltr' id='par_1_17' title="bbox 195 1714 1781 1797">
     <span class='ocr_line' id='line_1_17' title="bbox 195 1714 1781 1797; baseline 0.008 -28"><span class='ocrx_word' id='word_1_103' title='bbox 195 1714 529 1793; x_wconf 72' lang='lat' dir='ltr'><strong>Rbemensis</strong></span> <span class='ocrx_word' id='word_1_104' title='bbox 572 1726 626 1772; x_wconf 91' lang='lat' dir='ltr'><strong>et</strong></span> <span class='ocrx_word' id='word_1_105' title='bbox 673 1718 1011 1776; x_wconf 85' lang='lat' dir='ltr'><strong>Trevirensis</strong></span> <span class='ocrx_word' id='word_1_106' title='bbox 1054 1722 1309 1778; x_wconf 74' lang='lat' dir='ltr'><strong>Ecclesize</strong></span> <span class='ocrx_word' id='word_1_107' title='bbox 1348 1725 1399 1779; x_wconf 91' lang='lat' dir='ltr'><strong>in</strong></span> <span class='ocrx_word' id='word_1_108' title='bbox 1432 1726 1533 1780; x_wconf 88' lang='lat' dir='ltr'><strong>hac</strong></span> <span class='ocrx_word' id='word_1_109' title='bbox 1564 1727 1781 1797; x_wconf 78' lang='lat' dir='ltr'><strong>regione</strong></span> 
     </span>
    </p>
   </div>
   <div class='ocr_carea' id='block_1_18' title="bbox 1883 544 3464 620">
    <p class='ocr_par' dir='ltr' id='par_1_18' title="bbox 1883 544 3464 620">
     <span class='ocr_line' id='line_1_18' title="bbox 1883 544 3464 620; baseline 0.008 -25"><span class='ocrx_word' id='word_1_110' title='bbox 1883 549 2105 608; x_wconf 81' lang='lat' dir='ltr'><strong>cogente</strong></span> <span class='ocrx_word' id='word_1_111' title='bbox 2148 551 2557 597; x_wconf 89' lang='lat' dir='ltr'><strong>convenerunt:</strong></span> <span class='ocrx_word' id='word_1_112' title='bbox 2586 544 2711 614; x_wconf 85' lang='lat' dir='ltr'><strong>quia</strong></span> <span class='ocrx_word' id='word_1_113' title='bbox 2760 555 2963 601; x_wconf 71' lang='lat' dir='ltr'><strong>sancta:</strong></span> <span class='ocrx_word' id='word_1_114' title='bbox 2998 549 3270 603; x_wconf 62' lang='lat' dir='ltr'><strong>memoria:</strong></span> <span class='ocrx_word' id='word_1_115' title='bbox 3307 559 3464 620; x_wconf 87' lang='lat' dir='ltr'><strong>pater</strong></span> 
     </span>
    </p>
   </div>
   <div class='ocr_carea' id='block_1_19' title="bbox 1883 630 3457 709">
    <p class='ocr_par' dir='ltr' id='par_1_19' title="bbox 1883 630 3457 709">
     <span class='ocr_line' id='line_1_19' title="bbox 1883 630 3457 709; baseline 0.006 -23"><span class='ocrx_word' id='word_1_116' title='bbox 1883 644 2030 690; x_wconf 77' lang='lat' dir='ltr'><strong>Suus,</strong></span> <span class='ocrx_word' id='word_1_117' title='bbox 2065 630 2294 684; x_wconf 89' lang='lat' dir='ltr'><strong>domnus</strong></span> <span class='ocrx_word' id='word_1_118' title='bbox 2321 631 2641 688; x_wconf 70' lang='lat' dir='ltr'><strong>Ludovicus</strong></span> <span class='ocrx_word' id='word_1_119' title='bbox 2662 634 2789 689; x_wconf 88' lang='lat' dir='ltr'><strong>Pius</strong></span> <span class='ocrx_word' id='word_1_120' title='bbox 2835 636 3128 706; x_wconf 89' lang='lat' dir='ltr'><strong>imperator</strong></span> <span class='ocrx_word' id='word_1_121' title='bbox 3163 639 3457 709; x_wconf 85' lang='lat' dir='ltr'><strong>Augustus,</strong></span> 
     </span>
    </p>
   </div>
   <div class='ocr_carea' id='block_1_20' title="bbox 1881 719 3464 800">
    <p class='ocr_par' dir='ltr' id='par_1_20' title="bbox 1881 719 3464 800">
     <span class='ocr_line' id='line_1_20' title="bbox 1881 719 3464 800; baseline 0.009 -30"><span class='ocrx_word' id='word_1_122' title='bbox 1881 731 1949 771; x_wconf 80' lang='lat' dir='ltr'><strong>ex</strong></span> <span class='ocrx_word' id='word_1_123' title='bbox 1977 719 2234 789; x_wconf 76' lang='lat' dir='ltr'><strong>progenie</strong></span> <span class='ocrx_word' id='word_1_124' title='bbox 2262 719 2518 776; x_wconf 87' lang='lat' dir='ltr'><strong>Ludovici</strong></span> <span class='ocrx_word' id='word_1_125' title='bbox 2560 725 2703 795; x_wconf 88' lang='lat' dir='ltr'><strong>regis</strong></span> <span class='ocrx_word' id='word_1_126' title='bbox 2744 725 3075 781; x_wconf 86' lang='lat' dir='ltr'><strong>Francorum</strong></span> <span class='ocrx_word' id='word_1_127' title='bbox 3116 728 3320 800; x_wconf 86' lang='lat' dir='ltr'><strong>inclyti,</strong></span> <span class='ocrx_word' id='word_1_128' title='bbox 3364 743 3464 798; x_wconf 88' lang='lat' dir='ltr'><strong>per</strong></span> 
     </span>
    </p>
   </div>
   <div class='ocr_carea' id='block_1_21' title="bbox 1880 808 3461 889">
    <p class='ocr_par' dir='ltr' id='par_1_21' title="bbox 1880 808 3461 889">
     <span class='ocr_line' id='line_1_21' title="bbox 1880 808 3461 889; baseline 0.006 -24"><span class='ocrx_word' id='word_1_129' title='bbox 1880 808 2026 865; x_wconf 82' lang='lat' dir='ltr'><strong>beati</strong></span> <span class='ocrx_word' id='word_1_130' title='bbox 2049 809 2275 881; x_wconf 77' lang='lat' dir='ltr'><strong>Remigii</strong></span> <span class='ocrx_word' id='word_1_131' title='bbox 2301 810 2632 868; x_wconf 88' lang='lat' dir='ltr'><strong>Francorum</strong></span> <span class='ocrx_word' id='word_1_132' title='bbox 2664 816 2887 884; x_wconf 91' lang='lat' dir='ltr'><strong>apostoli</strong></span> <span class='ocrx_word' id='word_1_133' title='bbox 2912 817 3232 872; x_wconf 82' lang='lat' dir='ltr'><strong>catholicam</strong></span> <span class='ocrx_word' id='word_1_134' title='bbox 3254 819 3461 889; x_wconf 61' lang='lat' dir='ltr'><strong>praedi-</strong></span> 
     </span>
    </p>
   </div>
   <div class='ocr_carea' id='block_1_22' title="bbox 1882 901 3459 973">
    <p class='ocr_par' dir='ltr' id='par_1_22' title="bbox 1882 901 3459 973">
     <span class='ocr_line' id='line_1_22' title="bbox 1882 901 3459 973; baseline 0.007 -19"><span class='ocrx_word' id='word_1_135' title='bbox 1882 901 2150 956; x_wconf 88' lang='lat' dir='ltr'><strong>cationem</strong></span> <span class='ocrx_word' id='word_1_136' title='bbox 2178 916 2301 956; x_wconf 90' lang='lat' dir='ltr'><strong>eum</strong></span> <span class='ocrx_word' id='word_1_137' title='bbox 2329 901 2539 972; x_wconf 85' lang='lat' dir='ltr'><strong>integra</strong></span> <span class='ocrx_word' id='word_1_138' title='bbox 2570 913 2728 973; x_wconf 84' lang='lat' dir='ltr'><strong>gente</strong></span> <span class='ocrx_word' id='word_1_139' title='bbox 2753 907 3020 970; x_wconf 87' lang='lat' dir='ltr'><strong>conversi,</strong></span> <span class='ocrx_word' id='word_1_140' title='bbox 3054 916 3109 962; x_wconf 91' lang='lat' dir='ltr'><strong>et</strong></span> <span class='ocrx_word' id='word_1_141' title='bbox 3135 924 3256 962; x_wconf 90' lang='lat' dir='ltr'><strong>cum</strong></span> <span class='ocrx_word' id='word_1_142' title='bbox 3287 908 3459 966; x_wconf 75' lang='lat' dir='ltr'><strong>tribu‘s</strong></span> 
     </span>
    </p>
   </div>
   <div class='ocr_carea' id='block_1_23' title="bbox 1882 989 3551 1066">
    <p class='ocr_par' dir='ltr' id='par_1_23' title="bbox 1882 989 3551 1066">
     <span class='ocr_line' id='line_1_23' title="bbox 1882 989 3551 1066; baseline 0.005 -20"><span class='ocrx_word' id='word_1_143' title='bbox 1882 991 2210 1047; x_wconf 85' lang='lat' dir='ltr'><strong>Francorum</strong></span> <span class='ocrx_word' id='word_1_144' title='bbox 2238 989 2493 1058; x_wconf 87' lang='lat' dir='ltr'><strong>millibus,</strong></span> <span class='ocrx_word' id='word_1_145' title='bbox 2518 994 2758 1063; x_wconf 81' lang='lat' dir='ltr'><strong>exceptis</strong></span> <span class='ocrx_word' id='word_1_146' title='bbox 2782 997 3019 1064; x_wconf 85' lang='lat' dir='ltr'><strong>parvulis</strong></span> <span class='ocrx_word' id='word_1_147' title='bbox 3039 1008 3094 1053; x_wconf 93' lang='lat' dir='ltr'><strong>et</strong></span> <span class='ocrx_word' id='word_1_148' title='bbox 3120 1000 3456 1066; x_wconf 85' lang='lat' dir='ltr'><strong>mulieribus,</strong></span> <span class='ocrx_word' id='word_1_149' title='bbox 3536 996 3551 1016; x_wconf 85' lang='lat'>&#39;</span> 
     </span>
    </p>
   </div>
   <div class='ocr_carea' id='block_1_24' title="bbox 1881 1082 3455 1161">
    <p class='ocr_par' dir='ltr' id='par_1_24' title="bbox 1881 1082 3455 1161">
     <span class='ocr_line' id='line_1_24' title="bbox 1881 1082 3455 1161; baseline 0.005 -25"><span class='ocrx_word' id='word_1_150' title='bbox 1881 1082 2061 1153; x_wconf 81' lang='lat' dir='ltr'><strong>vigilia</strong></span> <span class='ocrx_word' id='word_1_151' title='bbox 2092 1083 2265 1138; x_wconf 89' lang='lat' dir='ltr'><strong>sancti</strong></span> <span class='ocrx_word' id='word_1_152' title='bbox 2299 1082 2519 1138; x_wconf 73' lang='lat' dir='ltr'><strong>Pascha:</strong></span> <span class='ocrx_word' id='word_1_153' title='bbox 2545 1082 2599 1138; x_wconf 89' lang='lat' dir='ltr'><strong>in</strong></span> <span class='ocrx_word' id='word_1_154' title='bbox 2624 1083 2915 1140; x_wconf 78' lang='lat' dir='ltr'><strong>Rhemensi</strong></span> <span class='ocrx_word' id='word_1_155' title='bbox 2961 1090 3240 1157; x_wconf 86' lang='lat' dir='ltr'><strong>metropoli</strong></span> <span class='ocrx_word' id='word_1_156' title='bbox 3276 1090 3455 1161; x_wconf 84' lang='lat' dir='ltr'><strong>bapti-</strong></span> 
     </span>
    </p>
   </div>
   <div class='ocr_carea' id='block_1_25' title="bbox 1882 1173 3458 1244">
    <p class='ocr_par' dir='ltr' id='par_1_25' title="bbox 1882 1173 3458 1244">
     <span class='ocr_line' id='line_1_25' title="bbox 1882 1173 3458 1244; baseline 0.005 -18"><span class='ocrx_word' id='word_1_157' title='bbox 1882 1173 2009 1238; x_wconf 83' lang='lat' dir='ltr'><strong>zati,</strong></span> <span class='ocrx_word' id='word_1_158' title='bbox 2042 1180 2096 1228; x_wconf 92' lang='lat' dir='ltr'><strong>et</strong></span> <span class='ocrx_word' id='word_1_159' title='bbox 2125 1173 2335 1229; x_wconf 61' lang='lat' dir='ltr'><strong>caelitus</strong></span> <span class='ocrx_word' id='word_1_160' title='bbox 2364 1180 2575 1244; x_wconf 90' lang='lat' dir='ltr'><strong>sumpto</strong></span> <span class='ocrx_word' id='word_1_161' title='bbox 2612 1174 2932 1239; x_wconf 88' lang='lat' dir='ltr'><strong>chrismate,</strong></span> <span class='ocrx_word' id='word_1_162' title='bbox 2980 1178 3118 1231; x_wconf 87' lang='lat' dir='ltr'><strong>unde</strong></span> <span class='ocrx_word' id='word_1_163' title='bbox 3146 1179 3319 1233; x_wconf 85' lang='lat' dir='ltr'><strong>adhuc</strong></span> <span class='ocrx_word' id='word_1_164' title='bbox 3356 1180 3458 1234; x_wconf 86' lang='lat' dir='ltr'><strong>ha-</strong></span> 
     </span>
    </p>
   </div>
   <div class='ocr_carea' id='block_1_26' title="bbox 1882 1262 3460 1339">
    <p class='ocr_par' dir='ltr' id='par_1_26' title="bbox 1882 1262 3460 1339">
     <span class='ocr_line' id='line_1_26' title="bbox 1882 1262 3460 1339; baseline 0.004 -22"><span class='ocrx_word' id='word_1_165' title='bbox 1882 1262 2103 1339; x_wconf 72' lang='lat' dir='ltr'><strong>bemus,</strong></span> <span class='ocrx_word' id='word_1_166' title='bbox 2131 1263 2377 1332; x_wconf 90' lang='lat' dir='ltr'><strong>peruncti</strong></span> <span class='ocrx_word' id='word_1_167' title='bbox 2420 1273 2475 1319; x_wconf 90' lang='lat' dir='ltr'><strong>et</strong></span> <span class='ocrx_word' id='word_1_168' title='bbox 2513 1263 2568 1318; x_wconf 91' lang='lat' dir='ltr'><strong>in</strong></span> <span class='ocrx_word' id='word_1_169' title='bbox 2611 1277 2793 1332; x_wconf 77' lang='lat' dir='ltr'><strong>regem</strong></span> <span class='ocrx_word' id='word_1_170' title='bbox 2833 1264 3054 1330; x_wconf 84' lang='lat' dir='ltr'><strong>sacrati,</strong></span> <span class='ocrx_word' id='word_1_171' title='bbox 3102 1278 3323 1322; x_wconf 87' lang='lat' dir='ltr'><strong>exortus</strong></span> <span class='ocrx_word' id='word_1_172' title='bbox 3364 1285 3460 1339; x_wconf 90' lang='lat' dir='ltr'><strong>per</strong></span> 
     </span>
    </p>
   </div>
   <div class='ocr_carea' id='block_1_27' title="bbox 1881 1336 3457 1427">
    <p class='ocr_par' dir='ltr' id='par_1_27' title="bbox 1881 1336 3457 1427">
     <span class='ocr_line' id='line_1_27' title="bbox 1881 1336 3457 1427; baseline 0.004 -21"><span class='ocrx_word' id='word_1_173' title='bbox 1881 1336 2103 1406; x_wconf 38' lang='lat' dir='ltr'><strong>beatum.</strong></span> <span class='ocrx_word' id='word_1_174' title='bbox 2127 1352 2437 1418; x_wconf 74' lang='lat' dir='ltr'><strong>Amulium,</strong></span> <span class='ocrx_word' id='word_1_175' title='bbox 2463 1352 2618 1424; x_wconf 86' lang='lat' dir='ltr'><strong>cujus</strong></span> <span class='ocrx_word' id='word_1_176' title='bbox 2647 1368 2811 1408; x_wconf 87' lang='lat' dir='ltr'><strong>carne</strong></span> <span class='ocrx_word' id='word_1_177' title='bbox 2837 1354 2976 1410; x_wconf 91' lang='lat' dir='ltr'><strong>idem</strong></span> <span class='ocrx_word' id='word_1_178' title='bbox 3006 1354 3306 1412; x_wconf 82' lang='lat' dir='ltr'><strong>Ludovicus</strong></span> <span class='ocrx_word' id='word_1_179' title='bbox 3337 1336 3457 1427; x_wconf 79' lang='lat' dir='ltr'><strong>pius</strong></span> 
     </span>
    </p>
   </div>
   <div class='ocr_carea' id='block_1_28' title="bbox 1880 1441 3460 1517">
    <p class='ocr_par' dir='ltr' id='par_1_28' title="bbox 1880 1441 3460 1517">
     <span class='ocr_line' id='line_1_28' title="bbox 1880 1441 3460 1517; baseline 0.005 -22"><span class='ocrx_word' id='word_1_180' title='bbox 1880 1441 2152 1513; x_wconf 82' lang='lat' dir='ltr'><strong>Augustus</strong></span> <span class='ocrx_word' id='word_1_181' title='bbox 2173 1442 2435 1513; x_wconf 77' lang='lat' dir='ltr'><strong>originem</strong></span> <span class='ocrx_word' id='word_1_182' title='bbox 2462 1442 2617 1497; x_wconf 80' lang='lat' dir='ltr'><strong>duxit</strong></span> <span class='ocrx_word' id='word_1_183' title='bbox 2644 1443 2839 1504; x_wconf 84' lang='lat' dir='ltr'><strong>carnis,</strong></span> <span class='ocrx_word' id='word_1_184' title='bbox 2875 1454 2927 1497; x_wconf 91' lang='lat' dir='ltr'><strong>et</strong></span> <span class='ocrx_word' id='word_1_185' title='bbox 2963 1462 2991 1498; x_wconf 93' lang='lat' dir='ltr'><strong>a</strong></span> <span class='ocrx_word' id='word_1_186' title='bbox 3022 1444 3295 1514; x_wconf 86' lang='lat' dir='ltr'><strong>Stephano</strong></span> <span class='ocrx_word' id='word_1_187' title='bbox 3322 1462 3460 1517; x_wconf 86' lang='lat' dir='ltr'><strong>papa</strong></span> 
     </span>
    </p>
   </div>
   <div class='ocr_carea' id='block_1_29' title="bbox 1881 1532 3462 1609">
    <p class='ocr_par' dir='ltr' id='par_1_29' title="bbox 1881 1532 3462 1609">
     <span class='ocr_line' id='line_1_29' title="bbox 1881 1532 3462 1609; baseline 0.004 -22"><span class='ocrx_word' id='word_1_188' title='bbox 1881 1532 2126 1588; x_wconf 82' lang='lat' dir='ltr'><strong>Romano</strong></span> <span class='ocrx_word' id='word_1_189' title='bbox 2151 1544 2274 1588; x_wconf 83' lang='lat' dir='ltr'><strong>ante</strong></span> <span class='ocrx_word' id='word_1_190' title='bbox 2304 1543 2504 1588; x_wconf 85' lang='lat' dir='ltr'><strong>sanctae</strong></span> <span class='ocrx_word' id='word_1_191' title='bbox 2533 1534 2628 1590; x_wconf 88' lang='lat' dir='ltr'><strong>Dei</strong></span> <span class='ocrx_word' id='word_1_192' title='bbox 2656 1535 2932 1603; x_wconf 74' lang='lat' dir='ltr'><strong>genitricis</strong></span> <span class='ocrx_word' id='word_1_193' title='bbox 2962 1545 3016 1591; x_wconf 90' lang='lat' dir='ltr'><strong>et</strong></span> <span class='ocrx_word' id='word_1_194' title='bbox 3041 1552 3255 1606; x_wconf 88' lang='lat' dir='ltr'><strong>semper</strong></span> <span class='ocrx_word' id='word_1_195' title='bbox 3282 1539 3462 1609; x_wconf 84' lang='lat' dir='ltr'><strong>Virgi-</strong></span> 
     </span>
    </p>
   </div>
   <div class='ocr_carea' id='block_1_30' title="bbox 1882 1623 3458 1695">
    <p class='ocr_par' dir='ltr' id='par_1_30' title="bbox 1882 1623 3458 1695">
     <span class='ocr_line' id='line_1_30' title="bbox 1882 1623 3458 1695; baseline 0.004 -17"><span class='ocrx_word' id='word_1_196' title='bbox 1882 1624 1967 1679; x_wconf 89' lang='lat' dir='ltr'><strong>nis</strong></span> <span class='ocrx_word' id='word_1_197' title='bbox 1990 1624 2171 1678; x_wconf 76' lang='lat' dir='ltr'><strong>Mariae</strong></span> <span class='ocrx_word' id='word_1_198' title='bbox 2197 1623 2389 1693; x_wconf 82' lang='lat' dir='ltr'><strong>altare,</strong></span> <span class='ocrx_word' id='word_1_199' title='bbox 2420 1623 2611 1680; x_wconf 85' lang='lat' dir='ltr'><strong>Rhemi</strong></span> <span class='ocrx_word' id='word_1_200' title='bbox 2642 1626 2694 1681; x_wconf 91' lang='lat' dir='ltr'><strong>in</strong></span> <span class='ocrx_word' id='word_1_201' title='bbox 2718 1628 3095 1695; x_wconf 85' lang='lat' dir='ltr'><strong>imperatorem</strong></span> <span class='ocrx_word' id='word_1_202' title='bbox 3126 1638 3209 1683; x_wconf 82' lang='lat' dir='ltr'><strong>est</strong></span> <span class='ocrx_word' id='word_1_203' title='bbox 3230 1645 3458 1685; x_wconf 85' lang='lat' dir='ltr'><strong>corona-</strong></span> 
     </span>
    </p>
   </div>
   <div class='ocr_carea' id='block_1_31' title="bbox 1886 1714 3460 1789">
    <p class='ocr_par' dir='ltr' id='par_1_31' title="bbox 1886 1714 3460 1789">
     <span class='ocr_line' id='line_1_31' title="bbox 1886 1714 3460 1789; baseline 0.006 -22"><span class='ocrx_word' id='word_1_204' title='bbox 1886 1723 1990 1777; x_wconf 83' lang='lat' dir='ltr'><strong>tus,</strong></span> <span class='ocrx_word' id='word_1_205' title='bbox 2019 1723 2074 1769; x_wconf 91' lang='lat' dir='ltr'><strong>et</strong></span> <span class='ocrx_word' id='word_1_206' title='bbox 2097 1714 2310 1768; x_wconf 89' lang='lat' dir='ltr'><strong>demum</strong></span> <span class='ocrx_word' id='word_1_207' title='bbox 2342 1714 2574 1769; x_wconf 73' lang='lat' dir='ltr'><strong>factione</strong></span> <span class='ocrx_word' id='word_1_208' title='bbox 2603 1718 2958 1784; x_wconf 87' lang='lat' dir='ltr'><strong>quorumdam</strong></span> <span class='ocrx_word' id='word_1_209' title='bbox 2987 1727 3202 1774; x_wconf 89' lang='lat' dir='ltr'><strong>terreno</strong></span> <span class='ocrx_word' id='word_1_210' title='bbox 3229 1720 3460 1789; x_wconf 88' lang='lat' dir='ltr'><strong>imperio</strong></span> 
     </span>
    </p>
   </div>
   <div class='ocr_carea' id='block_1_32' title="bbox 191 1790 3459 1879">
    <p class='ocr_par' dir='ltr' id='par_1_32' title="bbox 191 1790 3459 1879">
     <span class='ocr_line' id='line_1_32' title="bbox 191 1790 3459 1879; baseline 0.006 -30"><span class='ocrx_word' id='word_1_211' title='bbox 191 1790 439 1876; x_wconf 61' lang='grc' dir='ltr'><strong>Βειεῑίῃ,</strong></span> <span class='ocrx_word' id='word_1_212' title='bbox 469 1823 590 1862; x_wconf 73' lang='lat' dir='ltr'><strong>cum</strong></span> <span class='ocrx_word' id='word_1_213' title='bbox 640 1808 740 1863; x_wconf 79' lang='lat' dir='ltr'><strong>sibi</strong></span> <span class='ocrx_word' id='word_1_214' title='bbox 785 1811 1086 1866; x_wconf 75' lang='lat' dir='ltr'><strong>commissis</strong></span> <span class='ocrx_word' id='word_1_215' title='bbox 1130 1813 1404 1878; x_wconf 58' lang='lat' dir='ltr'><strong>Ecciesiis,</strong></span> <span class='ocrx_word' id='word_1_216' title='bbox 1460 1790 1675 1870; x_wconf 65' lang='grc' dir='ltr'><strong>εονοι-ᾇε</strong></span> <span class='ocrx_word' id='word_1_217' title='bbox 1724 1824 1780 1870; x_wconf 71' lang='grc' dir='ltr'>οι</span> <span class='ocrx_word' id='word_1_218' title='bbox 1810 1790 1854 1850; x_wconf 84' lang='grc' dir='ltr'><strong>Β</strong></span> <span class='ocrx_word' id='word_1_219' title='bbox 1883 1805 2189 1870; x_wconf 90' lang='lat' dir='ltr'><strong>destitutus,</strong></span> <span class='ocrx_word' id='word_1_220' title='bbox 2238 1805 2290 1859; x_wconf 92' lang='lat' dir='ltr'><strong>in</strong></span> <span class='ocrx_word' id='word_1_221' title='bbox 2341 1806 2650 1875; x_wconf 60' lang='lat' dir='ltr'><strong>praedictam</strong></span> <span class='ocrx_word' id='word_1_222' title='bbox 2676 1809 3072 1879; x_wconf 86' lang='lat' dir='ltr'><strong>regnipartem,</strong></span> <span class='ocrx_word' id='word_1_223' title='bbox 3102 1811 3459 1869; x_wconf 83' lang='lat' dir='ltr'><strong>unanimitate</strong></span> 
     </span>
    </p>
   </div>
   <div class='ocr_carea' id='block_1_33' title="bbox 192 1896 1779 1965">
    <p class='ocr_par' dir='ltr' id='par_1_33' title="bbox 192 1896 1779 1965">
     <span class='ocr_line' id='line_1_33' title="bbox 192 1896 1779 1965; baseline 0.008 -18"><span class='ocrx_word' id='word_1_224' title='bbox 192 1896 682 1965; x_wconf 83' lang='lat' dir='ltr'><strong>comprovinciales</strong></span> <span class='ocrx_word' id='word_1_225' title='bbox 712 1897 995 1963; x_wconf 86' lang='lat' dir='ltr'><strong>habentur,</strong></span> <span class='ocrx_word' id='word_1_226' title='bbox 1029 1902 1167 1955; x_wconf 90' lang='lat' dir='ltr'><strong>sicut</strong></span> <span class='ocrx_word' id='word_1_227' title='bbox 1197 1904 1492 1957; x_wconf 79' lang='lat' dir='ltr'><strong>auctoritas</strong></span> <span class='ocrx_word' id='word_1_228' title='bbox 1520 1904 1779 1959; x_wconf 85' lang='lat' dir='ltr'><strong>ecclesia-</strong></span> 
     </span>
    </p>
   </div>
   <div class='ocr_carea' id='block_1_34' title="bbox 190 1970 1781 2057">
    <p class='ocr_par' dir='ltr' id='par_1_34' title="bbox 190 1970 1781 2057">
     <span class='ocr_line' id='line_1_34' title="bbox 190 1970 1781 2057; baseline 0.008 -20"><span class='ocrx_word' id='word_1_229' title='bbox 190 1985 334 2038; x_wconf 89' lang='lat' dir='ltr'><strong>stica</strong></span> <span class='ocrx_word' id='word_1_230' title='bbox 391 1995 446 2041; x_wconf 91' lang='lat' dir='ltr'><strong>et</strong></span> <span class='ocrx_word' id='word_1_231' title='bbox 494 1988 868 2057; x_wconf 82' lang='lat' dir='ltr'><strong>antiquissima</strong></span> <span class='ocrx_word' id='word_1_232' title='bbox 916 1970 1250 2047; x_wconf 62' lang='lat' dir='ltr'><strong>demonstrat</strong></span> <span class='ocrx_word' id='word_1_233' title='bbox 1297 1996 1675 2049; x_wconf 82' lang='lat' dir='ltr'><strong>consuetudo:</strong></span> <span class='ocrx_word' id='word_1_234' title='bbox 1715 2011 1781 2051; x_wconf 89' lang='lat' dir='ltr'><strong>ac</strong></span> 
     </span>
    </p>
   </div>
   <div class='ocr_carea' id='block_1_35' title="bbox 191 2080 1782 2158">
    <p class='ocr_par' dir='ltr' id='par_1_35' title="bbox 191 2080 1782 2158">
     <span class='ocr_line' id='line_1_35' title="bbox 191 2080 1782 2158; baseline 0.007 -26"><span class='ocrx_word' id='word_1_235' title='bbox 191 2093 299 2146; x_wconf 85' lang='lat' dir='ltr'><strong>per</strong></span> <span class='ocrx_word' id='word_1_236' title='bbox 320 2080 425 2134; x_wconf 91' lang='lat' dir='ltr'><strong>hoc</strong></span> <span class='ocrx_word' id='word_1_237' title='bbox 455 2082 697 2136; x_wconf 90' lang='lat' dir='ltr'><strong>unanimi</strong></span> <span class='ocrx_word' id='word_1_238' title='bbox 729 2098 991 2139; x_wconf 86' lang='lat' dir='ltr'><strong>consensu</strong></span> <span class='ocrx_word' id='word_1_239' title='bbox 1022 2094 1076 2139; x_wconf 92' lang='lat' dir='ltr'><strong>et</strong></span> <span class='ocrx_word' id='word_1_240' title='bbox 1101 2086 1374 2158; x_wconf 85' lang='lat' dir='ltr'><strong>synodalia</strong></span> <span class='ocrx_word' id='word_1_241' title='bbox 1396 2086 1596 2156; x_wconf 90' lang='lat' dir='ltr'><strong>judicia</strong></span> <span class='ocrx_word' id='word_1_242' title='bbox 1625 2104 1782 2143; x_wconf 53' lang='lat' dir='ltr'><strong>exere</strong></span> 
     </span>
    </p>
   </div>
   <div class='ocr_carea' id='block_1_36' title="bbox 191 2173 1776 2245">
    <p class='ocr_par' dir='ltr' id='par_1_36' title="bbox 191 2173 1776 2245">
     <span class='ocr_line' id='line_1_36' title="bbox 191 2173 1776 2245; baseline 0.008 -24"><span class='ocrx_word' id='word_1_243' title='bbox 191 2184 346 2234; x_wconf 81' lang='lat' dir='ltr'><strong>cere,</strong></span> <span class='ocrx_word' id='word_1_244' title='bbox 396 2178 452 2225; x_wconf 87' lang='lat' dir='ltr'><strong>et</strong></span> <span class='ocrx_word' id='word_1_245' title='bbox 489 2186 610 2239; x_wconf 70' lang='lat' dir='ltr'><strong>qua:</strong></span> <span class='ocrx_word' id='word_1_246' title='bbox 659 2186 689 2225; x_wconf 91' lang='lat' dir='ltr'><strong>a</strong></span> <span class='ocrx_word' id='word_1_247' title='bbox 740 2174 942 2229; x_wconf 86' lang='lat' dir='ltr'><strong>sanctis</strong></span> <span class='ocrx_word' id='word_1_248' title='bbox 990 2173 1241 2231; x_wconf 86' lang='lat' dir='ltr'><strong>Patribus</strong></span> <span class='ocrx_word' id='word_1_249' title='bbox 1289 2179 1579 2232; x_wconf 88' lang='lat' dir='ltr'><strong>constituta</strong></span> <span class='ocrx_word' id='word_1_250' title='bbox 1631 2188 1776 2245; x_wconf 91' lang='lat' dir='ltr'><strong>sunt,</strong></span> 
     </span>
    </p>
   </div>
   <div class='ocr_carea' id='block_1_37' title="bbox 190 2258 1778 2340">
    <p class='ocr_par' dir='ltr' id='par_1_37' title="bbox 190 2258 1778 2340">
     <span class='ocr_line' id='line_1_37' title="bbox 190 2258 1778 2340; baseline 0.008 -26"><span class='ocrx_word' id='word_1_251' title='bbox 190 2258 763 2318; x_wconf 84' lang='lat' dir='ltr'><strong>debenteoncorditer</strong></span> <span class='ocrx_word' id='word_1_252' title='bbox 790 2266 1082 2327; x_wconf 87' lang='lat' dir='ltr'><strong>custodire,</strong></span> <span class='ocrx_word' id='word_1_253' title='bbox 1131 2267 1233 2322; x_wconf 89' lang='lat' dir='ltr'><strong>hac</strong></span> <span class='ocrx_word' id='word_1_254' title='bbox 1277 2270 1543 2340; x_wconf 82' lang='lat' dir='ltr'><strong>privilegii</strong></span> <span class='ocrx_word' id='word_1_255' title='bbox 1587 2271 1778 2326; x_wconf 86' lang='lat' dir='ltr'><strong>condi-</strong></span> 
     </span>
    </p>
   </div>
   <div class='ocr_carea' id='block_1_38' title="bbox 191 2349 1777 2423">
    <p class='ocr_par' dir='ltr' id='par_1_38' title="bbox 191 2349 1777 2423">
     <span class='ocr_line' id='line_1_38' title="bbox 191 2349 1777 2423; baseline 0.009 -20"><span class='ocrx_word' id='word_1_256' title='bbox 191 2349 346 2404; x_wconf 85' lang='lat' dir='ltr'><strong>tione</strong></span> <span class='ocrx_word' id='word_1_257' title='bbox 369 2362 603 2415; x_wconf 88' lang='lat' dir='ltr'><strong>servata,</strong></span> <span class='ocrx_word' id='word_1_258' title='bbox 627 2361 686 2406; x_wconf 92' lang='lat' dir='ltr'><strong>ut</strong></span> <span class='ocrx_word' id='word_1_259' title='bbox 710 2353 799 2423; x_wconf 88' lang='lat' dir='ltr'><strong>qui</strong></span> <span class='ocrx_word' id='word_1_260' title='bbox 824 2354 971 2423; x_wconf 85' lang='lat' dir='ltr'><strong>prior</strong></span> <span class='ocrx_word' id='word_1_261' title='bbox 997 2356 1060 2408; x_wconf 88' lang='lat' dir='ltr'><strong>de</strong></span> <span class='ocrx_word' id='word_1_262' title='bbox 1083 2355 1369 2413; x_wconf 82' lang='lat' dir='ltr'><strong>Rbemensi</strong></span> <span class='ocrx_word' id='word_1_263' title='bbox 1394 2369 1445 2414; x_wconf 91' lang='lat' dir='ltr'><strong>et</strong></span> <span class='ocrx_word' id='word_1_264' title='bbox 1470 2359 1777 2417; x_wconf 88' lang='lat' dir='ltr'><strong>Trevireusi</strong></span> 
     </span>
    </p>
   </div>
   <div class='ocr_carea' id='block_1_39' title="bbox 190 2439 1667 2515">
    <p class='ocr_par' dir='ltr' id='par_1_39' title="bbox 190 2439 1667 2515">
     <span class='ocr_line' id='line_1_39' title="bbox 190 2439 1667 2515; baseline 0.01 -24"><span class='ocrx_word' id='word_1_265' title='bbox 190 2440 470 2509; x_wconf 73' lang='lat' dir='ltr'><strong>episcoiiis</strong></span> <span class='ocrx_word' id='word_1_266' title='bbox 496 2439 659 2495; x_wconf 81' lang='lat' dir='ltr'><strong>fuerit</strong></span> <span class='ocrx_word' id='word_1_267' title='bbox 683 2443 982 2509; x_wconf 87' lang='lat' dir='ltr'><strong>ordinatus,</strong></span> <span class='ocrx_word' id='word_1_268' title='bbox 1013 2446 1164 2515; x_wconf 83' lang='lat' dir='ltr'><strong>prior</strong></span> <span class='ocrx_word' id='word_1_269' title='bbox 1191 2448 1354 2501; x_wconf 86' lang='lat' dir='ltr'><strong>etiam</strong></span> <span class='ocrx_word' id='word_1_270' title='bbox 1387 2450 1667 2506; x_wconf 87' lang='lat' dir='ltr'><strong>habeatur.</strong></span> 
     </span>
    </p>
   </div>
   <div class='ocr_carea' id='block_1_40' title="bbox 268 2529 1773 2609">
    <p class='ocr_par' dir='ltr' id='par_1_40' title="bbox 268 2529 1773 2609">
     <span class='ocr_line' id='line_1_40' title="bbox 268 2529 1773 2609; baseline 0.01 -27"><span class='ocrx_word' id='word_1_271' title='bbox 268 2529 400 2583; x_wconf 68' lang='lat' dir='ltr'><strong>Car.</strong></span> <span class='ocrx_word' id='word_1_272' title='bbox 428 2530 489 2583; x_wconf 92' lang='lat' dir='ltr'><strong>ll.</strong></span> <span class='ocrx_word' id='word_1_273' title='bbox 529 2531 595 2585; x_wconf 85' lang='lat' dir='ltr'><strong>Et</strong></span> <span class='ocrx_word' id='word_1_274' title='bbox 621 2532 702 2586; x_wconf 81' lang='lat' dir='ltr'><strong>lex</strong></span> <span class='ocrx_word' id='word_1_275' title='bbox 727 2533 981 2588; x_wconf 85' lang='lat' dir='ltr'><strong>divinitus</strong></span> <span class='ocrx_word' id='word_1_276' title='bbox 1005 2536 1262 2607; x_wconf 89' lang='lat' dir='ltr'><strong>inspirata</strong></span> <span class='ocrx_word' id='word_1_277' title='bbox 1287 2540 1530 2609; x_wconf 70' lang='lat' dir='ltr'><strong>pmcipit</strong></span> <span class='ocrx_word' id='word_1_278' title='bbox 1554 2542 1773 2597; x_wconf 87' lang='lat' dir='ltr'><strong>dicens:</strong></span> 
     </span>
    </p>
   </div>
   <div class='ocr_carea' id='block_1_41' title="bbox 192 2613 1774 2700">
    <p class='ocr_par' dir='ltr' id='par_1_41' title="bbox 192 2613 1774 2700">
     <span class='ocr_line' id='line_1_41' title="bbox 192 2613 1774 2700; baseline 0.01 -31"><span class='ocrx_word' id='word_1_279' title='bbox 192 2613 259 2670; x_wconf 87' lang='lat' dir='ltr'><strong>Si</strong></span> <span class='ocrx_word' id='word_1_280' title='bbox 302 2620 578 2673; x_wconf 86' lang='lat' dir='ltr'><strong>transieris</strong></span> <span class='ocrx_word' id='word_1_281' title='bbox 618 2637 711 2691; x_wconf 83' lang='lat' dir='ltr'><strong>per</strong></span> <span class='ocrx_word' id='word_1_282' title='bbox 748 2638 961 2677; x_wconf 78' lang='lat' dir='ltr'><strong>messem</strong></span> <span class='ocrx_word' id='word_1_283' title='bbox 1006 2626 1163 2678; x_wconf 80' lang='lat' dir='ltr'><strong>amici</strong></span> <span class='ocrx_word' id='word_1_284' title='bbox 1194 2628 1270 2680; x_wconf 88' lang='lat' dir='ltr'><strong>lui</strong></span> <span class='ocrx_word' id='word_1_285' title='bbox 1312 2628 1555 2699; x_wconf 75' lang='lat' dir='ltr'><strong>colligens</strong></span> <span class='ocrx_word' id='word_1_286' title='bbox 1584 2629 1774 2700; x_wconf 80' lang='lat' dir='ltr'><strong>spicas,</strong></span> 
     </span>
    </p>
   </div>
   <div class='ocr_carea' id='block_1_42' title="bbox 189 2709 1776 2782">
    <p class='ocr_par' dir='ltr' id='par_1_42' title="bbox 189 2709 1776 2782">
     <span class='ocr_line' id='line_1_42' title="bbox 189 2709 1776 2782; baseline 0.011 -23"><span class='ocrx_word' id='word_1_287' title='bbox 189 2722 361 2760; x_wconf 79' lang='lat' dir='ltr'><strong>manu</strong></span> <span class='ocrx_word' id='word_1_288' title='bbox 389 2709 704 2779; x_wconf 73' lang='lat' dir='ltr'><strong>confricabis</strong></span> <span class='ocrx_word' id='word_1_289' title='bbox 743 2712 812 2766; x_wconf 85' lang='lat' dir='ltr'><strong>ad</strong></span> <span class='ocrx_word' id='word_1_290' title='bbox 858 2714 1305 2782; x_wconf 83' lang='lat' dir='ltr'><strong>manducandum,</strong></span> <span class='ocrx_word' id='word_1_291' title='bbox 1354 2717 1544 2774; x_wconf 82' lang='lat' dir='ltr'><strong>falcem</strong></span> <span class='ocrx_word' id='word_1_292' title='bbox 1595 2730 1776 2776; x_wconf 89' lang='lat' dir='ltr'><strong>autem</strong></span> 
     </span>
    </p>
   </div>
   <div class='ocr_carea' id='block_1_43' title="bbox 191 2800 1774 2884">
    <p class='ocr_par' dir='ltr' id='par_1_43' title="bbox 191 2800 1774 2884">
     <span class='ocr_line' id='line_1_43' title="bbox 191 2800 1774 2884; baseline 0.01 -33"><span class='ocrx_word' id='word_1_293' title='bbox 191 2812 304 2852; x_wconf 88' lang='lat' dir='ltr'><strong>non</strong></span> <span class='ocrx_word' id='word_1_294' title='bbox 348 2800 552 2866; x_wconf 89' lang='lat' dir='ltr'><strong>mittas,</strong></span> <span class='ocrx_word' id='word_1_295' title='bbox 587 2802 670 2855; x_wconf 88' lang='lat' dir='ltr'><strong>vel</strong></span> <span class='ocrx_word' id='word_1_296' title='bbox 714 2802 847 2872; x_wconf 80' lang='lat' dir='ltr'><strong>falce</strong></span> <span class='ocrx_word' id='word_1_297' title='bbox 896 2822 996 2859; x_wconf 85' lang='lat' dir='ltr'><strong>non</strong></span> <span class='ocrx_word' id='word_1_298' title='bbox 1044 2817 1205 2861; x_wconf 84' lang='lat' dir='ltr'><strong>metas</strong></span> <span class='ocrx_word' id='word_1_299' title='bbox 1250 2808 1428 2879; x_wconf 83' lang='lat' dir='ltr'><strong>(Deut.</strong></span> <span class='ocrx_word' id='word_1_300' title='bbox 1469 2826 1625 2877; x_wconf 62' lang='grc' dir='ltr'>χχιιι,</span> <span class='ocrx_word' id='word_1_301' title='bbox 1658 2812 1774 2884; x_wconf 72' lang='lat'><strong>25).</strong></span> 
     </span>
    </p>
   </div>
   <div class='ocr_carea' id='block_1_44' title="bbox 190 2885 1777 2974">
    <p class='ocr_par' dir='ltr' id='par_1_44' title="bbox 190 2885 1777 2974">
     <span class='ocr_line' id='line_1_44' title="bbox 190 2885 1777 2974; baseline 0.009 -33"><span class='ocrx_word' id='word_1_302' title='bbox 190 2885 395 2944; x_wconf 68' lang='lat' dir='ltr'><strong>Bessis</strong></span> <span class='ocrx_word' id='word_1_303' title='bbox 419 2900 501 2945; x_wconf 92' lang='lat' dir='ltr'><strong>est</strong></span> <span class='ocrx_word' id='word_1_304' title='bbox 531 2893 778 2961; x_wconf 89' lang='lat' dir='ltr'><strong>populus,</strong></span> <span class='ocrx_word' id='word_1_305' title='bbox 812 2904 870 2947; x_wconf 91' lang='lat' dir='ltr'><strong>ut</strong></span> <span class='ocrx_word' id='word_1_306' title='bbox 912 2895 1169 2950; x_wconf 88' lang='lat' dir='ltr'><strong>Dominus</strong></span> <span class='ocrx_word' id='word_1_307' title='bbox 1211 2907 1475 2974; x_wconf 62' lang='lat' dir='ltr'><strong>tuonstrpt</strong></span> <span class='ocrx_word' id='word_1_308' title='bbox 1507 2901 1558 2955; x_wconf 93' lang='lat' dir='ltr'><strong>in</strong></span> <span class='ocrx_word' id='word_1_309' title='bbox 1601 2901 1777 2957; x_wconf 82' lang='lat' dir='ltr'><strong>Evan-</strong></span> 
     </span>
    </p>
   </div>
   <div class='ocr_carea' id='block_1_45' title="bbox 190 2979 1775 3060">
    <p class='ocr_par' dir='ltr' id='par_1_45' title="bbox 190 2979 1775 3060">
     <span class='ocr_line' id='line_1_45' title="bbox 190 2979 1775 3060; baseline 0.009 -28"><span class='ocrx_word' id='word_1_310' title='bbox 190 2979 362 3049; x_wconf 86' lang='lat' dir='ltr'><strong>gelio,</strong></span> <span class='ocrx_word' id='word_1_311' title='bbox 383 2980 566 3036; x_wconf 78' lang='lat' dir='ltr'><strong>dicetis</strong></span> <span class='ocrx_word' id='word_1_312' title='bbox 588 3000 600 3034; x_wconf 90' lang='lat'><strong>:</strong></span> <span class='ocrx_word' id='word_1_313' title='bbox 626 2981 812 3037; x_wconf 69' lang='lat' dir='ltr'><strong>Messi;</strong></span> <span class='ocrx_word' id='word_1_314' title='bbox 826 2985 1029 3055; x_wconf 82' lang='lat' dir='ltr'><strong>quidem</strong></span> <span class='ocrx_word' id='word_1_315' title='bbox 1051 2996 1123 3042; x_wconf 84' lang='lat' dir='ltr'><strong>est</strong></span> <span class='ocrx_word' id='word_1_316' title='bbox 1145 2987 1328 3054; x_wconf 84' lang='lat' dir='ltr'><strong>multa,</strong></span> <span class='ocrx_word' id='word_1_317' title='bbox 1356 2991 1580 3060; x_wconf 78' lang='lat' dir='ltr'><strong>operarii</strong></span> <span class='ocrx_word' id='word_1_318' title='bbox 1602 3004 1775 3047; x_wconf 83' lang='lat' dir='ltr'><strong>autem</strong></span> 
     </span>
    </p>
   </div>
   <div class='ocr_carea' id='block_1_46' title="bbox 188 3071 1774 3153">
    <p class='ocr_par' dir='ltr' id='par_1_46' title="bbox 188 3071 1774 3153">
     <span class='ocr_line' id='line_1_46' title="bbox 188 3071 1774 3153; baseline 0.011 -32"><span class='ocrx_word' id='word_1_319' title='bbox 188 3071 373 3138; x_wconf 84' lang='lat' dir='ltr'><strong>pauci.</strong></span> <span class='ocrx_word' id='word_1_320' title='bbox 432 3071 627 3143; x_wconf 79' lang='lat' dir='ltr'><strong>Rogata</strong></span> <span class='ocrx_word' id='word_1_321' title='bbox 655 3074 919 3130; x_wconf 85' lang='lat' dir='ltr'><strong>dominum</strong></span> <span class='ocrx_word' id='word_1_322' title='bbox 956 3079 1153 3141; x_wconf 80' lang='lat' dir='ltr'><strong>messis,</strong></span> <span class='ocrx_word' id='word_1_323' title='bbox 1194 3091 1246 3132; x_wconf 80' lang='lat' dir='ltr'><strong>nt</strong></span> <span class='ocrx_word' id='word_1_324' title='bbox 1293 3082 1463 3135; x_wconf 76' lang='lat' dir='ltr'><strong>titillat</strong></span> <span class='ocrx_word' id='word_1_325' title='bbox 1510 3085 1774 3153; x_wconf 71' lang='lat' dir='ltr'><strong>operari.s</strong></span> 
     </span>
    </p>
   </div>
   <div class='ocr_carea' id='block_1_47' title="bbox 188 3132 1846 3245">
    <p class='ocr_par' dir='ltr' id='par_1_47' title="bbox 188 3132 1846 3245">
     <span class='ocr_line' id='line_1_47' title="bbox 188 3132 1846 3245; baseline 0.012 -33"><span class='ocrx_word' id='word_1_326' title='bbox 188 3132 250 3213; x_wconf 71' lang='lat' dir='ltr'><strong>in</strong></span> <span class='ocrx_word' id='word_1_327' title='bbox 291 3132 691 3217; x_wconf 48' lang='lat' dir='ltr'><strong>messemvsuam</strong></span> <span class='ocrx_word' id='word_1_328' title='bbox 731 3166 942 3236; x_wconf 80' lang='lat' dir='ltr'><strong>(Matth.</strong></span> <span class='ocrx_word' id='word_1_329' title='bbox 984 3185 1057 3231; x_wconf 81' lang='lat' dir='ltr'><strong>ix,</strong></span> <span class='ocrx_word' id='word_1_330' title='bbox 1099 3132 1188 3233; x_wconf 51' lang='grc' dir='ltr'><strong>ὅθ,</strong></span> <span class='ocrx_word' id='word_1_331' title='bbox 1223 3132 1773 3245; x_wconf 79' lang='grc'><strong>58)</strong></span> <span class='ocrx_word' id='word_1_332' title='bbox 1801 3132 1846 3195; x_wconf 79' lang='lat' dir='ltr'>C</span> 
     </span>
    </p>
   </div>
   <div class='ocr_carea' id='block_1_48' title="bbox 191 3253 1769 3335">
    <p class='ocr_par' dir='ltr' id='par_1_48' title="bbox 191 3253 1769 3335">
     <span class='ocr_line' id='line_1_48' title="bbox 191 3253 1769 3335; baseline 0.011 -32"><span class='ocrx_word' id='word_1_333' title='bbox 191 3253 355 3307; x_wconf 80' lang='lat' dir='ltr'><strong>nobis</strong></span> <span class='ocrx_word' id='word_1_334' title='bbox 384 3253 648 3324; x_wconf 87' lang='lat' dir='ltr'><strong>episcopis</strong></span> <span class='ocrx_word' id='word_1_335' title='bbox 674 3257 879 3312; x_wconf 81' lang='lat' dir='ltr'><strong>debetis</strong></span> <span class='ocrx_word' id='word_1_336' title='bbox 916 3274 1094 3324; x_wconf 90' lang='lat' dir='ltr'><strong>orare,</strong></span> <span class='ocrx_word' id='word_1_337' title='bbox 1141 3272 1199 3315; x_wconf 92' lang='lat' dir='ltr'><strong>ut</strong></span> <span class='ocrx_word' id='word_1_338' title='bbox 1239 3261 1389 3317; x_wconf 86' lang='lat' dir='ltr'><strong>vobis</strong></span> <span class='ocrx_word' id='word_1_339' title='bbox 1414 3266 1572 3335; x_wconf 82' lang='lat' dir='ltr'><strong>digne</strong></span> <span class='ocrx_word' id='word_1_340' title='bbox 1603 3267 1769 3335; x_wconf 88' lang='lat' dir='ltr'><strong>possi-</strong></span> 
     </span>
    </p>
   </div>
   <div class='ocr_carea' id='block_1_49' title="bbox 191 3344 1770 3424">
    <p class='ocr_par' dir='ltr' id='par_1_49' title="bbox 191 3344 1770 3424">
     <span class='ocr_line' id='line_1_49' title="bbox 191 3344 1770 3424; baseline 0.01 -29"><span class='ocrx_word' id='word_1_341' title='bbox 191 3358 320 3396; x_wconf 89' lang='lat' dir='ltr'><strong>mus</strong></span> <span class='ocrx_word' id='word_1_342' title='bbox 375 3344 540 3413; x_wconf 80' lang='lat' dir='ltr'><strong>loqui.</strong></span> <span class='ocrx_word' id='word_1_343' title='bbox 612 3345 800 3401; x_wconf 85' lang='lat' dir='ltr'><strong>Messis</strong></span> <span class='ocrx_word' id='word_1_344' title='bbox 852 3358 1031 3403; x_wconf 91' lang='lat' dir='ltr'><strong>autem</strong></span> <span class='ocrx_word' id='word_1_345' title='bbox 1081 3352 1240 3405; x_wconf 86' lang='lat' dir='ltr'><strong>amici</strong></span> <span class='ocrx_word' id='word_1_346' title='bbox 1297 3363 1380 3407; x_wconf 91' lang='lat' dir='ltr'><strong>est</strong></span> <span class='ocrx_word' id='word_1_347' title='bbox 1431 3354 1657 3424; x_wconf 86' lang='lat' dir='ltr'><strong>populus</strong></span> <span class='ocrx_word' id='word_1_348' title='bbox 1717 3358 1770 3413; x_wconf 92' lang='lat' dir='ltr'><strong>in</strong></span> 
     </span>
    </p>
   </div>
   <div class='ocr_carea' id='block_1_50' title="bbox 187 3436 1837 3511">
    <p class='ocr_par' dir='ltr' id='par_1_50' title="bbox 187 3436 1837 3511">
     <span class='ocr_line' id='line_1_50' title="bbox 187 3436 1837 3511; baseline 0.013 -26"><span class='ocrx_word' id='word_1_349' title='bbox 187 3436 472 3503; x_wconf 80' lang='lat' dir='ltr'><strong>provincia</strong></span> <span class='ocrx_word' id='word_1_350' title='bbox 504 3438 659 3493; x_wconf 87' lang='lat' dir='ltr'><strong>alteri</strong></span> <span class='ocrx_word' id='word_1_351' title='bbox 694 3442 1102 3511; x_wconf 81' lang='lat' dir='ltr'><strong>tuctrOpulitano</strong></span> <span class='ocrx_word' id='word_1_352' title='bbox 1125 3448 1431 3502; x_wconf 88' lang='lat' dir='ltr'><strong>commissa.</strong></span> <span class='ocrx_word' id='word_1_353' title='bbox 1483 3447 1633 3504; x_wconf 89' lang='lat' dir='ltr'><strong>Unde</strong></span> <span class='ocrx_word' id='word_1_354' title='bbox 1678 3464 1774 3505; x_wconf 86' lang='lat' dir='ltr'><strong>vos</strong></span> <span class='ocrx_word' id='word_1_355' title='bbox 1834 3500 1837 3505; x_wconf 90' lang='lat'><strong>.</strong></span> 
     </span>
    </p>
   </div>
   <div class='ocr_carea' id='block_1_51' title="bbox 189 3525 1774 3605">
    <p class='ocr_par' dir='ltr' id='par_1_51' title="bbox 189 3525 1774 3605">
     <span class='ocr_line' id='line_1_51' title="bbox 189 3525 1774 3605; baseline 0.011 -26"><span class='ocrx_word' id='word_1_356' title='bbox 189 3525 484 3593; x_wconf 87' lang='lat' dir='ltr'><strong>hortando,</strong></span> <span class='ocrx_word' id='word_1_357' title='bbox 528 3531 678 3600; x_wconf 89' lang='lat' dir='ltr'><strong>quasi</strong></span> <span class='ocrx_word' id='word_1_358' title='bbox 724 3547 883 3587; x_wconf 85' lang='lat' dir='ltr'><strong>manu</strong></span> <span class='ocrx_word' id='word_1_359' title='bbox 926 3537 1108 3603; x_wconf 85' lang='lat' dir='ltr'><strong>Operis</strong></span> <span class='ocrx_word' id='word_1_360' title='bbox 1151 3536 1519 3605; x_wconf 79' lang='lat' dir='ltr'><strong>confricando,</strong></span> <span class='ocrx_word' id='word_1_361' title='bbox 1570 3541 1638 3594; x_wconf 89' lang='lat' dir='ltr'><strong>ad</strong></span> <span class='ocrx_word' id='word_1_362' title='bbox 1679 3541 1774 3596; x_wconf 87' lang='lat' dir='ltr'><strong>Dei</strong></span> 
     </span>
    </p>
   </div>
   <div class='ocr_carea' id='block_1_52' title="bbox 191 3616 1773 3696">
    <p class='ocr_par' dir='ltr' id='par_1_52' title="bbox 191 3616 1773 3696">
     <span class='ocr_line' id='line_1_52' title="bbox 191 3616 1773 3696; baseline 0.011 -30"><span class='ocrx_word' id='word_1_363' title='bbox 191 3616 547 3682; x_wconf 79' lang='lat' dir='ltr'><strong>voluntatem,</strong></span> <span class='ocrx_word' id='word_1_364' title='bbox 583 3627 637 3672; x_wconf 89' lang='lat' dir='ltr'><strong>et</strong></span> <span class='ocrx_word' id='word_1_365' title='bbox 666 3630 900 3674; x_wconf 85' lang='lat' dir='ltr'><strong>vestram</strong></span> <span class='ocrx_word' id='word_1_366' title='bbox 932 3623 1160 3679; x_wconf 83' lang='lat' dir='ltr'><strong>salutem</strong></span> <span class='ocrx_word' id='word_1_367' title='bbox 1211 3625 1264 3680; x_wconf 92' lang='lat' dir='ltr'><strong>iu</strong></span> <span class='ocrx_word' id='word_1_368' title='bbox 1307 3641 1502 3696; x_wconf 91' lang='lat' dir='ltr'><strong>corpus</strong></span> <span class='ocrx_word' id='word_1_369' title='bbox 1550 3629 1773 3685; x_wconf 84' lang='lat' dir='ltr'><strong>unitatis</strong></span> 
     </span>
    </p>
   </div>
   <div class='ocr_carea' id='block_1_53' title="bbox 192 3703 1772 3786">
    <p class='ocr_par' dir='ltr' id='par_1_53' title="bbox 192 3703 1772 3786">
     <span class='ocr_line' id='line_1_53' title="bbox 192 3703 1772 3786; baseline 0.008 -28"><span class='ocrx_word' id='word_1_370' title='bbox 192 3703 452 3759; x_wconf 69' lang='lat' dir='ltr'><strong>Ecclesia:</strong></span> <span class='ocrx_word' id='word_1_371' title='bbox 474 3706 711 3761; x_wconf 82' lang='lat' dir='ltr'><strong>valemus</strong></span> <span class='ocrx_word' id='word_1_372' title='bbox 736 3719 791 3764; x_wconf 89' lang='lat' dir='ltr'><strong>et</strong></span> <span class='ocrx_word' id='word_1_373' title='bbox 814 3710 1069 3765; x_wconf 87' lang='lat' dir='ltr'><strong>debemus</strong></span> <span class='ocrx_word' id='word_1_374' title='bbox 1092 3711 1339 3781; x_wconf 88' lang='lat' dir='ltr'><strong>trajicere</strong></span> <span class='ocrx_word' id='word_1_375' title='bbox 1372 3733 1385 3769; x_wconf 94' lang='lat'><strong>:</strong></span> <span class='ocrx_word' id='word_1_376' title='bbox 1413 3717 1463 3769; x_wconf 92' lang='lat' dir='ltr'><strong>iu</strong></span> <span class='ocrx_word' id='word_1_377' title='bbox 1489 3719 1772 3786; x_wconf 83' lang='lat' dir='ltr'><strong>parochia-</strong></span> 
     </span>
    </p>
   </div>
   <div class='ocr_carea' id='block_1_54' title="bbox 194 3792 1777 3876">
    <p class='ocr_par' dir='ltr' id='par_1_54' title="bbox 194 3792 1777 3876">
     <span class='ocr_line' id='line_1_54' title="bbox 194 3792 1777 3876; baseline 0.009 -27"><span class='ocrx_word' id='word_1_378' title='bbox 194 3812 296 3849; x_wconf 91' lang='lat' dir='ltr'><strong>nos</strong></span> <span class='ocrx_word' id='word_1_379' title='bbox 325 3804 503 3851; x_wconf 72' lang='lat' dir='ltr'><strong>autem</strong></span> <span class='ocrx_word' id='word_1_380' title='bbox 547 3799 942 3867; x_wconf 84' lang='lat' dir='ltr'><strong>provinciarum</strong></span> <span class='ocrx_word' id='word_1_381' title='bbox 984 3802 1106 3858; x_wconf 90' lang='lat' dir='ltr'><strong>aliis</strong></span> <span class='ocrx_word' id='word_1_382' title='bbox 1152 3807 1577 3876; x_wconf 90' lang='lat' dir='ltr'><strong>metropolitanis</strong></span> <span class='ocrx_word' id='word_1_383' title='bbox 1621 3792 1777 3863; x_wconf 48' lang='lat' dir='ltr'><strong>cum?</strong></span> 
     </span>
    </p>
   </div>
   <div class='ocr_carea' id='block_1_55' title="bbox 195 3887 1773 3966">
    <p class='ocr_par' dir='ltr' id='par_1_55' title="bbox 195 3887 1773 3966">
     <span class='ocr_line' id='line_1_55' title="bbox 195 3887 1773 3966; baseline 0.008 -26"><span class='ocrx_word' id='word_1_384' title='bbox 195 3890 487 3940; x_wconf 85' lang='lat' dir='ltr'><strong>missarum</strong></span> <span class='ocrx_word' id='word_1_385' title='bbox 521 3887 707 3942; x_wconf 79' lang='lat' dir='ltr'><strong>falcem</strong></span> <span class='ocrx_word' id='word_1_386' title='bbox 732 3888 919 3957; x_wconf 84' lang='lat' dir='ltr'><strong>judicii</strong></span> <span class='ocrx_word' id='word_1_387' title='bbox 949 3906 1052 3946; x_wconf 87' lang='lat' dir='ltr'><strong>nou</strong></span> <span class='ocrx_word' id='word_1_388' title='bbox 1079 3893 1367 3960; x_wconf 86' lang='lat' dir='ltr'><strong>mittimus,</strong></span> <span class='ocrx_word' id='word_1_389' title='bbox 1398 3897 1524 3966; x_wconf 85' lang='lat' dir='ltr'><strong>quia</strong></span> <span class='ocrx_word' id='word_1_390' title='bbox 1561 3913 1660 3952; x_wconf 88' lang='lat' dir='ltr'><strong>nec</strong></span> <span class='ocrx_word' id='word_1_391' title='bbox 1689 3907 1773 3954; x_wconf 89' lang='lat' dir='ltr'><strong>est</strong></span> 
     </span>
    </p>
   </div>
   <div class='ocr_carea' id='block_1_56' title="bbox 193 3979 1344 4041">
    <p class='ocr_par' dir='ltr' id='par_1_56' title="bbox 193 3979 1344 4041">
     <span class='ocr_line' id='line_1_56' title="bbox 193 3979 1344 4041; baseline 0.008 -9"><span class='ocrx_word' id='word_1_392' title='bbox 193 3979 357 4040; x_wconf 87' lang='lat' dir='ltr'><strong>unde.</strong></span> <span class='ocrx_word' id='word_1_393' title='bbox 392 3995 490 4034; x_wconf 92' lang='lat' dir='ltr'><strong>nec</strong></span> <span class='ocrx_word' id='word_1_394' title='bbox 515 3990 754 4035; x_wconf 88' lang='lat' dir='ltr'><strong>nostrum</strong></span> <span class='ocrx_word' id='word_1_395' title='bbox 782 3997 902 4037; x_wconf 86' lang='lat' dir='ltr'><strong>esse</strong></span> <span class='ocrx_word' id='word_1_396' title='bbox 923 3984 1344 4041; x_wconf 87' lang='lat' dir='ltr'><strong>consideramus.</strong></span> 
     </span>
    </p>
   </div>
   <div class='ocr_carea' id='block_1_57' title="bbox 264 4067 1773 4145">
    <p class='ocr_par' dir='ltr' id='par_1_57' title="bbox 264 4067 1773 4145">
     <span class='ocr_line' id='line_1_57' title="bbox 264 4067 1773 4145; baseline 0.01 -25"><span class='ocrx_word' id='word_1_397' title='bbox 264 4067 505 4123; x_wconf 62' lang='lat' dir='ltr'><strong>Camlll.</strong></span> <span class='ocrx_word' id='word_1_398' title='bbox 561 4071 654 4125; x_wconf 81' lang='lat' dir='ltr'><strong>Est</strong></span> <span class='ocrx_word' id='word_1_399' title='bbox 688 4080 742 4125; x_wconf 89' lang='lat' dir='ltr'><strong>et</strong></span> <span class='ocrx_word' id='word_1_400' title='bbox 777 4072 879 4126; x_wconf 87' lang='lat' dir='ltr'><strong>alia</strong></span> <span class='ocrx_word' id='word_1_401' title='bbox 916 4088 1099 4139; x_wconf 90' lang='lat' dir='ltr'><strong>causa,</strong></span> <span class='ocrx_word' id='word_1_402' title='bbox 1143 4076 1268 4145; x_wconf 93' lang='lat' dir='ltr'><strong>quia</strong></span> <span class='ocrx_word' id='word_1_403' title='bbox 1309 4076 1396 4131; x_wconf 79' lang='lat' dir='ltr'><strong>iSll</strong></span> <span class='ocrx_word' id='word_1_404' title='bbox 1437 4079 1773 4135; x_wconf 87' lang='lat' dir='ltr'><strong>venerabiles</strong></span> 
     </span>
    </p>
   </div>
   <div class='ocr_carea' id='block_1_58' title="bbox 190 4158 1768 4242">
    <p class='ocr_par' dir='ltr' id='par_1_58' title="bbox 190 4158 1768 4242">
     <span class='ocr_line' id='line_1_58' title="bbox 190 4158 1768 4242; baseline 0.009 -31"><span class='ocrx_word' id='word_1_405' title='bbox 190 4158 380 4212; x_wconf 89' lang='lat' dir='ltr'><strong>domui</strong></span> <span class='ocrx_word' id='word_1_406' title='bbox 410 4169 463 4214; x_wconf 90' lang='lat' dir='ltr'><strong>et</strong></span> <span class='ocrx_word' id='word_1_407' title='bbox 494 4161 794 4219; x_wconf 80' lang='lat' dir='ltr'><strong>confratres</strong></span> <span class='ocrx_word' id='word_1_408' title='bbox 820 4167 987 4219; x_wconf 87' lang='lat' dir='ltr'><strong>nostri</strong></span> <span class='ocrx_word' id='word_1_409' title='bbox 1013 4168 1302 4237; x_wconf 74' lang='lat' dir='ltr'><strong>provincia:</strong></span> <span class='ocrx_word' id='word_1_410' title='bbox 1330 4169 1485 4224; x_wconf 91' lang='lat' dir='ltr'><strong>istius</strong></span> <span class='ocrx_word' id='word_1_411' title='bbox 1506 4172 1768 4242; x_wconf 84' lang='lat' dir='ltr'><strong>episcopi,</strong></span> 
     </span>
    </p>
   </div>
   <div class='ocr_carea' id='block_1_59' title="bbox 173 4250 1769 4332">
    <p class='ocr_par' dir='ltr' id='par_1_59' title="bbox 173 4250 1769 4332">
     <span class='ocr_line' id='line_1_59' title="bbox 173 4250 1769 4332; baseline 0.009 -31"><span class='ocrx_word' id='word_1_412' title='bbox 173 4262 304 4302; x_wconf 85' lang='lat' dir='ltr'><strong>-nou</strong></span> <span class='ocrx_word' id='word_1_413' title='bbox 350 4250 608 4307; x_wconf 86' lang='lat' dir='ltr'><strong>habentes</strong></span> <span class='ocrx_word' id='word_1_414' title='bbox 643 4256 1111 4325; x_wconf 86' lang='lat' dir='ltr'><strong>metropolitanum</strong></span> <span class='ocrx_word' id='word_1_415' title='bbox 1141 4258 1471 4330; x_wconf 90' lang='lat' dir='ltr'><strong>episcopum,</strong></span> <span class='ocrx_word' id='word_1_416' title='bbox 1502 4263 1769 4332; x_wconf 83' lang='lat' dir='ltr'><strong>exiguita-</strong></span> 
     </span>
    </p>
   </div>
   <div class='ocr_carea' id='block_1_60' title="bbox 190 4344 1775 4423">
    <p class='ocr_par' dir='ltr' id='par_1_60' title="bbox 190 4344 1775 4423">
     <span class='ocr_line' id='line_1_60' title="bbox 190 4344 1775 4423; baseline 0.011 -30"><span class='ocrx_word' id='word_1_417' title='bbox 190 4349 304 4394; x_wconf 90' lang='lat' dir='ltr'><strong>tem</strong></span> <span class='ocrx_word' id='word_1_418' title='bbox 355 4352 593 4398; x_wconf 87' lang='lat' dir='ltr'><strong>nostram</strong></span> <span class='ocrx_word' id='word_1_419' title='bbox 650 4347 728 4400; x_wconf 90' lang='lat' dir='ltr'><strong>sic</strong></span> <span class='ocrx_word' id='word_1_420' title='bbox 780 4348 833 4401; x_wconf 92' lang='lat' dir='ltr'><strong>in</strong></span> <span class='ocrx_word' id='word_1_421' title='bbox 887 4350 1020 4413; x_wconf 76' lang='lat' dir='ltr'><strong>suis,</strong></span> <span class='ocrx_word' id='word_1_422' title='bbox 1058 4344 1207 4405; x_wconf 43' lang='lat' dir='ltr'><strong>&#39;sicut</strong></span> <span class='ocrx_word' id='word_1_423' title='bbox 1250 4359 1306 4405; x_wconf 91' lang='lat' dir='ltr'><strong>et</strong></span> <span class='ocrx_word' id='word_1_424' title='bbox 1350 4352 1402 4406; x_wconf 90' lang='lat' dir='ltr'><strong>in</strong></span> <span class='ocrx_word' id='word_1_425' title='bbox 1448 4354 1775 4423; x_wconf 82' lang='lat' dir='ltr'><strong>specialibus</strong></span> 
     </span>
    </p>
   </div>
   <div class='ocr_carea' id='block_1_61' title="bbox 1884 1896 3451 1971">
    <p class='ocr_par' dir='ltr' id='par_1_61' title="bbox 1884 1896 3451 1971">
     <span class='ocr_line' id='line_1_61' title="bbox 1884 1896 3451 1971; baseline 0.006 -23"><span class='ocrx_word' id='word_1_426' title='bbox 1884 1896 2256 1966; x_wconf 85' lang='lat' dir='ltr'><strong>episc0p0rum</strong></span> <span class='ocrx_word' id='word_1_427' title='bbox 2288 1905 2343 1951; x_wconf 89' lang='lat' dir='ltr'><strong>et</strong></span> <span class='ocrx_word' id='word_1_428' title='bbox 2375 1896 2545 1951; x_wconf 84' lang='lat' dir='ltr'><strong>lidclis</strong></span> <span class='ocrx_word' id='word_1_429' title='bbox 2565 1897 2763 1968; x_wconf 88' lang='lat' dir='ltr'><strong>populi,</strong></span> <span class='ocrx_word' id='word_1_430' title='bbox 2792 1908 2917 1954; x_wconf 91' lang='lat' dir='ltr'><strong>ante</strong></span> <span class='ocrx_word' id='word_1_431' title='bbox 2943 1900 3245 1971; x_wconf 89' lang='lat' dir='ltr'><strong>septtlcrum</strong></span> <span class='ocrx_word' id='word_1_432' title='bbox 3275 1904 3451 1959; x_wconf 88' lang='lat' dir='ltr'><strong>sancti</strong></span> 
     </span>
    </p>
   </div>
   <div class='ocr_carea' id='block_1_62' title="bbox 1881 1986 3459 2059">
    <p class='ocr_par' dir='ltr' id='par_1_62' title="bbox 1881 1986 3459 2059">
     <span class='ocr_line' id='line_1_62' title="bbox 1881 1986 3459 2059; baseline 0.009 -21"><span class='ocrx_word' id='word_1_433' title='bbox 1881 1986 2118 2056; x_wconf 74' lang='lat' dir='ltr'><strong>Dionysii</strong></span> <span class='ocrx_word' id='word_1_434' title='bbox 2156 1988 2337 2042; x_wconf 78' lang='lat' dir='ltr'><strong>eximii</strong></span> <span class='ocrx_word' id='word_1_435' title='bbox 2370 1989 2622 2059; x_wconf 85' lang='lat' dir='ltr'><strong>martyris</strong></span> <span class='ocrx_word' id='word_1_436' title='bbox 2654 1989 2909 2044; x_wconf 65' lang='lat' dir='ltr'><strong>Ecclesia:</strong></span> <span class='ocrx_word' id='word_1_437' title='bbox 2937 2000 3137 2048; x_wconf 79' lang='lat' dir='ltr'><strong>sancta:</strong></span> <span class='ocrx_word' id='word_1_438' title='bbox 3163 2001 3246 2048; x_wconf 87' lang='lat' dir='ltr'><strong>est</strong></span> <span class='ocrx_word' id='word_1_439' title='bbox 3276 1995 3459 2053; x_wconf 81' lang='lat' dir='ltr'><strong>reddi-.</strong></span> 
     </span>
    </p>
   </div>
   <div class='ocr_carea' id='block_1_63' title="bbox 1884 2078 3456 2154">
    <p class='ocr_par' dir='ltr' id='par_1_63' title="bbox 1884 2078 3456 2154">
     <span class='ocr_line' id='line_1_63' title="bbox 1884 2078 3456 2154; baseline 0.005 -23"><span class='ocrx_word' id='word_1_440' title='bbox 1884 2085 1991 2142; x_wconf 92' lang='lat' dir='ltr'><strong>tus,</strong></span> <span class='ocrx_word' id='word_1_441' title='bbox 2023 2078 2155 2133; x_wconf 68' lang='lat' dir='ltr'><strong>etin</strong></span> <span class='ocrx_word' id='word_1_442' title='bbox 2193 2078 2291 2132; x_wconf 88' lang='lat' dir='ltr'><strong>hac</strong></span> <span class='ocrx_word' id='word_1_443' title='bbox 2320 2079 2501 2140; x_wconf 88' lang='lat' dir='ltr'><strong>domo,</strong></span> <span class='ocrx_word' id='word_1_444' title='bbox 2545 2089 2669 2133; x_wconf 89' lang='lat' dir='ltr'><strong>ante</strong></span> <span class='ocrx_word' id='word_1_445' title='bbox 2701 2079 2869 2134; x_wconf 88' lang='lat' dir='ltr'><strong>altare</strong></span> <span class='ocrx_word' id='word_1_446' title='bbox 2895 2083 3308 2154; x_wconf 86' lang='lat' dir='ltr'><strong>protomartyris</strong></span> <span class='ocrx_word' id='word_1_447' title='bbox 3333 2083 3456 2139; x_wconf 88' lang='lat' dir='ltr'><strong>Ste-</strong></span> 
     </span>
    </p>
   </div>
   <div class='ocr_carea' id='block_1_64' title="bbox 1879 2165 3457 2240">
    <p class='ocr_par' dir='ltr' id='par_1_64' title="bbox 1879 2165 3457 2240">
     <span class='ocr_line' id='line_1_64' title="bbox 1879 2165 3457 2240; baseline 0.007 -22"><span class='ocrx_word' id='word_1_448' title='bbox 1879 2165 2063 2235; x_wconf 90' lang='lat' dir='ltr'><strong>phani,</strong></span> <span class='ocrx_word' id='word_1_449' title='bbox 2086 2165 2237 2234; x_wconf 93' lang='lat' dir='ltr'><strong>cujus</strong></span> <span class='ocrx_word' id='word_1_450' title='bbox 2265 2182 2458 2221; x_wconf 89' lang='lat' dir='ltr'><strong>nomen</strong></span> <span class='ocrx_word' id='word_1_451' title='bbox 2485 2168 2890 2239; x_wconf 68' lang='lat' dir='ltr'><strong>interpretatum</strong></span> <span class='ocrx_word' id='word_1_452' title='bbox 2915 2180 3132 2227; x_wconf 90' lang='lat' dir='ltr'><strong>resonat</strong></span> <span class='ocrx_word' id='word_1_453' title='bbox 3152 2185 3457 2240; x_wconf 83' lang='lat' dir='ltr'><strong>coronatus,</strong></span> 
     </span>
    </p>
   </div>
   <div class='ocr_carea' id='block_1_65' title="bbox 1879 2254 3452 2334">
    <p class='ocr_par' dir='ltr' id='par_1_65' title="bbox 1879 2254 3452 2334">
     <span class='ocr_line' id='line_1_65' title="bbox 1879 2254 3452 2334; baseline 0.007 -26"><span class='ocrx_word' id='word_1_454' title='bbox 1879 2269 1977 2323; x_wconf 91' lang='lat' dir='ltr'><strong>per</strong></span> <span class='ocrx_word' id='word_1_455' title='bbox 2004 2254 2212 2309; x_wconf 87' lang='lat' dir='ltr'><strong>Domini</strong></span> <span class='ocrx_word' id='word_1_456' title='bbox 2251 2258 2559 2312; x_wconf 83' lang='lat' dir='ltr'><strong>sacerdotes</strong></span> <span class='ocrx_word' id='word_1_457' title='bbox 2606 2258 2994 2315; x_wconf 82' lang='lat' dir='ltr'><strong>acclamatione</strong></span> <span class='ocrx_word' id='word_1_458' title='bbox 3036 2261 3208 2318; x_wconf 79' lang='lat' dir='ltr'><strong>ﬁdelis</strong></span> <span class='ocrx_word' id='word_1_459' title='bbox 3251 2265 3452 2334; x_wconf 85' lang='lat' dir='ltr'><strong>pepuli,</strong></span> 
     </span>
    </p>
   </div>
   <div class='ocr_carea' id='block_1_66' title="bbox 1879 2343 3457 2424">
    <p class='ocr_par' dir='ltr' id='par_1_66' title="bbox 1879 2343 3457 2424">
     <span class='ocr_line' id='line_1_66' title="bbox 1879 2343 3457 2424; baseline 0.01 -27"><span class='ocrx_word' id='word_1_460' title='bbox 1879 2343 2016 2398; x_wconf 91' lang='lat' dir='ltr'><strong>sicut</strong></span> <span class='ocrx_word' id='word_1_461' title='bbox 2037 2345 2269 2400; x_wconf 87' lang='lat' dir='ltr'><strong>vidimus</strong></span> <span class='ocrx_word' id='word_1_462' title='bbox 2295 2346 2385 2418; x_wconf 90' lang='lat' dir='ltr'><strong>qui</strong></span> <span class='ocrx_word' id='word_1_463' title='bbox 2413 2346 2698 2414; x_wconf 81' lang='lat' dir='ltr'><strong>adfuimus,</strong></span> <span class='ocrx_word' id='word_1_464' title='bbox 2724 2364 2919 2405; x_wconf 89' lang='lat' dir='ltr'><strong>corona</strong></span> <span class='ocrx_word' id='word_1_465' title='bbox 2949 2352 3098 2422; x_wconf 81' lang='lat' dir='ltr'><strong>regni</strong></span> <span class='ocrx_word' id='word_1_466' title='bbox 3124 2361 3201 2407; x_wconf 88' lang='lat' dir='ltr'><strong>est</strong></span> <span class='ocrx_word' id='word_1_467' title='bbox 3227 2354 3457 2424; x_wconf 89' lang='lat' dir='ltr'><strong>imperio</strong></span> 
     </span>
    </p>
   </div>
   <div class='ocr_carea' id='block_1_67' title="bbox 1880 2434 3452 2515">
    <p class='ocr_par' dir='ltr' id='par_1_67' title="bbox 1880 2434 3452 2515">
     <span class='ocr_line' id='line_1_67' title="bbox 1880 2434 3452 2515; baseline 0.008 -28"><span class='ocrx_word' id='word_1_468' title='bbox 1880 2434 2179 2489; x_wconf 88' lang='lat' dir='ltr'><strong>restitutus.</strong></span> <span class='ocrx_word' id='word_1_469' title='bbox 2229 2436 2295 2490; x_wconf 83' lang='lat' dir='ltr'><strong>Et</strong></span> <span class='ocrx_word' id='word_1_470' title='bbox 2341 2438 2489 2506; x_wconf 89' lang='lat' dir='ltr'><strong>quia,</strong></span> <span class='ocrx_word' id='word_1_471' title='bbox 2525 2446 2585 2492; x_wconf 91' lang='lat' dir='ltr'><strong>ut</strong></span> <span class='ocrx_word' id='word_1_472' title='bbox 2618 2439 2669 2492; x_wconf 92' lang='lat' dir='ltr'><strong>in</strong></span> <span class='ocrx_word' id='word_1_473' title='bbox 2708 2442 2876 2495; x_wconf 88' lang='lat' dir='ltr'><strong>sacris</strong></span> <span class='ocrx_word' id='word_1_474' title='bbox 2916 2442 3160 2499; x_wconf 85' lang='lat' dir='ltr'><strong>historiis</strong></span> <span class='ocrx_word' id='word_1_475' title='bbox 3206 2444 3452 2515; x_wconf 78' lang='lat' dir='ltr'><strong>legimus,</strong></span> 
     </span>
    </p>
   </div>
   <div class='ocr_carea' id='block_1_68' title="bbox 1879 2526 3453 2604">
    <p class='ocr_par' dir='ltr' id='par_1_68' title="bbox 1879 2526 3453 2604">
     <span class='ocr_line' id='line_1_68' title="bbox 1879 2526 3453 2604; baseline 0.009 -29"><span class='ocrx_word' id='word_1_476' title='bbox 1879 2536 2054 2594; x_wconf 79' lang='lat' dir='ltr'><strong>rcges,</strong></span> <span class='ocrx_word' id='word_1_477' title='bbox 2078 2526 2295 2593; x_wconf 85' lang='lat' dir='ltr'><strong>quando</strong></span> <span class='ocrx_word' id='word_1_478' title='bbox 2321 2542 2482 2597; x_wconf 81' lang='lat' dir='ltr'><strong>regna</strong></span> <span class='ocrx_word' id='word_1_479' title='bbox 2505 2528 2867 2593; x_wconf 84' lang='lat' dir='ltr'><strong>obtinuerunt,</strong></span> <span class='ocrx_word' id='word_1_480' title='bbox 2898 2532 3228 2603; x_wconf 87' lang='lat' dir='ltr'><strong>singulorum</strong></span> <span class='ocrx_word' id='word_1_481' title='bbox 3255 2548 3453 2604; x_wconf 86' lang='lat' dir='ltr'><strong>regno-</strong></span> 
     </span>
    </p>
   </div>
   <div class='ocr_carea' id='block_1_69' title="bbox 1880 2615 3457 2695">
    <p class='ocr_par' dir='ltr' id='par_1_69' title="bbox 1880 2615 3457 2695">
     <span class='ocr_line' id='line_1_69' title="bbox 1880 2615 3457 2695; baseline 0.008 -28"><span class='ocrx_word' id='word_1_482' title='bbox 1880 2629 1997 2667; x_wconf 90' lang='lat' dir='ltr'><strong>rum</strong></span> <span class='ocrx_word' id='word_1_483' title='bbox 2030 2615 2129 2670; x_wconf 90' lang='lat' dir='ltr'><strong>sibi</strong></span> <span class='ocrx_word' id='word_1_484' title='bbox 2163 2616 2463 2689; x_wconf 88' lang='lat' dir='ltr'><strong>diademata</strong></span> <span class='ocrx_word' id='word_1_485' title='bbox 2506 2619 2894 2689; x_wconf 87' lang='lat' dir='ltr'><strong>imposuerunt,</strong></span> <span class='ocrx_word' id='word_1_486' title='bbox 2942 2638 3048 2676; x_wconf 91' lang='lat' dir='ltr'><strong>non</strong></span> <span class='ocrx_word' id='word_1_487' title='bbox 3094 2622 3457 2695; x_wconf 26' lang='lat' dir='ltr'><strong>incongruum,</strong></span> 
     </span>
    </p>
   </div>
   <div class='ocr_carea' id='block_1_70' title="bbox 1878 2705 3445 2784">
    <p class='ocr_par' dir='ltr' id='par_1_70' title="bbox 1878 2705 3445 2784">
     <span class='ocr_line' id='line_1_70' title="bbox 1878 2705 3445 2784; baseline 0.009 -26"><span class='ocrx_word' id='word_1_488' title='bbox 1878 2705 2091 2761; x_wconf 86' lang='lat' dir='ltr'><strong>videtur</strong></span> <span class='ocrx_word' id='word_1_489' title='bbox 2128 2707 2243 2762; x_wconf 92' lang='lat' dir='ltr'><strong>istis</strong></span> <span class='ocrx_word' id='word_1_490' title='bbox 2274 2710 2668 2766; x_wconf 87' lang='lat' dir='ltr'><strong>venerabilibus</strong></span> <span class='ocrx_word' id='word_1_491' title='bbox 2696 2712 2984 2784; x_wconf 90' lang='lat' dir='ltr'><strong>episcopis,</strong></span> <span class='ocrx_word' id='word_1_492' title='bbox 3014 2716 3058 2770; x_wconf 88' lang='lat' dir='ltr'><strong>si</strong></span> <span class='ocrx_word' id='word_1_493' title='bbox 3087 2724 3279 2772; x_wconf 71' lang='lat' dir='ltr'><strong>vestrm</strong></span> <span class='ocrx_word' id='word_1_494' title='bbox 3308 2732 3445 2771; x_wconf 86' lang='lat' dir='ltr'><strong>una-</strong></span> 
     </span>
    </p>
   </div>
   <div class='ocr_carea' id='block_1_71' title="bbox 1878 2797 3451 2876">
    <p class='ocr_par' dir='ltr' id='par_1_71' title="bbox 1878 2797 3451 2876">
     <span class='ocr_line' id='line_1_71' title="bbox 1878 2797 3451 2876; baseline 0.008 -25"><span class='ocrx_word' id='word_1_495' title='bbox 1878 2797 2111 2852; x_wconf 89' lang='lat' dir='ltr'><strong>nimitati</strong></span> <span class='ocrx_word' id='word_1_496' title='bbox 2152 2798 2349 2869; x_wconf 86' lang='lat' dir='ltr'><strong>placet,</strong></span> <span class='ocrx_word' id='word_1_497' title='bbox 2403 2811 2461 2856; x_wconf 92' lang='lat' dir='ltr'><strong>ut</strong></span> <span class='ocrx_word' id='word_1_498' title='bbox 2503 2802 2556 2856; x_wconf 90' lang='lat' dir='ltr'><strong>in</strong></span> <span class='ocrx_word' id='word_1_499' title='bbox 2605 2803 2828 2858; x_wconf 89' lang='lat' dir='ltr'><strong>obtentu</strong></span> <span class='ocrx_word' id='word_1_500' title='bbox 2871 2806 3043 2876; x_wconf 80' lang='lat' dir='ltr'><strong>regni,</strong></span> <span class='ocrx_word' id='word_1_501' title='bbox 3083 2806 3225 2862; x_wconf 87' lang='lat' dir='ltr'><strong>unde</strong></span> <span class='ocrx_word' id='word_1_502' title='bbox 3258 2822 3354 2864; x_wconf 89' lang='lat' dir='ltr'><strong>vos</strong></span> <span class='ocrx_word' id='word_1_503' title='bbox 3379 2808 3451 2864; x_wconf 89' lang='lat' dir='ltr'><strong>ad</strong></span> 
     </span>
    </p>
   </div>
   <div class='ocr_carea' id='block_1_72' title="bbox 1879 2891 3450 2967">
    <p class='ocr_par' dir='ltr' id='par_1_72' title="bbox 1879 2891 3450 2967">
     <span class='ocr_line' id='line_1_72' title="bbox 1879 2891 3450 2967; baseline 0.005 -21"><span class='ocrx_word' id='word_1_504' title='bbox 1879 2891 2027 2946; x_wconf 91' lang='lat' dir='ltr'><strong>illum</strong></span> <span class='ocrx_word' id='word_1_505' title='bbox 2069 2901 2258 2961; x_wconf 90' lang='lat' dir='ltr'><strong>sponte</strong></span> <span class='ocrx_word' id='word_1_506' title='bbox 2295 2894 2642 2959; x_wconf 85' lang='lat' dir='ltr'><strong>convenistis,</strong></span> <span class='ocrx_word' id='word_1_507' title='bbox 2684 2903 2739 2950; x_wconf 89' lang='lat' dir='ltr'><strong>et</strong></span> <span class='ocrx_word' id='word_1_508' title='bbox 2785 2912 2880 2952; x_wconf 89' lang='lat' dir='ltr'><strong>vos</strong></span> <span class='ocrx_word' id='word_1_509' title='bbox 2918 2896 2966 2952; x_wconf 91' lang='lat' dir='ltr'><strong>ei</strong></span> <span class='ocrx_word' id='word_1_510' title='bbox 3011 2899 3450 2967; x_wconf 88' lang='lat' dir='ltr'><strong>commendastis,</strong></span> 
     </span>
    </p>
   </div>
   <div class='ocr_carea' id='block_1_73' title="bbox 1880 2980 3463 3053">
    <p class='ocr_par' dir='ltr' id='par_1_73' title="bbox 1880 2980 3463 3053">
     <span class='ocr_line' id='line_1_73' title="bbox 1880 2980 3463 3053; baseline 0.006 -19"><span class='ocrx_word' id='word_1_511' title='bbox 1880 2980 2194 3035; x_wconf 86' lang='lat' dir='ltr'><strong>sacerdotali</strong></span> <span class='ocrx_word' id='word_1_512' title='bbox 2233 2983 2531 3037; x_wconf 88' lang='lat' dir='ltr'><strong>ministerio</strong></span> <span class='ocrx_word' id='word_1_513' title='bbox 2558 2993 2681 3038; x_wconf 92' lang='lat' dir='ltr'><strong>ante</strong></span> <span class='ocrx_word' id='word_1_514' title='bbox 2721 2985 2890 3039; x_wconf 89' lang='lat' dir='ltr'><strong>altare</strong></span> <span class='ocrx_word' id='word_1_515' title='bbox 2926 2987 3026 3042; x_wconf 88' lang='lat' dir='ltr'><strong>hoc</strong></span> <span class='ocrx_word' id='word_1_516' title='bbox 3056 2996 3363 3053; x_wconf 88' lang='lat' dir='ltr'><strong>coronetur,</strong></span> <span class='ocrx_word' id='word_1_517' title='bbox 3396 3000 3463 3053; x_wconf 87' lang='lat' dir='ltr'><strong>et_</strong></span> 
     </span>
    </p>
   </div>
   <div class='ocr_carea' id='block_1_74' title="bbox 1881 3072 3453 3145">
    <p class='ocr_par' dir='ltr' id='par_1_74' title="bbox 1881 3072 3453 3145">
     <span class='ocr_line' id='line_1_74' title="bbox 1881 3072 3453 3145; baseline 0.007 -20"><span class='ocrx_word' id='word_1_518' title='bbox 1881 3085 2033 3125; x_wconf 85' lang='lat' dir='ltr'><strong>sacra</strong></span> <span class='ocrx_word' id='word_1_519' title='bbox 2059 3072 2309 3126; x_wconf 89' lang='lat' dir='ltr'><strong>unctione</strong></span> <span class='ocrx_word' id='word_1_520' title='bbox 2340 3074 2563 3127; x_wconf 90' lang='lat' dir='ltr'><strong>Domino</strong></span> <span class='ocrx_word' id='word_1_521' title='bbox 2599 3084 2961 3130; x_wconf 82' lang='lat' dir='ltr'><strong>consecretur.</strong></span> <span class='ocrx_word' id='word_1_522' title='bbox 3006 3077 3157 3145; x_wconf 86' lang='lat' dir='ltr'><strong>Quod</strong></span> <span class='ocrx_word' id='word_1_523' title='bbox 3209 3079 3253 3133; x_wconf 90' lang='lat' dir='ltr'><strong>si</strong></span> <span class='ocrx_word' id='word_1_524' title='bbox 3297 3080 3453 3136; x_wconf 74' lang='lat' dir='ltr'><strong>vobis</strong></span> 
     </span>
    </p>
   </div>
   <div class='ocr_carea' id='block_1_75' title="bbox 1876 3159 3461 3253">
    <p class='ocr_par' dir='ltr' id='par_1_75' title="bbox 1876 3159 3461 3253">
     <span class='ocr_line' id='line_1_75' title="bbox 1876 3159 3461 3253; baseline 0.007 -40"><span class='ocrx_word' id='word_1_525' title='bbox 1876 3159 2054 3231; x_wconf 87' lang='lat' dir='ltr'><strong>placet</strong></span> <span class='ocrx_word' id='word_1_526' title='bbox 2083 3162 2311 3231; x_wconf 86' lang='lat' dir='ltr'><strong>prepriis</strong></span> <span class='ocrx_word' id='word_1_527' title='bbox 2342 3163 2561 3219; x_wconf 86' lang='lat' dir='ltr'><strong>vocibus</strong></span> <span class='ocrx_word' id='word_1_528' title='bbox 2585 3174 2896 3221; x_wconf 88' lang='lat' dir='ltr'><strong>consonate.</strong></span> <span class='ocrx_word' id='word_1_529' title='bbox 2938 3167 3004 3221; x_wconf 86' lang='lat' dir='ltr'><strong>Et</strong></span> <span class='ocrx_word' id='word_1_530' title='bbox 3028 3168 3079 3221; x_wconf 91' lang='lat' dir='ltr'><strong>in</strong></span> <span class='ocrx_word' id='word_1_531' title='bbox 3105 3168 3207 3224; x_wconf 91' lang='lat' dir='ltr'><strong>hoc</strong></span> <span class='ocrx_word' id='word_1_532' title='bbox 3238 3170 3461 3253; x_wconf 29' lang='lat' dir='ltr'><strong>concla-i</strong></span> 
     </span>
    </p>
   </div>
   <div class='ocr_carea' id='block_1_76' title="bbox 1875 3254 3457 3333">
    <p class='ocr_par' dir='ltr' id='par_1_76' title="bbox 1875 3254 3457 3333">
     <span class='ocr_line' id='line_1_76' title="bbox 1875 3254 3457 3333; baseline 0.008 -29"><span class='ocrx_word' id='word_1_533' title='bbox 1875 3254 2147 3307; x_wconf 81' lang='lat' dir='ltr'><strong>montibus</strong></span> <span class='ocrx_word' id='word_1_534' title='bbox 2189 3256 2458 3320; x_wconf 91' lang='lat' dir='ltr'><strong>omnibus,</strong></span> <span class='ocrx_word' id='word_1_535' title='bbox 2512 3257 2649 3312; x_wconf 80' lang='lat' dir='ltr'><strong>dixit</strong></span> <span class='ocrx_word' id='word_1_536' title='bbox 2688 3256 2827 3312; x_wconf 89' lang='lat' dir='ltr'><strong>idem</strong></span> <span class='ocrx_word' id='word_1_537' title='bbox 2869 3259 3151 3330; x_wconf 90' lang='lat' dir='ltr'><strong>episcopus</strong></span> <span class='ocrx_word' id='word_1_538' title='bbox 3182 3260 3457 3333; x_wconf 80' lang='lat' dir='ltr'><strong>:Agamus</strong></span> 
     </span>
    </p>
   </div>
   <div class='ocr_carea' id='block_1_77' title="bbox 1874 3348 3445 3421">
    <p class='ocr_par' dir='ltr' id='par_1_77' title="bbox 1874 3348 3445 3421">
     <span class='ocr_line' id='line_1_77' title="bbox 1874 3348 3445 3421; baseline 0.008 -24"><span class='ocrx_word' id='word_1_539' title='bbox 1874 3360 2004 3415; x_wconf 84' lang='lat' dir='ltr'><strong>ergo</strong></span> <span class='ocrx_word' id='word_1_540' title='bbox 2031 3348 2355 3403; x_wconf 88' lang='lat' dir='ltr'><strong>unanimiter</strong></span> <span class='ocrx_word' id='word_1_541' title='bbox 2378 3348 2486 3403; x_wconf 91' lang='lat' dir='ltr'><strong>Deo</strong></span> <span class='ocrx_word' id='word_1_542' title='bbox 2507 3350 2728 3421; x_wconf 88' lang='lat' dir='ltr'><strong>gratias,</strong></span> <span class='ocrx_word' id='word_1_543' title='bbox 2754 3351 3106 3408; x_wconf 86' lang='lat' dir='ltr'><strong>decantantes</strong></span> <span class='ocrx_word' id='word_1_544' title='bbox 3134 3369 3147 3407; x_wconf 90' lang='lat'><strong>:</strong></span> <span class='ocrx_word' id='word_1_545' title='bbox 3174 3352 3249 3408; x_wconf 87' lang='lat' dir='ltr'><strong>Te</strong></span> <span class='ocrx_word' id='word_1_546' title='bbox 3275 3353 3445 3408; x_wconf 90' lang='lat' dir='ltr'><strong>Deum</strong></span> 
     </span>
    </p>
   </div>
   <div class='ocr_carea' id='block_1_78' title="bbox 1875 3435 2173 3493">
    <p class='ocr_par' dir='ltr' id='par_1_78' title="bbox 1875 3435 2173 3493">
     <span class='ocr_line' id='line_1_78' title="bbox 1875 3435 2173 3493; baseline 0.01 -4"><span class='ocrx_word' id='word_1_547' title='bbox 1875 3435 2173 3493; x_wconf 89' lang='lat' dir='ltr'><strong>laudamus.</strong></span> 
     </span>
    </p>
   </div>
   <div class='ocr_carea' id='block_1_79' title="bbox 1874 3609 3449 3670">
    <p class='ocr_par' dir='ltr' id='par_1_79' title="bbox 1874 3609 3449 3670">
     <span class='ocr_line' id='line_1_79' title="bbox 1874 3609 3449 3670; baseline 0.005 -22"><span class='ocrx_word' id='word_1_548' title='bbox 1874 3609 2286 3651; x_wconf 71' lang='lat' dir='ltr'><strong>BENEDICTIONES</strong></span> <span class='ocrx_word' id='word_1_549' title='bbox 2325 3612 2487 3651; x_wconf 77' lang='lat' dir='ltr'><strong>SUPER</strong></span> <span class='ocrx_word' id='word_1_550' title='bbox 2524 3613 2694 3653; x_wconf 63' lang='lat' dir='ltr'><strong>REGE!</strong></span> <span class='ocrx_word' id='word_1_551' title='bbox 2733 3614 2980 3654; x_wconf 72' lang='lat' dir='ltr'><strong>CABOLUII</strong></span> <span class='ocrx_word' id='word_1_552' title='bbox 3025 3615 3163 3656; x_wconf 73' lang='lat' dir='ltr'><strong>ANTE</strong></span> <span class='ocrx_word' id='word_1_553' title='bbox 3214 3614 3403 3658; x_wconf 66' lang='lat' dir='ltr'><strong>HISSAI</strong></span> <span class='ocrx_word' id='word_1_554' title='bbox 3428 3642 3449 3670; x_wconf 61' lang='grc' dir='ltr'><strong>ν</strong></span> 
     </span>
    </p>
   </div>
   <div class='ocr_carea' id='block_1_80' title="bbox 2308 3683 3394 3740">
    <p class='ocr_par' dir='ltr' id='par_1_80' title="bbox 2308 3683 3394 3740">
     <span class='ocr_line' id='line_1_80' title="bbox 2308 3683 3394 3740; baseline 0.005 -18"><span class='ocrx_word' id='word_1_555' title='bbox 2308 3683 2380 3723; x_wconf 79' lang='grc' dir='ltr'><strong>ΕΤ</strong></span> <span class='ocrx_word' id='word_1_556' title='bbox 2418 3685 2627 3724; x_wconf 64' lang='grc' dir='ltr'>Αιτιιιε</span> <span class='ocrx_word' id='word_1_557' title='bbox 2661 3685 2706 3724; x_wconf 81' lang='grc' dir='ltr'><strong>ε.</strong></span> <span class='ocrx_word' id='word_1_558' title='bbox 2745 3687 3023 3726; x_wconf 70' lang='lat' dir='ltr'><strong>STEPHANI.</strong></span> <span class='ocrx_word' id='word_1_559' title='bbox 3346 3706 3394 3740; x_wconf 61' lang='grc' dir='ltr'><strong>ο</strong></span> 
     </span>
    </p>
   </div>
   <div class='ocr_carea' id='block_1_81' title="bbox 1945 3796 3453 3873">
    <p class='ocr_par' dir='ltr' id='par_1_81' title="bbox 1945 3796 3453 3873">
     <span class='ocr_line' id='line_1_81' title="bbox 1945 3796 3453 3873; baseline 0.006 -23"><span class='ocrx_word' id='word_1_560' title='bbox 1945 3796 2239 3851; x_wconf 80' lang='lat' dir='ltr'><strong>Adventius</strong></span> <span class='ocrx_word' id='word_1_561' title='bbox 2279 3798 2566 3867; x_wconf 84' lang='lat' dir='ltr'><strong>episcopus</strong></span> <span class='ocrx_word' id='word_1_562' title='bbox 2604 3798 2879 3855; x_wconf 85' lang='lat' dir='ltr'><strong>Metensis.</strong></span> <span class='ocrx_word' id='word_1_563' title='bbox 2922 3801 3061 3857; x_wconf 91' lang='lat' dir='ltr'><strong>Deus</strong></span> <span class='ocrx_word' id='word_1_564' title='bbox 3103 3801 3193 3873; x_wconf 93' lang='lat' dir='ltr'><strong>qui</strong></span> <span class='ocrx_word' id='word_1_565' title='bbox 3241 3801 3453 3873; x_wconf 82' lang='lat' dir='ltr'><strong>populis</strong></span> 
     </span>
    </p>
   </div>
   <div class='ocr_carea' id='block_1_82' title="bbox 1874 3885 3451 3957">
    <p class='ocr_par' dir='ltr' id='par_1_82' title="bbox 1874 3885 3451 3957">
     <span class='ocr_line' id='line_1_82' title="bbox 1874 3885 3451 3957; baseline 0.006 -17"><span class='ocrx_word' id='word_1_566' title='bbox 1874 3885 1980 3940; x_wconf 92' lang='lat' dir='ltr'><strong>tuis</strong></span> <span class='ocrx_word' id='word_1_567' title='bbox 2003 3886 2324 3957; x_wconf 84' lang='lat' dir='ltr'><strong>indulgentia</strong></span> <span class='ocrx_word' id='word_1_568' title='bbox 2348 3888 2582 3942; x_wconf 89' lang='lat' dir='ltr'><strong>consulis</strong></span> <span class='ocrx_word' id='word_1_569' title='bbox 2608 3898 2661 3943; x_wconf 91' lang='lat' dir='ltr'><strong>et</strong></span> <span class='ocrx_word' id='word_1_570' title='bbox 2684 3905 2870 3945; x_wconf 86' lang='lat' dir='ltr'><strong>amore</strong></span> <span class='ocrx_word' id='word_1_571' title='bbox 2897 3892 3212 3956; x_wconf 89' lang='lat' dir='ltr'><strong>dominaris,</strong></span> <span class='ocrx_word' id='word_1_572' title='bbox 3236 3894 3301 3947; x_wconf 86' lang='lat' dir='ltr'><strong>da</strong></span> <span class='ocrx_word' id='word_1_573' title='bbox 3323 3893 3451 3949; x_wconf 90' lang='lat' dir='ltr'><strong>huic</strong></span> 
     </span>
    </p>
   </div>
   <div class='ocr_carea' id='block_1_83' title="bbox 1873 3976 3463 4057">
    <p class='ocr_par' dir='ltr' id='par_1_83' title="bbox 1873 3976 3463 4057">
     <span class='ocr_line' id='line_1_83' title="bbox 1873 3976 3463 4057; baseline 0.006 -25"><span class='ocrx_word' id='word_1_574' title='bbox 1873 3976 2072 4032; x_wconf 86' lang='lat' dir='ltr'><strong>famulo</strong></span> <span class='ocrx_word' id='word_1_575' title='bbox 2104 3988 2193 4033; x_wconf 90' lang='lat' dir='ltr'><strong>tuo</strong></span> <span class='ocrx_word' id='word_1_576' title='bbox 2233 3980 2479 4049; x_wconf 89' lang='lat' dir='ltr'><strong>spiritum</strong></span> <span class='ocrx_word' id='word_1_577' title='bbox 2518 3982 2815 4049; x_wconf 70' lang='lat' dir='ltr'><strong>sapientire,</strong></span> <span class='ocrx_word' id='word_1_578' title='bbox 2846 3983 2931 4036; x_wconf 90' lang='lat' dir='ltr'><strong>cui</strong></span> <span class='ocrx_word' id='word_1_579' title='bbox 2970 3983 3164 4037; x_wconf 91' lang='lat' dir='ltr'><strong>dedisti</strong></span> <span class='ocrx_word' id='word_1_580' title='bbox 3206 3985 3463 4057; x_wconf 17' lang='lat' dir='ltr'><strong>regimen,</strong></span> 
     </span>
    </p>
   </div>
   <div class='ocr_carea' id='block_1_84' title="bbox 1876 4068 3452 4143">
    <p class='ocr_par' dir='ltr' id='par_1_84' title="bbox 1876 4068 3452 4143">
     <span class='ocr_line' id='line_1_84' title="bbox 1876 4068 3452 4143; baseline 0.004 -21"><span class='ocrx_word' id='word_1_581' title='bbox 1876 4068 2177 4138; x_wconf 61' lang='lat' dir='ltr'><strong>disciplina:</strong></span> <span class='ocrx_word' id='word_1_582' title='bbox 2209 4087 2222 4122; x_wconf 88' lang='lat'><strong>:</strong></span> <span class='ocrx_word' id='word_1_583' title='bbox 2261 4082 2319 4123; x_wconf 92' lang='lat' dir='ltr'><strong>ut</strong></span> <span class='ocrx_word' id='word_1_584' title='bbox 2367 4070 2460 4123; x_wconf 89' lang='lat' dir='ltr'><strong>tibi</strong></span> <span class='ocrx_word' id='word_1_585' title='bbox 2512 4078 2622 4125; x_wconf 87' lang='lat' dir='ltr'><strong>toto</strong></span> <span class='ocrx_word' id='word_1_586' title='bbox 2659 4073 2822 4126; x_wconf 89' lang='lat' dir='ltr'><strong>corde</strong></span> <span class='ocrx_word' id='word_1_587' title='bbox 2848 4072 3091 4136; x_wconf 84' lang='lat' dir='ltr'><strong>devotus,</strong></span> <span class='ocrx_word' id='word_1_588' title='bbox 3124 4079 3177 4125; x_wconf 89' lang='lat' dir='ltr'><strong>et</strong></span> <span class='ocrx_word' id='word_1_589' title='bbox 3207 4073 3260 4127; x_wconf 91' lang='lat' dir='ltr'><strong>in</strong></span> <span class='ocrx_word' id='word_1_590' title='bbox 3300 4075 3452 4143; x_wconf 80' lang='lat' dir='ltr'><strong>regni</strong></span> 
     </span>
    </p>
   </div>
   <div class='ocr_carea' id='block_1_85' title="bbox 1874 4157 3459 4231">
    <p class='ocr_par' dir='ltr' id='par_1_85' title="bbox 1874 4157 3459 4231">
     <span class='ocr_line' id='line_1_85' title="bbox 1874 4157 3459 4231; baseline 0.003 -20"><span class='ocrx_word' id='word_1_591' title='bbox 1874 4157 2135 4225; x_wconf 87' lang='lat' dir='ltr'><strong>regimine</strong></span> <span class='ocrx_word' id='word_1_592' title='bbox 2163 4167 2376 4213; x_wconf 88' lang='lat' dir='ltr'><strong>maneat</strong></span> <span class='ocrx_word' id='word_1_593' title='bbox 2405 4172 2617 4227; x_wconf 89' lang='lat' dir='ltr'><strong>semper</strong></span> <span class='ocrx_word' id='word_1_594' title='bbox 2646 4160 2890 4224; x_wconf 90' lang='lat' dir='ltr'><strong>idoneus,</strong></span> <span class='ocrx_word' id='word_1_595' title='bbox 2920 4169 2975 4215; x_wconf 90' lang='lat' dir='ltr'><strong>et</strong></span> <span class='ocrx_word' id='word_1_596' title='bbox 3002 4162 3055 4214; x_wconf 90' lang='lat' dir='ltr'><strong>in</strong></span> <span class='ocrx_word' id='word_1_597' title='bbox 3085 4162 3239 4215; x_wconf 91' lang='lat' dir='ltr'><strong>bouis</strong></span> <span class='ocrx_word' id='word_1_598' title='bbox 3264 4163 3459 4231; x_wconf 42' lang='lat' dir='ltr'><strong>operis</strong></span> 
     </span>
    </p>
   </div>
   <div class='ocr_carea' id='block_1_86' title="bbox 1872 4246 3453 4321">
    <p class='ocr_par' dir='ltr' id='par_1_86' title="bbox 1872 4246 3453 4321">
     <span class='ocr_line' id='line_1_86' title="bbox 1872 4246 3453 4321; baseline 0.003 -21"><span class='ocrx_word' id='word_1_599' title='bbox 1872 4246 1972 4301; x_wconf 86' lang='lat' dir='ltr'><strong>bus</strong></span> <span class='ocrx_word' id='word_1_600' title='bbox 1995 4261 2370 4315; x_wconf 85' lang='lat' dir='ltr'><strong>petseverans,</strong></span> <span class='ocrx_word' id='word_1_601' title='bbox 2399 4247 2467 4301; x_wconf 91' lang='lat' dir='ltr'><strong>ad</strong></span> <span class='ocrx_word' id='word_1_602' title='bbox 2495 4261 2756 4301; x_wconf 73' lang='lat' dir='ltr'><strong>anernum</strong></span> <span class='ocrx_word' id='word_1_603' title='bbox 2790 4264 3015 4321; x_wconf 89' lang='lat' dir='ltr'><strong>regnum</strong></span> <span class='ocrx_word' id='word_1_604' title='bbox 3046 4259 3095 4305; x_wconf 89' lang='lat' dir='ltr'><strong>te</strong></span> <span class='ocrx_word' id='word_1_605' title='bbox 3114 4249 3248 4305; x_wconf 89' lang='lat' dir='ltr'><strong>duce</strong></span> <span class='ocrx_word' id='word_1_606' title='bbox 3276 4249 3453 4305; x_wconf 86' lang='lat' dir='ltr'><strong>valeat</strong></span> 
     </span>
    </p>
   </div>
   <div class='ocr_carea' id='block_1_87' title="bbox 1874 4339 2935 4409">
    <p class='ocr_par' dir='ltr' id='par_1_87' title="bbox 1874 4339 2935 4409">
     <span class='ocr_line' id='line_1_87' title="bbox 1874 4339 2935 4409; baseline 0.004 -18"><span class='ocrx_word' id='word_1_607' title='bbox 1874 4339 2173 4409; x_wconf 89' lang='lat' dir='ltr'><strong>pervenire.</strong></span> <span class='ocrx_word' id='word_1_608' title='bbox 2224 4340 2326 4394; x_wconf 85' lang='lat' dir='ltr'><strong>Per</strong></span> <span class='ocrx_word' id='word_1_609' title='bbox 2353 4339 2659 4405; x_wconf 88' lang='lat' dir='ltr'><strong>Dominum,</strong></span> <span class='ocrx_word' id='word_1_610' title='bbox 2688 4348 2792 4395; x_wconf 88' lang='lat' dir='ltr'><strong>etc.</strong></span> <span class='ocrx_word' id='word_1_611' title='bbox 2932 4346 2935 4347; x_wconf 66' lang='grc'><strong><em>⁷</em></strong></span> 
     </span>
    </p>
   </div>
   <div class='ocr_carea' id='block_1_88' title="bbox 188 4431 1792 4541">
    <p class='ocr_par' dir='ltr' id='par_1_88' title="bbox 188 4435 1767 4519">
     <span class='ocr_line' id='line_1_88' title="bbox 188 4435 1767 4519; baseline 0.009 -33"><span class='ocrx_word' id='word_1_612' title='bbox 188 4435 377 4487; x_wconf 89' lang='lat' dir='ltr'><strong>causis</strong></span> <span class='ocrx_word' id='word_1_613' title='bbox 399 4437 631 4519; x_wconf 78' lang='lat' dir='ltr'><strong>nostris,</strong></span> <span class='ocrx_word' id='word_1_614' title='bbox 648 4453 743 4492; x_wconf 90' lang='lat' dir='ltr'><strong>nos</strong></span> <span class='ocrx_word' id='word_1_615' title='bbox 766 4436 1000 4494; x_wconf 82' lang='lat' dir='ltr'><strong>fraterna</strong></span> <span class='ocrx_word' id='word_1_616' title='bbox 1030 4442 1292 4497; x_wconf 86' lang='lat' dir='ltr'><strong>charitalc</strong></span> <span class='ocrx_word' id='word_1_617' title='bbox 1311 4442 1505 4513; x_wconf 86' lang='lat' dir='ltr'><strong>jubeut</strong></span> <span class='ocrx_word' id='word_1_618' title='bbox 1528 4452 1582 4500; x_wconf 91' lang='lat' dir='ltr'><strong>et</strong></span> <span class='ocrx_word' id='word_1_619' title='bbox 1615 4459 1767 4500; x_wconf 86' lang='lat' dir='ltr'><strong>com-</strong></span> 
     </span>
    </p>
   </div>
   <div class='ocr_carea' id='block_1_89' title="bbox 1880 4431 3451 4541">
    <p class='ocr_par' dir='ltr' id='par_1_89' title="bbox 1944 4431 3451 4505">
     <span class='ocr_line' id='line_1_89' title="bbox 1944 4431 3451 4505; baseline 0.003 -21"><span class='ocrx_word' id='word_1_620' title='bbox 1944 4431 2104 4487; x_wconf 85' lang='lat' dir='ltr'><strong>llatto</strong></span> <span class='ocrx_word' id='word_1_621' title='bbox 2119 4431 2695 4489; x_wconf 74' lang='lat' dir='ltr'><strong>Virdunensis.Gratia:</strong></span> <span class='ocrx_word' id='word_1_622' title='bbox 2713 4444 2837 4501; x_wconf 66' lang='lat' dir='ltr'><strong>tum,</strong></span> <span class='ocrx_word' id='word_1_623' title='bbox 2853 4449 3181 4505; x_wconf 66' lang='lat' dir='ltr'><strong>quaasumus,</strong></span> <span class='ocrx_word' id='word_1_624' title='bbox 3204 4434 3451 4505; x_wconf 85' lang='lat' dir='ltr'><strong>Domine,</strong></span> 
     </span>
    </p>
   </div>
   <div class='ocr_carea' id='block_1_90' title="bbox 186 4530 1767 4607">
    <p class='ocr_par' dir='ltr' id='par_1_90' title="bbox 186 4530 1767 4607">
     <span class='ocr_line' id='line_1_90' title="bbox 186 4530 1767 4607; baseline 0.008 -27"><span class='ocrx_word' id='word_1_625' title='bbox 186 4535 416 4580; x_wconf 88' lang='lat' dir='ltr'><strong>monent</strong></span> <span class='ocrx_word' id='word_1_626' title='bbox 446 4543 625 4598; x_wconf 89' lang='lat' dir='ltr'><strong>agere.</strong></span> <span class='ocrx_word' id='word_1_627' title='bbox 682 4530 778 4584; x_wconf 86' lang='lat' dir='ltr'><strong>Est</strong></span> <span class='ocrx_word' id='word_1_628' title='bbox 814 4531 908 4597; x_wconf 89' lang='lat' dir='ltr'><strong>ita,</strong></span> <span class='ocrx_word' id='word_1_629' title='bbox 947 4534 1128 4588; x_wconf 89' lang='lat' dir='ltr'><strong>donmi</strong></span> <span class='ocrx_word' id='word_1_630' title='bbox 1166 4532 1400 4591; x_wconf 78' lang='lat' dir='ltr'><strong>fratres?</strong></span> <span class='ocrx_word' id='word_1_631' title='bbox 1432 4535 1501 4591; x_wconf 88' lang='lat' dir='ltr'><strong>Et</strong></span> <span class='ocrx_word' id='word_1_632' title='bbox 1543 4552 1767 4607; x_wconf 87' lang='lat' dir='ltr'><strong>respon-</strong></span> 
     </span>
    </p>
   </div>
   <div class='ocr_carea' id='block_1_91' title="bbox 187 4614 1079 4690">
    <p class='ocr_par' dir='ltr' id='par_1_91' title="bbox 187 4614 1079 4690">
     <span class='ocr_line' id='line_1_91' title="bbox 187 4614 1079 4690; baseline 0.011 -22"><span class='ocrx_word' id='word_1_633' title='bbox 187 4614 393 4669; x_wconf 82' lang='lat' dir='ltr'><strong>derunt</strong></span> <span class='ocrx_word' id='word_1_634' title='bbox 422 4618 519 4687; x_wconf 88' lang='lat' dir='ltr'><strong>ipsi</strong></span> <span class='ocrx_word' id='word_1_635' title='bbox 555 4621 788 4690; x_wconf 80' lang='lat' dir='ltr'><strong>episcopi</strong></span> <span class='ocrx_word' id='word_1_636' title='bbox 822 4639 833 4674; x_wconf 93' lang='lat'><strong>:</strong></span> <span class='ocrx_word' id='word_1_637' title='bbox 871 4620 946 4676; x_wconf 90' lang='lat' dir='ltr'><strong>lta</strong></span> <span class='ocrx_word' id='word_1_638' title='bbox 977 4634 1079 4678; x_wconf 91' lang='lat' dir='ltr'><strong>est.</strong></span> 
     </span>
    </p>
   </div>
   <div class='ocr_carea' id='block_1_92' title="bbox 264 4706 1768 4791">
    <p class='ocr_par' dir='ltr' id='par_1_92' title="bbox 264 4706 1768 4791">
     <span class='ocr_line' id='line_1_92' title="bbox 264 4706 1768 4791; baseline 0.011 -30"><span class='ocrx_word' id='word_1_639' title='bbox 264 4706 395 4762; x_wconf 73' lang='lat' dir='ltr'><strong>CAP.</strong></span> <span class='ocrx_word' id='word_1_640' title='bbox 427 4709 515 4765; x_wconf 83' lang='lat' dir='ltr'><strong>1V.</strong></span> <span class='ocrx_word' id='word_1_641' title='bbox 575 4710 779 4766; x_wconf 58' lang='lat' dir='ltr'><strong>Plaeter</strong></span> <span class='ocrx_word' id='word_1_642' title='bbox 813 4729 874 4767; x_wconf 88' lang='lat' dir='ltr'><strong>ea</strong></span> <span class='ocrx_word' id='word_1_643' title='bbox 899 4755 912 4780; x_wconf 94' lang='lat'><strong>,</strong></span> <span class='ocrx_word' id='word_1_644' title='bbox 950 4731 1069 4785; x_wconf 74' lang='lat' dir='ltr'><strong>qua:</strong></span> <span class='ocrx_word' id='word_1_645' title='bbox 1110 4718 1338 4773; x_wconf 90' lang='lat' dir='ltr'><strong>domnus</strong></span> <span class='ocrx_word' id='word_1_646' title='bbox 1388 4720 1671 4791; x_wconf 90' lang='lat' dir='ltr'><strong>cpiscopus</strong></span> <span class='ocrx_word' id='word_1_647' title='bbox 1713 4731 1768 4779; x_wconf 91' lang='lat' dir='ltr'><strong>et</strong></span> 
     </span>
    </p>
   </div>
   <div class='ocr_carea' id='block_1_93' title="bbox 187 4802 1767 4870">
    <p class='ocr_par' dir='ltr' id='par_1_93' title="bbox 187 4802 1767 4870">
     <span class='ocr_line' id='line_1_93' title="bbox 187 4802 1767 4870; baseline 0.009 -14"><span class='ocrx_word' id='word_1_648' title='bbox 187 4802 364 4857; x_wconf 80' lang='lat' dir='ltr'><strong>frater</strong></span> <span class='ocrx_word' id='word_1_649' title='bbox 390 4814 573 4860; x_wconf 87' lang='lat' dir='ltr'><strong>noster</strong></span> <span class='ocrx_word' id='word_1_650' title='bbox 600 4806 896 4862; x_wconf 79' lang='lat' dir='ltr'><strong>Adveutius</strong></span> <span class='ocrx_word' id='word_1_651' title='bbox 933 4808 1083 4863; x_wconf 86' lang='lat' dir='ltr'><strong>vobis</strong></span> <span class='ocrx_word' id='word_1_652' title='bbox 1123 4825 1187 4864; x_wconf 91' lang='lat' dir='ltr'><strong>ex</strong></span> <span class='ocrx_word' id='word_1_653' title='bbox 1222 4827 1317 4865; x_wconf 89' lang='lat' dir='ltr'><strong>sua</strong></span> <span class='ocrx_word' id='word_1_654' title='bbox 1359 4822 1413 4866; x_wconf 91' lang='lat' dir='ltr'><strong>et</strong></span> <span class='ocrx_word' id='word_1_655' title='bbox 1449 4822 1767 4870; x_wconf 71' lang='lat' dir='ltr'><strong>caaterorum</strong></span> 
     </span>
    </p>
   </div>
   <div class='ocr_carea' id='block_1_94' title="bbox 189 4897 1764 4959">
    <p class='ocr_par' dir='ltr' id='par_1_94' title="bbox 189 4897 1764 4959">
     <span class='ocr_line' id='line_1_94' title="bbox 189 4897 1764 4959; baseline 0.008 -13"><span class='ocrx_word' id='word_1_656' title='bbox 189 4908 416 4947; x_wconf 88' lang='lat' dir='ltr'><strong>suorum</strong></span> <span class='ocrx_word' id='word_1_657' title='bbox 479 4910 542 4953; x_wconf 87' lang='lat' dir='ltr'><strong>ac</strong></span> <span class='ocrx_word' id='word_1_658' title='bbox 601 4906 905 4952; x_wconf 89' lang='lat' dir='ltr'><strong>nostrorum</strong></span> <span class='ocrx_word' id='word_1_659' title='bbox 978 4897 1204 4953; x_wconf 79' lang='lat' dir='ltr'><strong>fratrum</strong></span> <span class='ocrx_word' id='word_1_660' title='bbox 1258 4909 1315 4955; x_wconf 91' lang='lat' dir='ltr'><strong>et</strong></span> <span class='ocrx_word' id='word_1_661' title='bbox 1378 4904 1764 4959; x_wconf 90' lang='lat' dir='ltr'><strong>venerabilium</strong></span> 
     </span>
    </p>
   </div>
   <div class='ocr_carea' id='block_1_95' title="bbox 188 4990 1766 5073">
    <p class='ocr_par' dir='ltr' id='par_1_95' title="bbox 188 4990 1766 5073">
     <span class='ocr_line' id='line_1_95' title="bbox 188 4990 1766 5073; baseline 0.006 -31"><span class='ocrx_word' id='word_1_662' title='bbox 188 4990 565 5059; x_wconf 89' lang='lat' dir='ltr'><strong>episcoporum</strong></span> <span class='ocrx_word' id='word_1_663' title='bbox 614 5006 744 5045; x_wconf 90' lang='lat' dir='ltr'><strong>voce</strong></span> <span class='ocrx_word' id='word_1_664' title='bbox 782 4991 955 5057; x_wconf 75' lang='lat' dir='ltr'><strong>dixit,</strong></span> <span class='ocrx_word' id='word_1_665' title='bbox 1014 4993 1067 5045; x_wconf 92' lang='lat' dir='ltr'><strong>in</strong></span> <span class='ocrx_word' id='word_1_666' title='bbox 1115 4993 1219 5073; x_wconf 83' lang='lat' dir='ltr'><strong>hoc</strong></span> <span class='ocrx_word' id='word_1_667' title='bbox 1269 4995 1431 5049; x_wconf 89' lang='lat' dir='ltr'><strong>etiam</strong></span> <span class='ocrx_word' id='word_1_668' title='bbox 1483 4996 1766 5052; x_wconf 87' lang='lat' dir='ltr'><strong>advertere</strong></span> 
     </span>
    </p>
   </div>
   <div class='ocr_carea' id='block_1_96' title="bbox 187 5081 1765 5156">
    <p class='ocr_par' dir='ltr' id='par_1_96' title="bbox 187 5081 1765 5156">
     <span class='ocr_line' id='line_1_96' title="bbox 187 5081 1765 5156; baseline 0.006 -22"><span class='ocrx_word' id='word_1_669' title='bbox 187 5081 443 5149; x_wconf 89' lang='lat' dir='ltr'><strong>potestis,</strong></span> <span class='ocrx_word' id='word_1_670' title='bbox 472 5081 798 5136; x_wconf 82' lang='lat' dir='ltr'><strong>voluntatem</strong></span> <span class='ocrx_word' id='word_1_671' title='bbox 839 5084 928 5138; x_wconf 91' lang='lat' dir='ltr'><strong>Dei</strong></span> <span class='ocrx_word' id='word_1_672' title='bbox 973 5099 1111 5149; x_wconf 90' lang='lat' dir='ltr'><strong>esse,</strong></span> <span class='ocrx_word' id='word_1_673' title='bbox 1153 5093 1213 5138; x_wconf 92' lang='lat' dir='ltr'><strong>ut</strong></span> <span class='ocrx_word' id='word_1_674' title='bbox 1258 5101 1496 5156; x_wconf 63' lang='lat' dir='ltr'><strong>presens</strong></span> <span class='ocrx_word' id='word_1_675' title='bbox 1539 5088 1765 5144; x_wconf 90' lang='lat' dir='ltr'><strong>domnus</strong></span> 
     </span>
    </p>
   </div>
   <div class='ocr_carea' id='block_1_97' title="bbox 130 5172 1764 5243">
    <p class='ocr_par' dir='ltr' id='par_1_97' title="bbox 130 5172 1764 5243">
     <span class='ocr_line' id='line_1_97' title="bbox 130 5172 1764 5243; baseline 0.006 -20"><span class='ocrx_word' id='word_1_676' title='bbox 130 5190 151 5199; x_wconf 61' lang='grc' dir='ltr'><strong><em>η</em></strong></span> <span class='ocrx_word' id='word_1_677' title='bbox 185 5180 245 5224; x_wconf 87' lang='lat' dir='ltr'><strong>et</strong></span> <span class='ocrx_word' id='word_1_678' title='bbox 270 5186 365 5224; x_wconf 88' lang='lat' dir='ltr'><strong>rex</strong></span> <span class='ocrx_word' id='word_1_679' title='bbox 394 5180 598 5234; x_wconf 87' lang='lat' dir='ltr'><strong>uoster,</strong></span> <span class='ocrx_word' id='word_1_680' title='bbox 640 5172 731 5242; x_wconf 87' lang='lat' dir='ltr'><strong>qui</strong></span> <span class='ocrx_word' id='word_1_681' title='bbox 782 5173 834 5225; x_wconf 92' lang='lat' dir='ltr'><strong>iu</strong></span> <span class='ocrx_word' id='word_1_682' title='bbox 882 5183 1034 5240; x_wconf 87' lang='lat' dir='ltr'><strong>parte</strong></span> <span class='ocrx_word' id='word_1_683' title='bbox 1082 5174 1252 5243; x_wconf 90' lang='lat' dir='ltr'><strong>regni,</strong></span> <span class='ocrx_word' id='word_1_684' title='bbox 1305 5190 1466 5243; x_wconf 91' lang='lat' dir='ltr'><strong>quam</strong></span> <span class='ocrx_word' id='word_1_685' title='bbox 1505 5176 1764 5232; x_wconf 88' lang='lat' dir='ltr'><strong>hactenus</strong></span> 
     </span>
    </p>
   </div>
   <div class='ocr_carea' id='block_1_98' title="bbox 188 5260 1765 5334">
    <p class='ocr_par' dir='ltr' id='par_1_98' title="bbox 188 5260 1765 5334">
     <span class='ocr_line' id='line_1_98' title="bbox 188 5260 1765 5334; baseline 0.005 -22"><span class='ocrx_word' id='word_1_686' title='bbox 188 5266 340 5312; x_wconf 85' lang='lat' dir='ltr'><strong>tenet</strong></span> <span class='ocrx_word' id='word_1_687' title='bbox 366 5267 423 5313; x_wconf 89' lang='lat' dir='ltr'><strong>et</strong></span> <span class='ocrx_word' id='word_1_688' title='bbox 454 5260 642 5323; x_wconf 89' lang='lat' dir='ltr'><strong>tenuit,</strong></span> <span class='ocrx_word' id='word_1_689' title='bbox 690 5270 746 5314; x_wconf 92' lang='lat' dir='ltr'><strong>et</strong></span> <span class='ocrx_word' id='word_1_690' title='bbox 789 5261 944 5314; x_wconf 87' lang='lat' dir='ltr'><strong>nobis</strong></span> <span class='ocrx_word' id='word_1_691' title='bbox 970 5277 1034 5314; x_wconf 90' lang='lat' dir='ltr'><strong>ac</strong></span> <span class='ocrx_word' id='word_1_692' title='bbox 1061 5262 1307 5318; x_wconf 87' lang='lat' dir='ltr'><strong>ecclesiis</strong></span> <span class='ocrx_word' id='word_1_693' title='bbox 1342 5265 1559 5330; x_wconf 89' lang='lat' dir='ltr'><strong>nostris,</strong></span> <span class='ocrx_word' id='word_1_694' title='bbox 1587 5274 1641 5319; x_wconf 94' lang='lat' dir='ltr'><strong>et</strong></span> <span class='ocrx_word' id='word_1_695' title='bbox 1669 5279 1765 5334; x_wconf 90' lang='lat' dir='ltr'><strong>po-</strong></span> 
     </span>
    </p>
   </div>
   <div class='ocr_carea' id='block_1_99' title="bbox 187 5349 1759 5423">
    <p class='ocr_par' dir='ltr' id='par_1_99' title="bbox 187 5349 1759 5423">
     <span class='ocr_line' id='line_1_99' title="bbox 187 5349 1759 5423; baseline 0.006 -23"><span class='ocrx_word' id='word_1_696' title='bbox 187 5349 317 5417; x_wconf 91' lang='lat' dir='ltr'><strong>pulo</strong></span> <span class='ocrx_word' id='word_1_697' title='bbox 346 5349 447 5403; x_wconf 88' lang='lat' dir='ltr'><strong>sibi</strong></span> <span class='ocrx_word' id='word_1_698' title='bbox 474 5350 763 5417; x_wconf 79' lang='lat' dir='ltr'><strong>commisso</strong></span> <span class='ocrx_word' id='word_1_699' title='bbox 796 5350 996 5404; x_wconf 88' lang='lat' dir='ltr'><strong>utiliter</strong></span> <span class='ocrx_word' id='word_1_700' title='bbox 1020 5359 1213 5420; x_wconf 51' lang='lat' dir='ltr'><strong>pricest</strong></span> <span class='ocrx_word' id='word_1_701' title='bbox 1239 5367 1299 5407; x_wconf 89' lang='lat' dir='ltr'><strong>ac</strong></span> <span class='ocrx_word' id='word_1_702' title='bbox 1332 5352 1566 5423; x_wconf 70' lang='lat' dir='ltr'><strong>prrcl‘uit,</strong></span> <span class='ocrx_word' id='word_1_703' title='bbox 1593 5365 1647 5409; x_wconf 90' lang='lat' dir='ltr'><strong>ct</strong></span> <span class='ocrx_word' id='word_1_704' title='bbox 1673 5371 1759 5410; x_wconf 90' lang='lat' dir='ltr'><strong>sa-</strong></span> 
     </span>
    </p>
   </div>
   <div class='ocr_carea' id='block_1_100' title="bbox 186 5437 1765 5510">
    <p class='ocr_par' dir='ltr' id='par_1_100' title="bbox 186 5437 1765 5510">
     <span class='ocr_line' id='line_1_100' title="bbox 186 5437 1765 5510; baseline 0.006 -19"><span class='ocrx_word' id='word_1_705' title='bbox 186 5437 424 5493; x_wconf 88' lang='lat' dir='ltr'><strong>lubriter</strong></span> <span class='ocrx_word' id='word_1_706' title='bbox 467 5439 686 5508; x_wconf 88' lang='lat' dir='ltr'><strong>prodest</strong></span> <span class='ocrx_word' id='word_1_707' title='bbox 714 5448 769 5494; x_wconf 90' lang='lat' dir='ltr'><strong>et</strong></span> <span class='ocrx_word' id='word_1_708' title='bbox 799 5439 1018 5510; x_wconf 80' lang='lat' dir='ltr'><strong>proluit,</strong></span> <span class='ocrx_word' id='word_1_709' title='bbox 1046 5441 1167 5495; x_wconf 91' lang='lat' dir='ltr'><strong>inde</strong></span> <span class='ocrx_word' id='word_1_710' title='bbox 1196 5441 1261 5495; x_wconf 88' lang='lat' dir='ltr'><strong>ad</strong></span> <span class='ocrx_word' id='word_1_711' title='bbox 1292 5443 1434 5499; x_wconf 91' lang='lat' dir='ltr'><strong>hunc</strong></span> <span class='ocrx_word' id='word_1_712' title='bbox 1459 5443 1631 5499; x_wconf 90' lang='lat' dir='ltr'><strong>locum</strong></span> <span class='ocrx_word' id='word_1_713' title='bbox 1659 5446 1765 5501; x_wconf 89' lang='lat' dir='ltr'><strong>Do-</strong></span> 
     </span>
    </p>
   </div>
   <div class='ocr_carea' id='block_1_101' title="bbox 186 5530 1767 5607">
    <p class='ocr_par' dir='ltr' id='par_1_101' title="bbox 186 5530 1767 5607">
     <span class='ocr_line' id='line_1_101' title="bbox 186 5530 1767 5607; baseline 0.005 -24"><span class='ocrx_word' id='word_1_714' title='bbox 186 5531 340 5583; x_wconf 86' lang='lat' dir='ltr'><strong>mino</strong></span> <span class='ocrx_word' id='word_1_715' title='bbox 369 5530 595 5586; x_wconf 89' lang='lat' dir='ltr'><strong>ducente</strong></span> <span class='ocrx_word' id='word_1_716' title='bbox 625 5533 949 5601; x_wconf 89' lang='lat' dir='ltr'><strong>pervenerit.</strong></span> <span class='ocrx_word' id='word_1_717' title='bbox 1002 5531 1164 5604; x_wconf 84' lang='grc'><strong>744</strong></span> <span class='ocrx_word' id='word_1_718' title='bbox 1186 5532 1303 5599; x_wconf 86' lang='lat' dir='ltr'><strong>Quo</strong></span> <span class='ocrx_word' id='word_1_719' title='bbox 1333 5535 1496 5589; x_wconf 90' lang='lat' dir='ltr'><strong>etiam</strong></span> <span class='ocrx_word' id='word_1_720' title='bbox 1527 5550 1624 5591; x_wconf 92' lang='lat' dir='ltr'><strong>vos</strong></span> <span class='ocrx_word' id='word_1_721' title='bbox 1650 5536 1767 5607; x_wconf 88' lang='lat' dir='ltr'><strong>ejus</strong></span> 
     </span>
    </p>
   </div>
   <div class='ocr_carea' id='block_1_102' title="bbox 188 5623 1764 5697">
    <p class='ocr_par' dir='ltr' id='par_1_102' title="bbox 188 5623 1764 5697">
     <span class='ocr_line' id='line_1_102' title="bbox 188 5623 1764 5697; baseline 0.005 -21"><span class='ocrx_word' id='word_1_722' title='bbox 188 5623 544 5693; x_wconf 89' lang='lat' dir='ltr'><strong>inspiratione</strong></span> <span class='ocrx_word' id='word_1_723' title='bbox 592 5624 943 5689; x_wconf 79' lang='lat' dir='ltr'><strong>conﬂuxistis,</strong></span> <span class='ocrx_word' id='word_1_724' title='bbox 994 5634 1049 5679; x_wconf 92' lang='lat' dir='ltr'><strong>et</strong></span> <span class='ocrx_word' id='word_1_725' title='bbox 1097 5627 1196 5695; x_wconf 91' lang='lat' dir='ltr'><strong>ipsi</strong></span> <span class='ocrx_word' id='word_1_726' title='bbox 1233 5642 1333 5683; x_wconf 91' lang='lat' dir='ltr'><strong>vos</strong></span> <span class='ocrx_word' id='word_1_727' title='bbox 1376 5636 1566 5697; x_wconf 87' lang='lat' dir='ltr'><strong>sponte</strong></span> <span class='ocrx_word' id='word_1_728' title='bbox 1613 5644 1764 5684; x_wconf 84' lang='lat' dir='ltr'><strong>com—</strong></span> 
     </span>
    </p>
   </div>
   <div class='ocr_carea' id='block_1_103' title="bbox 190 5713 1765 5783">
    <p class='ocr_par' dir='ltr' id='par_1_103' title="bbox 190 5713 1765 5783">
     <span class='ocr_line' id='line_1_103' title="bbox 190 5713 1765 5783; baseline 0.006 -16"><span class='ocrx_word' id='word_1_729' title='bbox 190 5713 509 5781; x_wconf 78' lang='lat' dir='ltr'><strong>mendastis,</strong></span> <span class='ocrx_word' id='word_1_730' title='bbox 537 5713 689 5783; x_wconf 87' lang='lat' dir='ltr'><strong>cujus</strong></span> <span class='ocrx_word' id='word_1_731' title='bbox 717 5716 969 5772; x_wconf 87' lang='lat' dir='ltr'><strong>instinctu</strong></span> <span class='ocrx_word' id='word_1_732' title='bbox 999 5716 1296 5772; x_wconf 87' lang='lat' dir='ltr'><strong>animantia</strong></span> <span class='ocrx_word' id='word_1_733' title='bbox 1343 5720 1526 5775; x_wconf 90' lang='lat' dir='ltr'><strong>omnia</strong></span> <span class='ocrx_word' id='word_1_734' title='bbox 1572 5720 1625 5775; x_wconf 93' lang='lat' dir='ltr'><strong>in</strong></span> <span class='ocrx_word' id='word_1_735' title='bbox 1678 5736 1765 5776; x_wconf 91' lang='lat' dir='ltr'><strong>ar-</strong></span> 
     </span>
    </p>
   </div>
   <div class='ocr_carea' id='block_1_104' title="bbox 1875 4522 3449 4594">
    <p class='ocr_par' dir='ltr' id='par_1_104' title="bbox 1875 4522 3449 4594">
     <span class='ocr_line' id='line_1_104' title="bbox 1875 4522 3449 4594; baseline 0.001 -16"><span class='ocrx_word' id='word_1_736' title='bbox 1875 4523 2001 4578; x_wconf 89' lang='lat' dir='ltr'><strong>huie</strong></span> <span class='ocrx_word' id='word_1_737' title='bbox 2042 4522 2242 4577; x_wconf 81' lang='lat' dir='ltr'><strong>famulo</strong></span> <span class='ocrx_word' id='word_1_738' title='bbox 2272 4531 2365 4577; x_wconf 91' lang='lat' dir='ltr'><strong>tuo</strong></span> <span class='ocrx_word' id='word_1_739' title='bbox 2397 4522 2569 4578; x_wconf 84' lang='lat' dir='ltr'><strong>tribue</strong></span> <span class='ocrx_word' id='word_1_740' title='bbox 2598 4523 2898 4594; x_wconf 82' lang='lat' dir='ltr'><strong>largitatem</strong></span> <span class='ocrx_word' id='word_1_741' title='bbox 2936 4544 2947 4578; x_wconf 90' lang='lat'><strong>:</strong></span> <span class='ocrx_word' id='word_1_742' title='bbox 2986 4534 3044 4579; x_wconf 91' lang='lat' dir='ltr'><strong>ut</strong></span> <span class='ocrx_word' id='word_1_743' title='bbox 3070 4524 3320 4580; x_wconf 90' lang='lat' dir='ltr'><strong>mandata</strong></span> <span class='ocrx_word' id='word_1_744' title='bbox 3356 4536 3449 4580; x_wconf 87' lang='lat' dir='ltr'><strong>tua</strong></span> 
     </span>
    </p>
   </div>
   <div class='ocr_carea' id='block_1_105' title="bbox 1875 4616 3451 4687">
    <p class='ocr_par' dir='ltr' id='par_1_105' title="bbox 1875 4616 3451 4687">
     <span class='ocr_line' id='line_1_105' title="bbox 1875 4616 3451 4687; baseline 0.003 -18"><span class='ocrx_word' id='word_1_745' title='bbox 1875 4623 1928 4669; x_wconf 88' lang='lat' dir='ltr'><strong>te</strong></span> <span class='ocrx_word' id='word_1_746' title='bbox 1952 4625 2209 4683; x_wconf 87' lang='lat' dir='ltr'><strong>operante</strong></span> <span class='ocrx_word' id='word_1_747' title='bbox 2240 4616 2521 4679; x_wconf 88' lang='lat' dir='ltr'><strong>sectando,</strong></span> <span class='ocrx_word' id='word_1_748' title='bbox 2549 4616 2971 4670; x_wconf 87' lang='lat' dir='ltr'><strong>consolationem</strong></span> <span class='ocrx_word' id='word_1_749' title='bbox 3011 4616 3292 4687; x_wconf 74' lang='lat' dir='ltr'><strong>przesentis</strong></span> <span class='ocrx_word' id='word_1_750' title='bbox 3328 4616 3451 4673; x_wconf 62' lang='lat' dir='ltr'><strong>vita:</strong></span> 
     </span>
    </p>
   </div>
   <div class='ocr_carea' id='block_1_106' title="bbox 1871 4706 2924 4777">
    <p class='ocr_par' dir='ltr' id='par_1_106' title="bbox 1871 4706 2924 4777">
     <span class='ocr_line' id='line_1_106' title="bbox 1871 4706 2924 4777; baseline 0.004 -18"><span class='ocrx_word' id='word_1_751' title='bbox 1871 4708 2134 4777; x_wconf 88' lang='lat' dir='ltr'><strong>percipiat</strong></span> <span class='ocrx_word' id='word_1_752' title='bbox 2161 4718 2214 4762; x_wconf 91' lang='lat' dir='ltr'><strong>et</strong></span> <span class='ocrx_word' id='word_1_753' title='bbox 2243 4706 2452 4761; x_wconf 63' lang='lat' dir='ltr'><strong>futura}.</strong></span> <span class='ocrx_word' id='word_1_754' title='bbox 2493 4707 2595 4762; x_wconf 86' lang='lat' dir='ltr'><strong>Per</strong></span> <span class='ocrx_word' id='word_1_755' title='bbox 2621 4706 2924 4763; x_wconf 91' lang='lat' dir='ltr'><strong>Dominum.</strong></span> 
     </span>
    </p>
   </div>
   <div class='ocr_carea' id='block_1_107' title="bbox 1943 4798 3449 4871">
    <p class='ocr_par' dir='ltr' id='par_1_107' title="bbox 1943 4798 3449 4871">
     <span class='ocr_line' id='line_1_107' title="bbox 1943 4798 3449 4871; baseline 0.001 -18"><span class='ocrx_word' id='word_1_756' title='bbox 1943 4798 2199 4871; x_wconf 49' lang='lat' dir='ltr'><strong>prnull‘us</strong></span> <span class='ocrx_word' id='word_1_757' title='bbox 2245 4799 2531 4854; x_wconf 88' lang='lat' dir='ltr'><strong>Tullensis.</strong></span> <span class='ocrx_word' id='word_1_758' title='bbox 2583 4798 2790 4856; x_wconf 83' lang='lat' dir='ltr'><strong>Nostris</strong></span> <span class='ocrx_word' id='word_1_759' title='bbox 2833 4815 3160 4870; x_wconf 71' lang='lat' dir='ltr'><strong>qumsumus,</strong></span> <span class='ocrx_word' id='word_1_760' title='bbox 3203 4800 3449 4866; x_wconf 90' lang='lat' dir='ltr'><strong>Domine,</strong></span> 
     </span>
    </p>
   </div>
   <div class='ocr_carea' id='block_1_108' title="bbox 1873 4890 3448 4961">
    <p class='ocr_par' dir='ltr' id='par_1_108' title="bbox 1873 4890 3448 4961">
     <span class='ocr_line' id='line_1_108' title="bbox 1873 4890 3448 4961; baseline 0 -17"><span class='ocrx_word' id='word_1_761' title='bbox 1873 4890 1926 4944; x_wconf 90' lang='lat' dir='ltr'><strong>in</strong></span> <span class='ocrx_word' id='word_1_762' title='bbox 1959 4891 2221 4961; x_wconf 89' lang='lat' dir='ltr'><strong>regimine</strong></span> <span class='ocrx_word' id='word_1_763' title='bbox 2256 4892 2413 4946; x_wconf 91' lang='lat' dir='ltr'><strong>istius</strong></span> <span class='ocrx_word' id='word_1_764' title='bbox 2442 4890 2626 4944; x_wconf 82' lang='lat' dir='ltr'><strong>famuli</strong></span> <span class='ocrx_word' id='word_1_765' title='bbox 2659 4891 2734 4945; x_wconf 91' lang='lat' dir='ltr'><strong>tui</strong></span> <span class='ocrx_word' id='word_1_766' title='bbox 2768 4892 3062 4960; x_wconf 89' lang='lat' dir='ltr'><strong>propitiare</strong></span> <span class='ocrx_word' id='word_1_767' title='bbox 3096 4890 3448 4960; x_wconf 91' lang='lat' dir='ltr'><strong>temporibus,</strong></span> 
     </span>
    </p>
   </div>
   <div class='ocr_carea' id='block_1_109' title="bbox 1870 4986 3445 5056">
    <p class='ocr_par' dir='ltr' id='par_1_109' title="bbox 1870 4986 3445 5056">
     <span class='ocr_line' id='line_1_109' title="bbox 1870 4986 3445 5056; baseline 0.003 -18"><span class='ocrx_word' id='word_1_768' title='bbox 1870 4991 1930 5039; x_wconf 89' lang='lat' dir='ltr'><strong>ut</strong></span> <span class='ocrx_word' id='word_1_769' title='bbox 1959 4994 2050 5040; x_wconf 92' lang='lat' dir='ltr'><strong>tuo</strong></span> <span class='ocrx_word' id='word_1_770' title='bbox 2078 5000 2302 5041; x_wconf 89' lang='lat' dir='ltr'><strong>munere</strong></span> <span class='ocrx_word' id='word_1_771' title='bbox 2324 4986 2608 5056; x_wconf 84' lang='lat' dir='ltr'><strong>dirigatur,</strong></span> <span class='ocrx_word' id='word_1_772' title='bbox 2647 4999 2702 5042; x_wconf 90' lang='lat' dir='ltr'><strong>et</strong></span> <span class='ocrx_word' id='word_1_773' title='bbox 2728 4996 2912 5042; x_wconf 91' lang='lat' dir='ltr'><strong>nostra</strong></span> <span class='ocrx_word' id='word_1_774' title='bbox 2940 4986 3206 5043; x_wconf 89' lang='lat' dir='ltr'><strong>securitas</strong></span> <span class='ocrx_word' id='word_1_775' title='bbox 3248 4995 3304 5041; x_wconf 90' lang='lat' dir='ltr'><strong>et</strong></span> <span class='ocrx_word' id='word_1_776' title='bbox 3349 4986 3445 5042; x_wconf 85' lang='lat' dir='ltr'><strong>de-</strong></span> 
     </span>
    </p>
   </div>
   <div class='ocr_carea' id='block_1_110' title="bbox 1870 5076 2851 5135">
    <p class='ocr_par' dir='ltr' id='par_1_110' title="bbox 1870 5076 2851 5135">
     <span class='ocr_line' id='line_1_110' title="bbox 1870 5076 2851 5135; baseline 0 -3"><span class='ocrx_word' id='word_1_777' title='bbox 1870 5077 2017 5132; x_wconf 88' lang='lat' dir='ltr'><strong>votio</strong></span> <span class='ocrx_word' id='word_1_778' title='bbox 2044 5076 2369 5133; x_wconf 87' lang='lat' dir='ltr'><strong>Christiana.</strong></span> <span class='ocrx_word' id='word_1_779' title='bbox 2412 5079 2515 5134; x_wconf 85' lang='lat' dir='ltr'><strong>Per</strong></span> <span class='ocrx_word' id='word_1_780' title='bbox 2544 5080 2851 5135; x_wconf 90' lang='lat' dir='ltr'><strong>Dominum.</strong></span> 
     </span>
    </p>
   </div>
   <div class='ocr_carea' id='block_1_111' title="bbox 1942 5166 3437 5241">
    <p class='ocr_par' dir='ltr' id='par_1_111' title="bbox 1942 5166 3437 5241">
     <span class='ocr_line' id='line_1_111' title="bbox 1942 5166 3437 5241; baseline -0.003 -18"><span class='ocrx_word' id='word_1_781' title='bbox 1942 5167 2102 5241; x_wconf 81' lang='grc'><strong>745</strong></span> <span class='ocrx_word' id='word_1_782' title='bbox 2120 5168 2329 5223; x_wconf 84' lang='lat' dir='ltr'><strong>Franco</strong></span> <span class='ocrx_word' id='word_1_783' title='bbox 2353 5167 2702 5239; x_wconf 85' lang='lat' dir='ltr'><strong>Tungrensis.</strong></span> <span class='ocrx_word' id='word_1_784' title='bbox 2730 5169 3171 5236; x_wconf 76' lang='lat' dir='ltr'><strong>Da,qu:esumus,</strong></span> <span class='ocrx_word' id='word_1_785' title='bbox 3189 5166 3437 5229; x_wconf 89' lang='lat' dir='ltr'><strong>Domine,</strong></span> 
     </span>
    </p>
   </div>
   <div class='ocr_carea' id='block_1_112' title="bbox 1870 5258 3446 5327">
    <p class='ocr_par' dir='ltr' id='par_1_112' title="bbox 1870 5258 3446 5327">
     <span class='ocr_line' id='line_1_112' title="bbox 1870 5258 3446 5327; baseline -0.003 -12"><span class='ocrx_word' id='word_1_786' title='bbox 1870 5262 1997 5316; x_wconf 90' lang='lat' dir='ltr'><strong>huic</strong></span> <span class='ocrx_word' id='word_1_787' title='bbox 2032 5261 2236 5316; x_wconf 85' lang='lat' dir='ltr'><strong>famulo</strong></span> <span class='ocrx_word' id='word_1_788' title='bbox 2284 5270 2374 5316; x_wconf 92' lang='lat' dir='ltr'><strong>tuo</strong></span> <span class='ocrx_word' id='word_1_789' title='bbox 2417 5262 2644 5315; x_wconf 88' lang='lat' dir='ltr'><strong>salutem</strong></span> <span class='ocrx_word' id='word_1_790' title='bbox 2689 5260 2883 5315; x_wconf 88' lang='lat' dir='ltr'><strong>mentis</strong></span> <span class='ocrx_word' id='word_1_791' title='bbox 2928 5268 2985 5314; x_wconf 90' lang='lat' dir='ltr'><strong>et</strong></span> <span class='ocrx_word' id='word_1_792' title='bbox 3027 5258 3271 5327; x_wconf 89' lang='lat' dir='ltr'><strong>corporis</strong></span> <span class='ocrx_word' id='word_1_793' title='bbox 3320 5277 3334 5311; x_wconf 90' lang='lat'><strong>:</strong></span> <span class='ocrx_word' id='word_1_794' title='bbox 3386 5265 3446 5311; x_wconf 90' lang='lat' dir='ltr'><strong>ut</strong></span> 
     </span>
    </p>
   </div>
   <div class='ocr_carea' id='block_1_113' title="bbox 1870 5350 3447 5421">
    <p class='ocr_par' dir='ltr' id='par_1_113' title="bbox 1870 5350 3447 5421">
     <span class='ocr_line' id='line_1_113' title="bbox 1870 5350 3447 5421; baseline -0.003 -18"><span class='ocrx_word' id='word_1_795' title='bbox 1870 5350 2025 5405; x_wconf 86' lang='lat' dir='ltr'><strong>bonis</strong></span> <span class='ocrx_word' id='word_1_796' title='bbox 2075 5352 2329 5421; x_wconf 88' lang='lat' dir='ltr'><strong>operibus</strong></span> <span class='ocrx_word' id='word_1_797' title='bbox 2377 5350 2718 5415; x_wconf 64' lang='lat' dir='ltr'><strong>inhaerendo,</strong></span> <span class='ocrx_word' id='word_1_798' title='bbox 2758 5359 2849 5404; x_wconf 86' lang='lat' dir='ltr'><strong>tua</strong></span> <span class='ocrx_word' id='word_1_799' title='bbox 2896 5363 3109 5418; x_wconf 86' lang='lat' dir='ltr'><strong>semper</strong></span> <span class='ocrx_word' id='word_1_800' title='bbox 3171 5357 3447 5402; x_wconf 86' lang='lat' dir='ltr'><strong>mereatur</strong></span> 
     </span>
    </p>
   </div>
   <div class='ocr_carea' id='block_1_114' title="bbox 1869 5442 2798 5501">
    <p class='ocr_par' dir='ltr' id='par_1_114' title="bbox 1869 5442 2798 5501">
     <span class='ocr_line' id='line_1_114' title="bbox 1869 5442 2798 5501; baseline 0 -6"><span class='ocrx_word' id='word_1_801' title='bbox 1869 5445 2071 5500; x_wconf 85' lang='lat' dir='ltr'><strong>virtute</strong></span> <span class='ocrx_word' id='word_1_802' title='bbox 2097 5443 2329 5501; x_wconf 80' lang='lat' dir='ltr'><strong>defendi.</strong></span> <span class='ocrx_word' id='word_1_803' title='bbox 2360 5443 2465 5497; x_wconf 85' lang='lat' dir='ltr'><strong>Per</strong></span> <span class='ocrx_word' id='word_1_804' title='bbox 2489 5442 2798 5497; x_wconf 88' lang='lat' dir='ltr'><strong>Dominum.</strong></span> 
     </span>
    </p>
   </div>
   <div class='ocr_carea' id='block_1_115' title="bbox 1942 5533 3442 5593">
    <p class='ocr_par' dir='ltr' id='par_1_115' title="bbox 1942 5533 3442 5593">
     <span class='ocr_line' id='line_1_115' title="bbox 1942 5533 3442 5593; baseline -0.005 -3"><span class='ocrx_word' id='word_1_805' title='bbox 1942 5535 2265 5593; x_wconf 83' lang='lat' dir='ltr'><strong>Hincmarus</strong></span> <span class='ocrx_word' id='word_1_806' title='bbox 2307 5535 2703 5590; x_wconf 85' lang='lat' dir='ltr'><strong>Laudunensis.</strong></span> <span class='ocrx_word' id='word_1_807' title='bbox 2782 5533 3217 5589; x_wconf 85' lang='lat' dir='ltr'><strong>Benedictionem</strong></span> <span class='ocrx_word' id='word_1_808' title='bbox 3270 5537 3442 5593; x_wconf 88' lang='lat' dir='ltr'><strong>tuam,</strong></span> 
     </span>
    </p>
   </div>
   <div class='ocr_carea' id='block_1_116' title="bbox 1868 5625 3443 5695">
    <p class='ocr_par' dir='ltr' id='par_1_116' title="bbox 1868 5625 3443 5695">
     <span class='ocr_line' id='line_1_116' title="bbox 1868 5625 3443 5695; baseline -0.006 -14"><span class='ocrx_word' id='word_1_809' title='bbox 1868 5627 2116 5692; x_wconf 90' lang='lat' dir='ltr'><strong>Domine,</strong></span> <span class='ocrx_word' id='word_1_810' title='bbox 2152 5628 2241 5683; x_wconf 90' lang='lat' dir='ltr'><strong>hic</strong></span> <span class='ocrx_word' id='word_1_811' title='bbox 2292 5625 2526 5680; x_wconf 82' lang='lat' dir='ltr'><strong>famulus</strong></span> <span class='ocrx_word' id='word_1_812' title='bbox 2584 5637 2706 5680; x_wconf 90' lang='lat' dir='ltr'><strong>tuus</strong></span> <span class='ocrx_word' id='word_1_813' title='bbox 2758 5625 3009 5695; x_wconf 90' lang='lat' dir='ltr'><strong>accipiat,</strong></span> <span class='ocrx_word' id='word_1_814' title='bbox 3060 5638 3168 5694; x_wconf 91' lang='lat' dir='ltr'><strong>qua</strong></span> <span class='ocrx_word' id='word_1_815' title='bbox 3218 5634 3443 5690; x_wconf 87' lang='lat' dir='ltr'><strong>corpore</strong></span> 
     </span>
    </p>
   </div>
   <div class='ocr_carea' id='block_1_117' title="bbox 1869 5712 3445 5815">
    <p class='ocr_par' dir='ltr' id='par_1_117' title="bbox 1869 5712 3445 5815">
     <span class='ocr_line' id='line_1_117' title="bbox 1869 5712 3445 5815; baseline -0.008 -38"><span class='ocrx_word' id='word_1_816' title='bbox 1869 5720 2105 5777; x_wconf 88' lang='lat' dir='ltr'><strong>salvatus</strong></span> <span class='ocrx_word' id='word_1_817' title='bbox 2131 5735 2195 5776; x_wconf 88' lang='lat' dir='ltr'><strong>ac</strong></span> <span class='ocrx_word' id='word_1_818' title='bbox 2232 5728 2432 5785; x_wconf 89' lang='lat' dir='ltr'><strong>mente,</strong></span> <span class='ocrx_word' id='word_1_819' title='bbox 2466 5728 2520 5775; x_wconf 92' lang='lat' dir='ltr'><strong>et</strong></span> <span class='ocrx_word' id='word_1_820' title='bbox 2550 5727 2759 5789; x_wconf 80' lang='lat' dir='ltr'><strong>gratam</strong></span> <span class='ocrx_word' id='word_1_821' title='bbox 2811 5718 2907 5773; x_wconf 89' lang='lat' dir='ltr'><strong>tibi</strong></span> <span class='ocrx_word' id='word_1_822' title='bbox 2940 5712 3162 5815; x_wconf 59' lang='lat' dir='ltr'><strong>semper</strong></span> <span class='ocrx_word' id='word_1_823' title='bbox 3190 5713 3445 5773; x_wconf 85' lang='lat' dir='ltr'><strong>exhibeat</strong></span> 
     </span>
    </p>
   </div>
  </div>
