4006 6338
600 305 711 378 ’807

1579 320 1908 377 HINCMARI
1944 317 2341 377 RH-EMENSIS
2377 316 2897 375 ARCIIIEPISCOPI
3696 324 3774 381 sos

610 434 951 499 servitutem,
975 443 1032 491 et
1057 436 1457 506 propitiationis
1503 446 1609 491 ture
1659 437 1925 492 beneficia
1967 450 2182 507 semper
2206 436 2261 495 Α
2286 433 2621 502 pensatione,
2667 441 2725 488 et
2788 441 2877 487 tua
2934 430 3419 499 administratione,
3446 447 3537 503 per
3579 434 3775 496 diuturna

608 527 872 583 inveniat.
900 526 1007 580 Per
1030 526 1337 581 Dominum.

682 615 797 672 Odo
825 616 1238 671 Bellovacensis.
1270 615 1544 671 Conserva
1569 631 1898 686 qmesumus,
1932 615 2180 683 Domine,

611 705 756 760 hunc
780 705 1038 760 famulum
1071 714 1246 770 tuum,
1275 713 1329 759 et
1354 705 1790 760 benedictionnm
1815 715 2026 760 tuarum
2055 720 2185 775 pro-

610 796 776 866 pitius
806 795 1055 850 ubertate
1100 795 1348 865 purifica,
1378 805 1435 850 ut
1473 797 1866 851 eruditionibus
1908 797 2013 853 luis
2041 810 2185 853 sem-

609 902 707 957 per
736 874 1126 955 multiplicetur
1152 895 1208 942 et
1238 887 1415 942 doms.
1442 886 1548 942 Per
1570 888 1878 942 Dominum.

868 1011 1189 1053 BBNEDICTIO
1224 1011 1479 1053 BINCIARI
1517 1012 1761 1053 ABCBIEPI
1769 1012 1935 1053 SCOPI.

681 1107 949 1162 Extendat
971 1106 1314 1173 omnipotens
1354 1106 1614 1161 Dominus
1642 1106 1921 1161 dexteram
1962 1119 2075 1161 suae
2098 1103 2187 1159 be-

610 1198 958 1263 nedictionis,
988 1207 1042 1251 et
1082 1197 1323 1252 effundat
1359 1214 1520 1266 super
1555 1206 1608 1253 te
1637 1197 1836 1253 donum
1867 1213 1978 1253 suae
2004 1197 2186 1268 propi-

614 1291 878 1351 tiationis.
903 1298 958 1344 et
987 1289 1286 1344 circumdet
1323 1298 1373 1344 te
1420 1288 1563 1345 felici
1596 1305 1751 1345 muro
1789 1290 2050 1345 custodite
2076 1304 2187 1344 suae

612 1382 984 1454 protectionis,
1015 1390 1219 1436 sanctm
1253 1381 1457 1447 Marim,
1500 1391 1556 1436 et
1592 1382 1833 1436 omnium
1873 1390 2187 1437 sanctorum

614 1474 1075 1529 intercedentibus
1098 1472 1326 1528 meritis.
1372 1473 1565 1527 Amen.
1617 1472 1892 1542 indulgeat
1919 1473 2014 1527 tiot
2046 1473 2188 1526 mala

613 1566 795 1619 omnia
831 1579 952 1633 qua:
977 1564 1217 1634 gessisti,
1241 1572 1296 1619 et
1325 1564 1525 1619 tribuat
1559 1565 1655 1620 tibi
1684 1566 1910 1637 gratiam
1940 1573 1995 1620 et
2022 1565 2187 1620 mise-

614 1653 934 1717 ricordiam,
957 1668 1119 1724 quam
1148 1653 1426 1709 humiliter
1464 1655 1532 1709 ab
1554 1670 1619 1710 eo
1646 1655 1896 1725 deposcis
1926 1671 1940 1709 :
1975 1654 2186 1710 liberet-

613 1757 719 1811 que
741 1750 791 1796 te
815 1743 883 1797 ab
914 1741 1333 1797 adversitatibus
1354 1742 1588 1809 cunctis,
1610 1752 1666 1798 et
1692 1745 1760 1799 ab
1785 1744 2036 1799 omnibus
2058 1744 2187 1799 visi-

542 1878 545 1879 ν
613 1833 802 1888 bilium
851 1842 906 1889 et
936 1834 1284 1889 invisibilium
1319 1835 1661 1890 inimicorum
1710 1835 1939 1890 insidiis.
1989 1836 2182 1891 Amen.

611 1923 847 1995 Angelos
878 1940 1005 1979 suos
1039 1925 1213 1980 bonos
1246 1938 1462 1994 semper
1498 1933 1553 1979 et
1583 1925 1802 1994 ubique,
1834 1926 1925 1995 qui
1959 1933 2009 1980 te
2051 1940 2189 1994 prte-

613 2014 823 2077 eedant,
858 2013 1204 2080 comitentur,
1234 2022 1290 2068 et
1332 2016 1751 2084 subsequantur,
1775 2015 1843 2069 ad
1885 2015 2187 2069 custodiam

615 2102 695 2157 tui
737 2111 943 2172 ponat:
974 2111 1029 2157 et
1061 2117 1092 2157 a
1124 2112 1347 2173 peccato
1389 2118 1483 2159 seu
1523 2104 1725 2171 gladio,
1755 2113 1810 2159 et
1851 2106 1919 2160 ab
1945 2099 2187 2160 dmnium

613 2192 979 2262 periculorum
1040 2192 1387 2260 discrimine,
1434 2202 1486 2250 te
1535 2209 1631 2249 sua
1684 2194 1921 2265 potentia
1971 2195 2184 2251 liberet.

612 2283 807 2338 Amen.
838 2283 1088 2339 inimicos
1113 2292 1234 2340 tuos
1258 2285 1325 2340 ad
1347 2286 1498 2355 pacis
1527 2285 1919 2356 charitatisque
1945 2286 2189 2357 benigni-

614 2382 781 2430 tatem
823 2382 1125 2441 convertat,
1168 2383 1223 2431 et
1272 2375 1413 2446 apud
1451 2376 1695 2431 odicntes
1724 2385 1775 2431 te
1810 2377 2104 2447 gratiosum
2134 2384 2191 2431 et

616 2465 902 2520 amabilem
932 2465 1114 2534 faciat,
1145 2467 1454 2537 pertinaces
1491 2484 1705 2538 quoque
1743 2469 1797 2523 in
1830 2469 1908 2524 tui
1953 2470 2186 2525 insecta-

615 2553 763 2609 tione
807 2564 865 2609 et
902 2555 1029 2610 odio
1061 2555 1379 2611 confusione
1426 2555 1649 2610 salutari
1682 2557 1887 2622 induat,
1926 2573 2091 2627 super
2133 2565 2190 2613 te

617 2653 797 2699 autem
825 2644 1184 2700 sanctificatio
1223 2645 1552 2716 sempiterna
1588 2644 1849 2701 effloreat.
1886 2649 2077 2703 Amen.

686 2733 768 2786 Ad
808 2734 907 2788 ista
940 2736 1094 2789 verba
1123 2752 1142 2790 :
1168 2734 1405 2792 Coronet
1434 2744 1485 2791 te
1524 2735 1807 2805 Dominus,
1834 2740 2041 2794 inunxit
2072 2755 2190 2795 eum

616 2823 940 2880 Hincmarus
970 2828 1385 2897 archiepiscopus
1412 2829 1476 2882 dc
1505 2830 1783 2885 chrismate
1817 2833 1886 2885 ad
1924 2834 2198 2887 dexteram

613 2916 930 2980 auriculam,
962 2928 1009 2972 et
1035 2919 1089 2971 in
1110 2919 1283 2987 fronte
1311 2937 1470 2990 urquc
1490 2921 1558 2973 ad
1580 2924 1849 2975 sinistrum
1874 2923 2192 2992 auriculam,

612 3015 661 3057 et
692 3006 745 3058 in
775 3007 966 3077 capite.

2288 528 2528 592 tempora
2574 530 2629 577 te
2682 521 2852 593 faciat
2876 521 3111 578 feliciter
3147 523 3441 593 gubernare
3468 541 3481 578 :
3508 539 3604 594 quo
3627 526 3780 585 divinis

2285 613 2507 669 monitis
2542 622 2816 684 parentes,
2848 615 3267 670 adversitatibus
3309 615 3544 671 omnibus
3567 629 3779 685 carentes.

2285 703 2443 759 bonis
2486 704 2739 760 omnibus
2786 706 3183 770 exuberantes,
3232 713 3325 760 tuo
3362 706 3637 762 ministerio
3675 709 3783 766 ﬁdeli

2286 807 2473 848 amore
2520 794 2907 864 obsequentes,
2961 802 3018 849 et
3065 794 3120 847 in
3158 794 3412 863 praesenti
3457 795 3634 850 sacculo
3671 802 3784 866 pacis

2288 883 2677 953 tranquillitate
2707 883 2978 948 fruantur,
3007 892 3064 939 et
3093 893 3269 938 tecum
3308 893 3609 939 auem-orum
3631 887 3784 943 civium

2283 975 2562 1030 consortio
2600 976 2763 1046 potiri
2794 984 3131 1031 mereantur.
3160 975 3354 1029 Amen.
3389 976 3532 1041 Quod
3560 977 3656 1046 ipse
3685 994 3787 1049 pra-

2284 1073 2431 1121 stare
2455 1067 2726 1135 dignetur.
2918 1054 2927 1067 ’

2356 1156 2440 1209 Ad
2468 1159 2568 1211 ista
2604 1157 2756 1211 verba
2788 1173 2807 1211 :
2838 1154 3073 1213 Coronet
3102 1163 3155 1211 te
3189 1156 3466 1224 Dominus,
3492 1158 3706 1213 miserunt
3730 1160 3788 1214 illi

2284 1247 2511 1318 episcopi
2535 1265 2780 1303 coronam
2816 1249 2871 1303 in
2896 1251 3085 1316 capite.

2356 1336 2594 1393 Coronet
2618 1348 2670 1394 te
2697 1339 2958 1395 Dominus
2990 1356 3189 1396 corona
3219 1341 3406 1411 glorixe
3428 1350 3580 1411 atque
3598 1340 3789 1409 iustitia,

2286 1438 2350 1484 ut
2393 1445 2519 1485 cum
2556 1430 2663 1486 ﬁde
2710 1440 2884 1498 recta,
2909 1440 2965 1486 et
3007 1432 3293 1501 multiplici
3334 1433 3587 1488 bonorum
3620 1448 3790 1503 operum

2289 1520 2490 1587 fructu,
2518 1523 2588 1578 ad
2613 1538 2871 1578 coronam
2901 1523 3189 1593 pervenias
3228 1524 3381 1594 regni
3428 1525 3670 1594 perpetui,
3710 1526 3792 1594 ipso

2289 1611 2573 1682 largiente,
2600 1610 2755 1681 cujus
2776 1620 2864 1669 est
2895 1628 3119 1683 regnum
3137 1651 3153 1679 ,
3185 1620 3242 1667 et
3273 1612 3549 1682 imperium
3574 1612 3623 1667 in
3645 1614 3790 1668 siccata

2289 1703 2625 1758 seculorum.

2214 1779 2262 1839 B
2359 1795 2442 1849 Ad
2475 1797 2577 1850 ista
2604 1796 2756 1851 verba
2787 1810 2806 1847 .-
2842 1797 2943 1851 Det
2973 1796 3072 1851 tibi
3116 1762 3377 1852 Dominus
3406 1796 3553 1864 velle,
3586 1796 3785 1853 dederunt

2287 1886 2367 1941 illi
2387 1888 2619 1957 palmum
2644 1898 2689 1941 et
2714 1899 2996 1958 sceptrum.

2358 1978 2460 2033 Det
2487 1978 2579 2033 tibi
2610 1977 2872 2033 Dominus
2899 1979 3035 2032 velle
3069 1988 3123 2033 et
3161 1994 3325 2049 posse
3366 1994 3489 2049 quae
3507 1978 3726 2050 praecipit,
3749 1988 3789 2031 ut

2288 2068 2344 2123 in
2380 2069 2530 2139 regni
2562 2068 2827 2139 regimine
2854 2070 3153 2124 secundum
3184 2069 3514 2124 voluntatem
3541 2085 3669 2123 suam
3699 2082 3788 2135 pro-

2288 2159 2497 2221 ficiens,
2531 2176 2654 2215 cum
2698 2161 2876 2229 palma
2919 2163 3326 2232 perseverantis
3354 2162 3583 2217 victoria:
3618 2162 3672 2213 ad
3710 2159 3790 2230 pal-

2289 2270 2433 2310 mam
2469 2256 2758 2323 pervenias
2786 2254 2972 2326 gloriae
3013 2254 3381 2325 sempiterna.
3420 2254 3594 2311 Gratia
3636 2252 3788 2307 Domini

2290 2344 2462 2399 nostri
2490 2342 2621 2399 Iesu
2640 2344 2866 2408 Christi,
2892 2343 2986 2414 qui
3016 2343 3174 2397 vivit.

2335 2447 2340 2453 ’
2780 2470 3079 2512 οωιτιοκεε
3112 2472 3165 2511 IN
3204 2470 3379 2513 IISSA.

2360 2571 2440 2625 Da
2468 2572 2646 2637 nobis,
2695 2571 3039 2641 omnipotens
3107 2570 3272 2636 Deus,
3323 2578 3383 2624 ut
3426 2568 3560 2625 beati
3602 2563 3789 2636 Gorgonii

2293 2668 2554 2739 martyris
2592 2666 2667 2721 tui
2715 2667 3021 2721 veneranda
3077 2665 3396 2720 solemnitas
3442 2672 3495 2718 et
3530 2660 3790 2718 devotionem

2293 2758 2452 2811 nobis
2482 2765 2678 2827 augeat
2700 2764 2757 2809 et
2778 2754 3037 2810 salutem.
3061 2753 3165 2808 Per
3191 2753 3492 2809 Dominum.

2368 2848 2553 2904 Oratio
2576 2866 2671 2919 pro
2698 2865 2831 2918 rege.
2855 2847 3197 2915 Quaesumus,
3221 2846 3575 2915 omnipotens,
3603 2849 3651 2895 ut
3672 2839 3792 2893 famu-

2294 2942 2381 2997 lus
2414 2950 2563 3005 tuus,
2598 2938 2689 3011 qdi
2725 2948 2813 2993 tua
2842 2938 3194 2994 miseratione
3227 2937 3466 3007 suscepit
3507 2933 3638 3005 regni
3661 2929 3791 3001 gubeto

2298 3035 2517 3098 uacula,
2541 3049 2571 3088 a
2597 3044 2649 3088 te
2679 3034 2940 3087 virtutum
2969 3031 3134 3085 etiam
3184 3030 3451 3100 percipiat
3493 3029 3789 3082 incrementa:

685 3119 923 3174 Coronet
949 3127 1002 3176 te
1049 3122 1306 3177 Dominus
1336 3138 1537 3179 corona
1575 3124 1758 3193 gloriae
1800 3125 1851 3179 in
1888 3126 2195 3182 misericor-
2223 3140 2267 3202 ο
2300 3126 2497 3195 quibus
2527 3125 2781 3178 decenter
2806 3129 3055 3185 ornatus,
3085 3128 3142 3174 et
3177 3120 3432 3174 vitiorum
3464 3124 3673 3171 monstra
3696 3109 3791 3202 tita-

616 3211 799 3266 cordia
838 3220 893 3265 et
924 3211 1364 3267 miserationibus
1392 3214 1506 3268 suis
1526 3254 1542 3277 ,
1575 3224 1631 3268 et
1669 3224 1835 3284 ungat
1863 3224 1915 3270 te
1957 3217 2009 3270 in
2040 3216 2190 3285 regni

615 3300 879 3371 regimine
904 3299 1025 3356 oleo
1047 3302 1236 3372 gratiae
1270 3299 1507 3372 Spiritus
1536 3304 1707 3358 sancti
1738 3304 1842 3369 sui,
1873 3306 2013 3361 unde
2035 3307 2190 3364 unxit

615 3393 950 3459 sacerdotes,
997 3407 1173 3466 reges,
1210 3394 1519 3464 prophetas,
1561 3404 1616 3449 et
1650 3407 1941 3468 martyres,
1971 3399 2061 3467 qui
2093 3413 2191 3468 per

616 3480 777 3537 fidem
805 3482 1054 3538 vicerunt
1095 3497 1283 3553 regna,
1311 3490 1367 3536 et
1398 3484 1608 3552 operati
1636 3496 1761 3539 sunt
1785 3484 2074 3553 justitiam,
2108 3496 2192 3542 at-

615 3584 723 3639 que
763 3570 944 3640 adepti
986 3578 1114 3626 sunt
1152 3572 1539 3641 promissiones
1569 3589 1582 3625 ε
1612 3573 1922 3645 eisdemque
1961 3578 2192 3646 promis—

619 3660 862 3723 siouibus
890 3661 1064 3731 gratia
1114 3662 1210 3717 Dei
1261 3663 1453 3733 dignus
1491 3662 1765 3730 efiiciaris,
1804 3677 2074 3737 quatenus
2099 3684 2191 3723 eo-

615 3762 737 3804 rum
785 3752 1062 3806 consortio
1090 3752 1143 3807 in
1190 3754 1398 3809 caelesti
1446 3771 1612 3827 regno
1660 3757 1864 3828 perfrui
1907 3761 2187 3816 merearis.

596 3839 809 3894 ‘Amcn.
841 3840 1203 3897 Victoriosum
1236 3852 1287 3899 te
1333 3853 1492 3914 atque
1535 3848 1982 3918 triumphatorem
2014 3852 2080 3907 de
2115 3852 2196 3907 vi-

618 3927 866 3982 sibilibus
886 3936 1048 4000 atque
1071 3931 1427 3988 invisibilibus
1449 3934 1693 3991 hostibus
1714 3953 1929 4007 semper
1954 3939 2152 3996 efficiat
2174 3955 2191 3995 :

617 4025 673 4069 et
702 4017 875 4071 sancti
923 4020 1160 4075 nominis
1204 4021 1285 4076 sui
1332 4023 1578 4079 timorem
1626 4028 1830 4096 pariter
1857 4039 1911 4084 et
1953 4047 2195 4088 amorem

619 4107 874 4163 Continue
918 4110 1067 4164 cordi
1102 4121 1194 4165 tuo
1226 4110 1493 4180 infundat,
1525 4125 1579 4170 et
1624 4116 1677 4171 iti
1714 4117 1816 4173 fide
1840 4129 1987 4175 recta
2019 4138 2083 4177 ac
2110 4123 2197 4178 bo—

617 4198 705 4253 nis
736 4201 989 4269 operibus
1015 4206 1466 4271 perseverabilem
1507 4209 1719 4275 reddat,
1746 4220 1802 4266 et
1828 4227 1962 4281 pace
2000 4213 2055 4269 in
2078 4214 2197 4271 die-

619 4288 720 4344 bus
750 4291 856 4345 tuis
882 4307 1161 4360 concessa,
1200 4310 1321 4350 cum
1350 4296 1526 4367 palma
1546 4300 1788 4357 victoria:
1825 4312 1877 4358 te
1900 4304 1968 4360 ad
2008 4320 2199 4375 perpe-

617 4387 768 4435 tuum
796 4398 1020 4454 regnum
1043 4386 1321 4454 perducat.
1347 4390 1536 4444 Anien.
1562 4390 1630 4446 Et
1649 4393 1740 4462 qui
1769 4402 1821 4449 te
1852 4395 2018 4450 voluit
2039 4411 2200 4468 super

2296 3231 2378 3277 re,
2409 3223 2463 3269 ct
2499 3215 2567 3268 ad
2601 3223 2656 3269 te
2699 3213 2791 3283 qui
2829 3213 2942 3277 via,
2989 3210 3215 3275 veritas,
3254 3218 3311 3265 et
3335 3209 3444 3263 vita
3482 3221 3558 3270 es,
3593 3201 3793 3275 gratiosus

2290 3305 2467 3359 valeat
2488 3304 2789 3374 pervenire.
2814 3302 2918 3370 Qui
2943 3302 3080 3356 vivis
3108 3310 3163 3356 et
3193 3315 3393 3373 regnas
3416 3313 3533 3354 cum
3558 3296 3668 3350 Deo.

2365 3393 2535 3465 Super
2562 3394 2757 3448 oblata.
2812 3393 3075 3462 Respice,
3117 3391 3352 3446 Domine
3373 3431 3389 3455 ,
3436 3401 3636 3443 munera
3664 3376 3794 3453 populi

2293 3485 2371 3539 tui
2399 3484 2693 3539 festivitate
2722 3484 2922 3546 votiva,
2956 3492 3015 3536 ut
3042 3492 3147 3536 tua:
3173 3478 3487 3536 testificatio
3513 3473 3795 3531 veritatisno-

2293 3576 2380 3632 bis
2403 3576 2652 3643 proficiat
2681 3576 2747 3630 ad
2776 3574 3025 3629 salutem.
3058 3572 3163 3627 Per
3192 3571 3498 3626 Dominum.

2368 3668 2610 3733 Munera,
2640 3683 2969 3739 quaasumus,
2994 3666 3243 3730 Domine,
3261 3663 3444 3719 oblata
3471 3654 3790 3715 sanctificaull

2298 3761 2459 3816 nobis
2485 3759 2762 3829 Unigeniti
2795 3760 2869 3813 tui
2898 3742 3096 3827 corpus
3118 3765 3174 3811 et
3202 3754 3427 3825 sanguis
3454 3754 3593 3812 fiant,
3616 3754 3660 3799 et
3678 3742 3793 3797 Caro-

2295 3851 2350 3907 lo
2380 3852 2492 3923 regi
2536 3862 2723 3907 nostro
2771 3851 2838 3906 ad
2884 3848 3234 3905 obtinendam
3289 3846 3480 3901 anima:
3524 3835 3792 3923 corporing

2300 3920 2554 4008 salutem,
2582 3950 2637 3998 te
2671 3941 2937 4013 largiente
2971 3952 3362 4008 usquequaque
3410 3930 3680 4005 proficiant.
3722 3920 3792 3976 Per

2299 4036 2568 4091 eumdem.
3665 4105 3690 4109 _
3762 4098 3772 4109 ν

2376 4125 2877 4180 Portcommmunio.
2907 4123 3386 4178 Sacramentorum
3421 4125 3615 4171 tuorum
3631 4148 3645 4173 ο
3665 4105 3791 4197 ηοωξ·

2301 4233 2392 4284 ne,
2415 4216 2724 4272 communio
2754 4223 2967 4283 sumpta
3000 4228 3100 4267 nos
3124 4210 3314 4275 solvet,
3341 4215 3396 4264 et
3416 4207 3468 4261 in
3493 4213 3587 4258 tua:
3612 4194 3791 4252 veritatis

2301 4308 2423 4366 luce
2456 4308 2762 4364 confirmet.
2802 4306 2907 4360 Per
2932 4300 3240 4359 Dominum.
3608 4379 3616 4380 ί
3716 4371 3726 4380 _
3772 4370 3781 4380 ,

2374 4398 2534 4472 747
2560 4398 2706 4464 Hinc,
2729 4397 2971 4460 Domine,
3000 4393 3309 4450 communio
3343 4383 3579 4445 salutaris
3600 4371 3788 4472 famulun't

620 4470 875 4539 p0pulum
910 4487 1068 4526 suum
1102 4476 1435 4533 constituere
1476 4494 1681 4552 regem,
1711 4483 1874 4556 746
1900 4494 1955 4540 et
1979 4488 2033 4541 in
2059 4462 2190 4557 prte-

2275 4462 2473 4550 ttuu-m-
2492 4462 2575 4545 —ab
2616 4462 2870 4544 omnibus
2918 4492 3137 4540 tueatur
3180 4479 3461 4537 adversis:
3510 4462 3790 4557 quatenuset

622 4564 763 4617 senti
810 4565 1006 4620 saeculo
1052 4566 1366 4636 felicem,et
1410 4582 1625 4631 auorum
1679 4577 1953 4637 felicitatis
1997 4582 2200 4638 tribuat

625 4667 751 4709 esse
795 4667 1121 4713 consortem.
1163 4660 1357 4719 Amen.
1397 4663 1612 4720 Clerum
1642 4683 1704 4723 ac
1729 4671 2008 4740 populum,
2037 4689 2199 4743 quem

619 4759 717 4800 sua
739 4746 908 4804 voluit
940 4752 1296 4821 opitulatione
1326 4767 1436 4816 tuae
1467 4762 1698 4821 subdere
1722 4764 1935 4834 ditioni,
1965 4782 2064 4824 sua
2094 4770 2202 4825 dis-

2305 4584 2688 4641 ecclesiasticm
2713 4580 2865 4650 pacis
2902 4577 3145 4632 obtineat
3176 4563 3678 4650 tranquillitatemet
3705 4551 3790 4650 ilo“

2306 4676 2473 4731 istius
2496 4641 2755 4742 temporis
2783 4671 3068 4724 decursum
3098 4666 3165 4721 ad
3189 4674 3442 4722 aeternam
3466 4648 3701 4730 pervenill
3717 4641 3791 4695 1³³⁸

2301 4766 2610 4822 reditatem.
2656 4762 2761 4818 Per
2790 4760 3098 4816 Dominum.
