4006 6338
166 564 663 592 ﬁ“

1072 389 1600 452 CORONATIONES
1647 396 1900 457 REGIE.
1941 434 2009 443 —
2043 404 2107 460 ll.
2149 403 2468 468 LUDOVICI
2506 413 2570 468 ll.

3343 428 3448 486 810

667 574 3431 644 --———-——_._______________________________

1709 751 1872 877 ΙΙ.

854 978 1677 1102 CORONATIO
1785 989 2471 1115 LUDOVICI
2592 1005 2740 1119 ΙΙ.

1092 1182 1358 1258 Quando
1394 1200 1513 1245 rea:
1542 1182 1939 1247 Francorum
1975 1201 2373 1258 consecratus
2404 1204 2513 1260 est.

127 1442 332 1554 0'29
383 1445 661 1527 αυθιίιθν
714 1448 1993 1554 isnave“.r2§.eeee_!9eeeees
2027 1455 2433 1554 Dasium;

223 1525 1277 1618 Hincmaroarchiepiscomﬂfuit
1311 1535 1654 1618 coronatus
1701 1530 1769 1592 in
1802 1532 2201 1618 Compendio
2244 1525 2481 1618 palatio
2518 1525 2535 1607 ξ

2962 1290 2997 1322 Ἰ

2428 1464 2549 1567 ξπ
2571 1486 2683 1567 ,hvr
2731 1471 2887 1567 Idus
2921 1478 3317 1567 Decembris,
3353 1494 3431 1558 ab

2574 1553 2836 1641 quando
2869 1564 2938 1645 et
2967 1556 3102 1626 haec
3136 1583 3281 1645 qum
3302 1553 3424 1635 'séi

211 1612 530 1683 quuntur
562 1605 645 1667 ab
675 1604 995 1685 episcOpis
1022 1604 1226 1684 petita
1255 1613 1412 1670 sunt
1444 1607 1614 1686 apud
1645 1626 1887 1688 regem,
1924 1604 1985 1674 et
2012 1614 2092 1676 ab
2129 1633 2206 1679 eo
2244 1604 2559 1697 promissa
2580 1604 2918 1719 episcopis

522 1829 796 1891 PETlTlO
845 1830 1356 1897 EPISCOPORUM.

1761 1836 1811 1894 A
1837 1837 2057 1906 pientis:
2080 1846 2341 1953 pacisque
2380 1852 2638 1915 ineﬁ‘abili
2666 1877 2895 1922 munere
2922 1869 3104 1930 ditasti
3132 1894 3145 1931 :
3190 1883 3419 1953 respice,

2250 1915 2269 1920 _
2667 1915 2893 1922 _V,_-----
2924 1915 3104 1930 ..η-..νη
3132 1918 3145 1931 ο
3190 1915 3419 1953 ιῡδγιυσ,

121 1915 127 1919 .
199 1939 259 1998 Α
290 1943 446 2000 vobis
485 1946 774 2015 νεωστὶπὶ
827 1947 985 2004 nobis
1024 1949 1284 2020 petimus,
1332 1958 1394 2005 ut
1438 1950 1730 2021 unicuique
1835 1941 2164 2033 quaesumus,
2196 1939 2266 1995 ad
2315 1958 2508 2014 preces
2548 1948 2874 2014 humilitatis
2902 1972 3124 2033 nostrae,
3171 1977 3229 2025 et
3274 1972 3420 2031 hunc

120 2036 199 2091 de
232 2036 399 2093 nobis
440 2045 496 2092 et
548 2037 792 2095 ecclesiis
839 2041 998 2097 nobis
1043 2044 1373 2111 commissis,
1428 2045 1724 2100 secundum

120 2127 378 2197 primum
423 2128 719 2199 capitulum
745 2171 761 2197 ,
809 2132 956 2202 quod
998 2133 1295 2191 novissime
1342 2136 1398 2191 in
1448 2136 1723 2194 Carisiaco

1832 2016 2094 2122 famulum
2132 2035 2281 2084 tuum
2313 2033 2625 2108 virtutibus,
2679 2046 2877 2116 quibus
2927 2016 3419 2122 prae—laiosﬂﬁde-le;

1832 2118 1954 2214 t‘uos
1988 2114 2281 2188 decorasti,
2311 2126 2597 2200 multiplici
2620 2114 2847 2199 honoris
2870 2114 3249 2211 benedictione
3280 2172 3416 2214 con-

118 2199 1290 2291 domnusCarolusimperatorpatervester,
1314 2239 1345 2278 a
1376 2240 1436 2280 se
1450 2227 1725 2282 etavobis
1830 2199 2047 2311 ξίξέξπτίν
2077 2216 2135 2311 ξι
2162 2209 2225 2311 "1
2264 2216 2415 2311 ξ’θξηί
2450 2221 2716 2293 regimine
2760 2231 3072 2292 ειιωίωῖῑεῐ·
3098 2240 3329 2311 0011008.
3356 2256 3415 2302 et

118 2316 503 2373 servaturum,
545 2309 1011 2367 consentientibus
1054 2312 1303 2368 ﬁdelibus
1350 2313 1493 2370 illius
1532 2330 1597 2371 ac
1628 2329 1720 2372 ve—

119 2397 285 2461 stris,
314 2405 477 2467 atque
516 2399 829 2468 apostolicae
867 2402 1013 2457 sedis
1041 2402 1255 2475 legatis,
1290 2394 1506 2476 legente
1536 2402 1717 2462 Gauz-

117 2485 279 2555 leno,
301 2488 659 2556 denuntiavit,
688 2494 1008 2550 canonicum
1032 2497 1371 2569 privilegium
1394 2507 1450 2554 et
1480 2499 1717 2556 debitam

115 2576 306 2650 legem
350 2588 515 2652 atque
556 2580 829 2651 justitiam
862 2586 1217 2653 conservetis,
1264 2598 1321 2644 et
1349 2587 1717 2647 defensionem

114 2668 451 2734 exbibeatis,
476 2670 616 2726 sicut
637 2684 733 2726 rex
759 2672 815 2728 in
837 2688 937 2729 suo
963 2690 1131 2745 regno
1151 2676 1442 2748 unicuique
1462 2680 1717 2750 episcopo

114 2766 175 2813 et
241 2758 492 2817 ecclesiae
544 2757 647 2817 sibi
703 2764 1007 2821 commissa:
1053 2780 1151 2836 per
1203 2775 1409 2823 rectum
1459 2767 1715 2825 exhibere

115 2848 306 2905 debet.

593 2939 965 3000 PROMISSIO
1017 2943 1249 3002 REGIS.

182 3046 462 3106 Promitto
483 3053 636 3110 vobis
664 3062 719 3110 et
743 3056 986 3125 perdono
1020 3058 1146 3129 quia
1174 3057 1480 3131 [unicuique
1519 3062 1585 3117 de
1618 3079 1712 3119 vo-

110 3137 204 3192 bis
225 3147 281 3193 et
306 3140 552 3198 ecclesiis
578 3144 731 3200 vobis
768 3145 1095 3210 commissis,
1129 3149 1429 3204 secundum
1469 3152 1705 3221 primum

1827 2290 1947 2393 oleo
1972 2297 2162 2397 gratim
2192 2299 2427 2373 Spiritus
2455 2290 2630 2371 sancti
2665 2318 2741 2373 tui
2776 2335 3043 2397 perungc,
3081 2334 3225 2389 unde
3253 2290 3412 2393 unxi-

1826 2381 1898 2436 sti
1928 2387 2261 2497 satierdotes,
2307 2410 2486 2468 reges,
2517 2381 2833 2477 prophetas,
2880 2424 2937 2469 et
2954 2381 3268 2493 .inartyres,
3316 2428 3409 2497 qui

1824 2485 1924 2539 per
1952 2473 2111 2583 ﬁdem
2133 2480 2382 2541 vicerunt
2409 2503 2595 2561 regna,
2617 2473 2680 2551 et
2717 2473 2925 2570 operati
2948 2517 3078 2562 sunt
3112 2473 3409 2583 justitiam,

1826 2569 1991 2632 atque
2017 2567 2196 2638 adepti
2226 2584 2353 2630 sunt
2390 2567 2800 2646 promissiones.
2840 2592 3009 2662 Cujus
3038 2567 3408 2663 sacratissima;

1824 2654 2010 2755 unctio
2038 2671 2200 2728 super
2231 2675 2395 2733 caput
2428 2668 2547 2738 ejus
2576 2673 2796 2747 deﬂuat,
2828 2654 2991 2753 atque
3034 2654 3121 2744 ad,
3144 2691 3406 2755 interiora

1821 2740 1939 2809 ejus
1965 2745 2281 2821 descendat,
2319 2767 2375 2813 et
2417 2766 2601 2822 cordis
2628 2740 2993 2834 illius'intiina
3038 2794 3303 2856 penetret,
3348 2800 3408 2849 et

1817 2839 2289 2913 promissionibus,
2317 2864 2453 2920 quas
2480 2856 2660 2929 adepti
2686 2875 2813 2920 sunt
2838 2869 3273 2935 victoriosissimi
3309 2896 3403 2937 re-

1818 2941 1931 2996 ges,
1968 2932 2144 3032 gratia
2200 2945 2291 2993 tua
2334 2943 2528 3015 dignus
2575 2950 2842 3012 elliciatur
2879 2978 2893 3012 :
2940 2932 3314 3032 quatenuset
3343 2974 3403 3030 in

1817 3022 2072 3087 praesenti
2100 3028 2300 3085 Steculo
2328 3031 2563 3094 feliciter
2599 3058 2808 3113 regnet,
2853 3058 2908 3105 et
2950 3022 3021 3110 ad
3049 3071 3239 3116 eorum
3270 3078 3403 3120 con-

1816 3112 2044 3167 sortium
2084 3115 2139 3171 in
2171 3120 2378 3179 cmlesti
2419 3142 2588 3201 regno
2614 3112 2915 3204 perveniat.
2959 3144 3065 3202 Per
3107 3149 3397 3212 Dominum

110 3227 416 3298 capitulum
446 3232 589 3302 quod
615 3235 912 3293 novissime
935 3237 993 3293 in
1023 3202 1704 3299 carisiacoldomnusﬂim-
1737 3202 1787 3266 Β
1815 3204 2267 3309 T'°_s"_“m_’e§"_m
2300 3212 2575 3276 Chriswm
2621 3224 2819 3284 Filium
2863 3242 3035 3304 mum:
3064 3241 3157 3309 (ιιιί
3199 3254 3399 3303 unctus

109 3329 344 3389 perator
368 3332 527 3393 pater
553 3341 731 3394 meus,
761 3342 882 3385 3'58
915 3338 970 3385 Εῐ
997 3345 1029 3385 a
1060 3345 1148 3387 me
1181 3341 1547 3400 servaturum,
1576 3351 1708 3391 con-

107 3412 481 3470 sentientibus
509 3415 756 3474 fidelibus
784 3419 927 3475 illius
952 3435 1016 3476 ac
1038 3422 1263 3488 nostris,
1292 3432 1458 3493 atque
1484 3434 1703 3494 aposto-

105 3499 237 3558 lica:
291 3503 433 3558 sedis
479 3504 696 3575 legatis,
751 3507 965 3579 legente
1014 3509 1314 3581 Gauzleno,
1341 3513 1701 3581 denuntiavit,

106 3591 439 3650 canonicum
503 3597 846 3670 privilegium
897 3609 954 3657 et
1017 3602 1254 3659 debitam
1318 3604 1494 3676 legem
1540 3615 1702 3676 atque

102 3683 377 3752 justitiam
403 3690 761 3754 conservabo,
793 3697 849 3745 et
890 3690 1262 3748 defensionem
1299 3703 1563 3764 quantum
1594 3711 1694 3766 po-

109 3785 299 3841 tuero,
324 3776 611 3846 adjuvante
640 3780 891 3849 Domino,
919 3784 1209 3853 exhibebo,
1238 3784 1382 3841 sicut
1403 3802 1496 3843 rex
1516 3787 1570 3842 in
1603 3804 1702 3845 suo

107 3882 282 3938 regno
305 3870 597 3942 unicuique
630 3874 885 3943 episcopo
909 3882 968 3930 et
987 3876 1233 3933 ecclesiae
1259 3878 1363 3935 sibi
1392 3880 1698 3937 commissae

103 3974 209 4029 per
232 3969 444 4016 rectum
487 3962 748 4020 exhibere
776 3964 955 4022 debet.

179 4092 347 4167 748
393 4110 808 4154 BENEDICTIONES
867 4114 1033 4154 seres
1091 4114 1392 4158 Lunovtcuu
1445 4118 1623 4160 necent

794 4206 1006 4249 FACTE.

175 4293 344 4360 Deus,
377 4295 470 4366 qui
498 4294 709 4368 populis
736 4298 843 4356 tuis
880 4301 1083 4360 virtute
1105 4302 1381 4373 (consulis,
1427 4315 1483 4363 et
1506 4323 1693 4365 amore

99 4385 429 4456 dominaris,
462 4388 528 4444 da
555 4390 684 4447 huic
728 4391 932 4449 famulo
967 4401 1064 4451 tuo
1111 4394 1364 4467 spiritum
1412 4401 1691 4470 sapientia:

98 4492 227 4533 cum
258 4479 525 4549 regimine
554 4481 851 4552 disciplina;
880 4503 894 4540 :
937 4495 998 4541 ut
1040 4487 1138 4545 tibi
1185 4498 1299 4546 toto
1327 4491 1493 4549 corde
1521 4494 1687 4550 devo-

1812 3304 1899 3349 est
1927 3296 2048 3353 oleo
2071 3299 2273 3361 laetitiae
2298 3323 2411 3377 prae
2431 3318 2777 3377 consortibus
2806 3326 2937 3391 suis,
2967 3339 3023 3385 et
3052 3296 3252 3391 virtute
3277 3355 3399 3396 cru-

1811 3385 1892 3441 cis
1923 3397 2220 3456 potestates
2265 3400 2442 3458 aerias
2486 3404 2795 3480 debellavit,
2852 3385 3057 3475 tartara
3103 3424 3391 3497 destruxit,

1811 3490 2146 3551 regnumque
2188 3484 2390 3546 diaboli
2435 3501 2734 3568 superavit,
2790 3513 2847 3560 et
2893 3510 3177 3570 adcmlos
3218 3484 3396 3576 victor

1809 3574 2073 3630 ascendit.
2109 3576 2167 3631 ln
2196 3581 2349 3652 cujus
2398 3601 2563 3645 manu
2601 3593 2856 3663 victoria,
2910 3604 3090 3661 omnis
3132 3608 3302 3680 gloria
3333 3622 3392 3670 et

1805 3667 2046 3724 potestas
2080 3668 2405 3738 consistunt,
2437 3683 2494 3730 et
2535 3687 2710 3737 tecum
2746 3684 2881 3742 vivit
2929 3700 2984 3746 et
3009 3667 3200 3767 regnat
3223 3667 3389 3771 Deus,

1805 3749 1860 3804 in
1892 3752 2100 3810 unitate
2143 3759 2387 3829 ejusdem
2432 3765 2668 3836 Spiritus
2708 3778 2903 3844 sancti,
2951 3797 3049 3853 per
3069 3749 3259 3848 3min;

1803 3842 1923 3900 cula
1960 3848 2302 3907 saeculorum.
2340 3854 2537 3914 Amen.
2610 3922 2615 3927 _

2311 4007 2586 4055 lIPOSI'I'IO
2632 4016 2878 4062 CORONE.

1876 4090 2113 4151 Goronet
2135 4104 2187 4152 te
2214 4098 2473 4161 Dominus
2500 4122 2700 4167 corona
2730 4114 2935 4185 gloriae,
2967 4126 3133 4191 atque
3155 4122 3385 4193 justitia:

1800 4179 2029 4279 honore,
2075 4196 2132 4243 et
2162 4204 2329 4260 opere
2360 4193 2713 4271 fortitudinis,
2733 4179 2825 4262 ἰιι
2865 4179 2964 4280 per
3006 4179 3240 4274 cilicium
3281 4236 3387 4279 no-

1797 4282 1924 4329 stra:
1966 4264 2381 4351 benedictionis,
2426 4302 2551 4343 cum
2597 4264 2711 4349 fidei
2752 4264 2928 4367 recta,
2984 4313 3041 4360 et
3090 4308 3381 4381 multiplici

1792 4362 2056 4422 honorum
2108 4385 2332 4441 operum
2398 4376 2611 4448 fructu,
2664 4387 2731 4442 ad
2775 4404 3031 4451 coronam
3089 4362 3380 4468 pervenias

1794 4458 1945 4528 regni
1967 4462 2253 4557 perpetui,’
2272 4464 2390 4535 ipso
2427 4467 2695 4543 largiente
2741 4478 2896 4550 cujus
2949 4458 3175 4557 regnum
3198 4502 3255 4549 et
3276 4458 3380 4552 im;

94 4573 205 4632 tus,
236 4566 293 4622 in
344 4570 496 4640 regni
523 4571 787 4643 regimine
813 4585 1034 4632 maneat
1053 4593 1271 4650 semper
1293 4581 1540 4652 idoneus,
1572 4595 1686 4642 tuo-
1715 4567 1762 4633 (ἶ
1793 4561 2005 4618 penum
2044 4564 2330 4623 permanet
2356 4575 2411 4615 In
2449 4564 2644 4622 ⁸³⁸⁸³1³
2676 4572 3027 4633 smalomm‘
3067 4579 3265 4641 Amen'

91 4679 200 4732 que
230 4680 459 4721 munere
510 4668 679 4738 ipsius
730 4673 1067 4741 temporibus
1115 4677 1383 4733 securitas
1429 4679 1686 4739 Ecclesiae

91 4755 383 4827 dirigatur,
440 4767 496 4812 ct
548 4759 601 4814 in
661 4763 1050 4833 tranquillitate
1106 4767 1322 4826 devotio
1370 4768 1682 4829 Christiana

87 4855 433 4914 permaneat.
465 4846 573 4905 Per
592 4848 902 4909 Dominum.

512 5054 515 5055 ν
592 4997 744 5040 ssent
780 5000 903 5043 om
956 5006 1183 5051 masne.

172 5087 536 5159 Omnipotens
561 5095 889 5166 sempiterne
933 5100 1095 5169 Deus,
1138 5116 1355 5163 creator
1390 5119 1443 5166 et
1485 5115 1679 5183 guber-

84 5187 253 5234 nator
276 5178 404 5235 coeli
433 5190 489 5237 et
513 5191 692 5251 terrae,
738 5189 991 5246 conditor
1030 5201 1085 5248 et
1122 5195 1419 5266 dispositor
1449 5178 1676 5275 angelo-

84 5286 209 5327 rum
239 5282 295 5329 et
320 5273 624 5343 hominum,
665 5281 757 5348 qui
808 5282 1080 5339 Abraham
1124 5286 1382 5345 famulum
1414 5273 1561 5349 tuum
1608 5297 1676 5353 de

84 5359 339 5420 hostibus
377 5366 716 5437 triumphare
757 5369 956 5437 fecisti,
991 5374 1161 5447 Moysi
1188 5386 1242 5434 et
1284 5375 1446 5437 Josue
1475 5388 1673 5456 populo

86 5459 181 5508 tuo
212 5448 454 5525 praelatis
492 5458 845 5531 multiplicem
874 5464 1159 5522 victoriam
1189 5468 1425 5526 tribuisti
1452 5448 1673 5532 {mium

82 5541 192 5601 lem
221 5562 441 5620 quoque
470 5551 640 5609 David
678 5570 905 5625 puerum
941 5568 1091 5616 tuum
1124 5563 1276 5633 regni
1303 5564 1520 5638 fastigio
1544 5572 1671 5625 sub-

82 5632 311 5705 limasti,
353 5656 589 5714 eumque
637 5646 706 5702 de
734 5663 830 5704 ore
858 5649 1052 5719 leonis,
1084 5662 1139 5708 et
1163 5632 1230 5710 de
1267 5646 1666 5729 manu‘bestiar,

82 5736 246 5800 atque
278 5730 473 5801 Goliae,
498 5737 593 5792 sed
621 5746 677 5793 et
720 5738 787 5795 de
826 5741 1003 5812 gladio
1033 5745 1274 5819 maligno
1305 5748 1435 5804 Saul
1470 5762 1524 5808 et
1550 5769 1667 5811 om-

82 5818 232 5898 nium
258 5822 601 5883 inimicorum
641 5828 763 5903 ejus
796 5832 1058 5905 liberasti,
1094 5848 1149 5895 et
1178 5818 1523 5902 Salomouem
1574 5863 1661 5905 sa-

367 5922 639 5987 ΡΑτιιοι..
687 5924 937 5992 CXXV.

2211 4688 2377 4762 749
2410 4707 2631 4753 εεερτιιι
2672 4688 2947 4764 'rnADI'rio.

1859 4794 2057 4902 accipe
2080 4810 2370 4872 sceptrum,
2385 4810 2567 4902 regiae
2591 4820 2875 4884 potestatis
2900 4821 3129 4896 insigne,
3159 4828 3374 4902 virgam

1786 4885 1995 4943 scilicet
2020 4899 2225 4947 rectam
2248 4897 2417 4966 regni,
2446 4901 2654 4974 virgam
2680 4907 2900 4966 virtutis
2926 4930 2939 4966 :
2967 4885 3074 4985 qua
3103 4885 3159 4973 te
3189 4885 3370 4989 ipsum

1784 4973 1923 5032 bene
1948 4992 2135 5048 regas,
2175 4994 2422 5041 sanctam
2449 4973 2787 5066 Ecclesiam,
2823 4973 3078 5073 populum
3115 4973 3376 5067 videlicet

1783 5067 2150 5129 Christianum
2179 5075 2275 5131 tibi
2301 5094 2331 5134 a
2358 5078 2472 5138 Deo
2496 5067 2868 5160 commissum,
2893 5067 3045 5167 regia
3066 5096 3267 5155 virtute
3295 5098 3366 5158 ab

1781 5159 2041 5230 improbis
2066 5165 2321 5226 delendas
2338 5210 2353 5239 ,
2389 5188 2590 5243 pravos
2613 5159 2889 5254 corrigas,
2928 5159 3107 5245 rectos
3135 5200 3196 5246 ut
3218 5191 3366 5248 viam

1781 5261 1986 5308 rectam
2017 5263 2205 5314 tenere
2236 5263 2449 5330 possint
2479 5274 2570 5324 tuo
2588 5268 2867 5338 juvamine
2900 5275 3140 5348 dirigas:
3166 5291 3363 5352 quate—

1778 5360 1882 5400 nus
1905 5346 1973 5401 de
1996 5352 2284 5420 temporali
2311 5370 2480 5426 regno
2511 5360 2582 5414 ad
2617 5371 2880 5421 aeternum
2909 5346 3361 5443 regnumperve-

1776 5436 1917 5503 nias,
1941 5438 2059 5509 ipso
2079 5443 2367 5515 adjuvante
2403 5450 2558 5521 cujus
2594 5469 2819 5526 regnum
2847 5468 2903 5515 et
2926 5436 3218 5530 imperium
3240 5463 3361 5521 sine

1774 5527 1882 5585 fine
1909 5544 2192 5601 permanet
2219 5538 2275 5594 in
2306 5542 2503 5600 saecula
2528 5548 2869 5607 saeculorum.
2899 5552 3097 5609 Amen.

2343 5668 2778 5718 BENEDICTIQNES.

1841 5755 2100 5815 Dominus
2129 5760 2270 5818 Deus
2305 5766 2669 5838 omnipotens,
2712 5774 2803 5844 qui
2848 5775 2984 5831 dixit
3025 5777 3091 5832 ad
3131 5776 3352 5850 Moysen

1770 5863 1986 5905 servum
2009 5865 2187 5923 suum,
2217 5853 2451 5927 Loquere
2476 5863 2545 5916 ad
2566 5864 2744 5921 Aaron
2770 5866 2989 5936 fratrem
3015 5879 3186 5956 tuum,
3208 5870 3349 5952 eis}!

2871 5964 2949 6024 26
