4006 6338
232 402 340 460 813

726 504 1051 575 aeaemcrto
1073 534 1304 574 ποιΝῶ

302 607 380 663 Te
408 609 740 677 invocamus,
766 612 990 668 Domine
1018 622 1223 679 sancte,
1253 614 1416 668 Pater
1441 613 1801 685 omnipotens,

226 707 434 752 aeterne
465 698 608 753 Deus
627 738 642 762 ,
673 711 733 754 ut
760 701 901 757 hanc
933 702 1185 758 famulam
1211 711 1378 769 tuam,
1406 720 1566 774 quam
1595 714 1697 759 tuae
1725 704 1804 758 di-

225 791 373 845 vina:
411 790 829 861 dispensationis
870 795 1206 864 providentia
1229 797 1281 852 in
1304 807 1624 868 praesentem
1659 799 1802 853 diem

220 879 467 950 juvenali
516 881 648 937 flore
696 881 968 939 laetantem
1020 899 1270 941 crescere
1312 887 1647 952 concessisti,
1698 895 1803 942 tuae

221 969 447 1038 pietatis
485 969 625 1025 dono
662 971 908 1036 ditatam,
956 972 1171 1043 plenam
1209 974 1456 1029 veritatis
1501 975 1568 1030 de
1612 974 1702 1030 die
1745 975 1802 1030 in

219 1059 287 1112 in
315 1059 455 1114 diem
492 1073 674 1114 coram
713 1069 768 1116 te
798 1071 856 1117 et
884 1062 1192 1120 hminibus
1227 1063 1295 1119 ad
1333 1065 1558 1120 meliora
1586 1080 1800 1137 semper

217 1149 492 1220 proﬁcere
516 1150 685 1207 facias
719 1170 734 1206 :
775 1161 836 1208 ut
856 1153 1196 1226 in‘regimine
1219 1169 1316 1211 suo
1349 1157 1535 1226 gratia:
1556 1172 1800 1228 superna:

216 1239 533 1312 largitatem
553 1245 896 1314 congaudens
915 1246 1193 1317 suscipiat,
1215 1255 1271 1302 et
1288 1247 1672 1304 misericordiae
1694 1259 1800 1305 tute

215 1346 384 1386 muro
408 1332 736 1390 adversitate
765 1335 1001 1407 undique
1026 1337 1233 1392 munita
1253 1377 1270 1403 ,
1301 1353 1425 1392 cum
1447 1353 1582 1410 pace
1611 1340 1796 1410 propi-

214 1420 466 1477 tiationis
489 1423 671 1479 vivere
695 1434 987 1481 mereatur.
1009 1425 1114 1483 Per
1138 1425 1448 1483 Dominum.

781 1534 1005 1592 Sursum
1043 1537 1224 1592 corda.

294 1623 520 1679 Domine
544 1634 731 1680 sancte
749 1665 764 1691 ,
802 1625 965 1682 Pater
991 1629 1363 1697 omnipotens,
1389 1637 1590 1686 aeterne
1630 1631 1794 1696 Deus,

209 1715 512 1770 electorum
541 1709 797 1771 fortitudo
818 1754 836 1782 ,
879 1725 936 1770 et
975 1716 1255 1773 humilium
1282 1719 1545 1776 celsitudo
1567 1761 1582 1788 ,
1611 1724 1701 1792 qui
1739 1723 1792 1776 in

206 1808 516 1877 primordio
556 1823 655 1878 per
701 1809 1022 1866 effusionem
1075 1811 1260 1867 diluvii
1323 1813 1552 1868 crimina
1605 1815 1789 1870 mundi

895 403 1420 464 CORONATIONES
1457 404 1708 461 REGM‘I.
1754 436 1821 445 —-
1858 404 1945 459 IV.
1987 404 2502 466 HERMINTRUDIS
2539 409 2838 467 REGlN/E.

1827 517 1882 577 Δ
2524 535 2845 577 concurro.

3375 415 3481 472 8M

1975 627 2156 684 Gloria
2177 637 2233 683 et
2257 629 2465 686 honore
2493 640 2717 687 coronat
2743 642 2792 686 te
2812 632 3090 700 Dominus,
3119 641 3174 689 et
3199 645 3362 706 ponat
3385 653 3446 694 su
3472 677 3474 680 μ

1902 734 2001 789 per
2014 729 2175 790 caput
2200 730 2350 777 tuum
2389 737 2642 778 coronam
2664 723 2730 778 de
2764 725 2990 792 spiritali
3016 725 3192 795 lapide
3213 728 3466 796 pretioso,

1903 811 2231 884 utquidquid
2255 813 2310 868 in
2339 812 2544 884 fulgore
2569 815 2730 885 752
2763 815 2878 868 auri
2903 854 2919 880 ,
2949 824 3004 869 et
3037 815 3092 870 in
3117 818 3268 872 vario
3295 819 3472 874 nitore

1902 911 2235 972 gemmarum
2263 900 2618 973 signiﬁcatur,
2649 906 2751 959 hoc
2778 904 2832 959 in
2868 905 2972 960 tuis
2993 905 3250 974 moribus,
3279 907 3383 963 hoc
3410 908 3467 964 in

1900 991 2112 1048 actibus
2160 1007 2375 1063 semper
2415 992 2887 1063 refulgent:quod
2919 995 3034 1064 ipse
3075 1005 3333 1065 praestare
3383 998 3468 1052 di-

1903 1091 2135 1154 gnetur,
2190 1086 2277 1141 cui
2322 1091 2407 1142 est
2448 1085 2622 1141 honor
2674 1092 2732 1140 et
2776 1084 2948 1156 gloria
2997 1086 3054 1142 in
3116 1088 3311 1144 saecula
3363 1104 3466 1145 sa:-

1901 1173 2163 1231 culorum.

2462 1323 2894 1366 BENEDICTIONES.

1967 1437 2222 1506 Benedic,
2254 1439 2502 1507 Domine,
2527 1442 2670 1498 hanc
2683 1441 2941 1500 famulam
2973 1450 3154 1512 tuam,
3183 1443 3276 1517 qui
3302 1460 3468 1518 regna

1899 1545 2086 1600 regum
2115 1547 2146 1586 a
2183 1532 2377 1587 saeculo
2398 1534 2716 1590 moderaris.
2745 1536 2941 1591 Amen.

1913 1635 1915 1638 ‘
1967 1622 2139 1692 Opera
2167 1638 2421 1680 manuum
2452 1625 2594 1680 illius
2619 1627 2864 1696 suscipe,
2897 1635 2952 1682 et
2976 1627 3350 1685 benedictione
3373 1638 3465 1684 tua

1897 1720 2044 1769 terra
2089 1715 2206 1786 ejus
2250 1716 2317 1771 de
2357 1717 2530 1786 pomis
2570 1716 2840 1773 fructuum
2881 1718 3025 1786 eteli,
3058 1728 3112 1775 et
3138 1735 3262 1777 rore
3305 1730 3468 1791 atque

1898 1804 2094 1874 abysso
2119 1805 2430 1874 subjaoente
2449 1806 2738 1875 repleatur.
2766 1805 2959 1862 Amen.

206 1898 437 1968 purgari
464 1897 708 1966 voluisti,
730 1909 785 1956 et
803 1916 898 1970 per
925 1901 1227 1958 columbam
1255 1919 1465 1958 ramum
1487 1905 1641 1960 olivae
1662 1921 1782 1976 por-

1967 1865 2046 1948 De
2077 1865 2282 1948 vertice
2311 1865 2658 1964 antiquorum
2686 1895 2949 1950 montium
2978 1903 3032 1951 et
3057 1895 3274 1951 collium
3307 1904 3468 1953 arter-

207 1995 421 2043 tantem
453 2004 638 2058 pacem
662 1990 822 2046 terris
850 1993 1115 2047 redditam
1145 1993 1530 2050 demonstrasti
1557 2013 1570 2049 :
1595 1997 1790 2050 iterum

204 2078 398 2131 Aaron
426 2077 680 2133 famulum
705 2087 855 2134 tuum
878 2095 978 2150 per
997 2082 1306 2136 unctionem
1325 2082 1427 2138 olei
1457 2085 1790 2140 sacerdotem

201 2170 442 2234 mxisti,
483 2178 540 2224 et
574 2178 761 2239 postea
790 2187 886 2241 per
911 2170 1028 2241 ejus
1052 2173 1309 2241 unguenti
1341 2173 1689 2240 infusionem,
1721 2175 1789 2230 ad

203 2262 506 2332 regendum
541 2262 794 2333 populum
817 2263 1176 2320 lsraeliticum
1201 2304 1216 2329 ,
1244 2265 1574 2330 sacerdotes,
1607 2281 1782 2337 reges,

199 2361 267 2405 et
291 2351 580 2420 prophetas
621 2351 916 2422 perfecisti,
946 2353 1260 2423 vultumque
1304 2354 1558 2411 Ecclesiae
1588 2357 1641 2411 in
1669 2357 1789 2412 oleo

201 2439 620 2494 cxbilarandum
657 2442 972 2512 prophetica
997 2441 1186 2497 famuli
1215 2443 1292 2498 tui
1313 2458 1446 2500 voce
1471 2443 1639 2500 David
1665 2460 1788 2501 esse

203 2530 513 2599 praedixisti
542 2547 556 2585 :
581 2533 673 2601 qui
698 2534 800 2588 hoc
833 2534 998 2588 etiam
1023 2546 1298 2606 unguento
1329 2534 1543 2591 famulae
1569 2545 1673 2591 tua;
1692 2535 1787 2591 Ju-

205 2620 330 2674 dith
359 2621 427 2675 ad
455 2620 829 2678 liberationem
857 2638 1134 2679 servorum
1166 2634 1410 2691 tuorum,
1436 2635 1492 2682 et
1511 2625 1784 2682 confusio-

209 2726 342 2766 nem
369 2711 710 2768 inimicorum
728 2752 746 2779 ,
769 2713 974 2769 vultum
1001 2714 1336 2778 exliilarasti.
1369 2724 1426 2772 et
1447 2715 1654 2772 ancilla:
1679 2724 1785 2770 tum

207 2803 410 2858 Esther
455 2802 649 2859 faciem
690 2805 794 2860 hac
841 2805 1067 2876 spiritali
1111 2805 1493 2862 misericordia:
1540 2816 1646 2864 tua:
1684 2824 1784 2863 un-

204 2895 390 2948 ctione
437 2894 574 2949 adeo
607 2893 876 2950 lucilluam
912 2895 1209 2960 reddidisti,
1258 2904 1318 2950 ut
1359 2895 1638 2951 efferatum
1687 2911 1783 2952 cor

203 2987 352 3056 regis
373 2987 439 3040 ad
468 2986 917 3055 misericordiam,
943 2999 1001 3044 et
1029 2988 1380 3044 salvationem
1404 2988 1460 3043 in
1487 2999 1540 3043 te
1561 2989 1782 3044 creden-

203 3076 366 3137 tium,
395 3076 562 3146 ipsius
599 3079 849 3146 precibus
872 3079 1177 3134 inclinares.
1206 3079 1282 3135 Te
1307 3093 1633 3149 quaesumus,
1657 3093 1777 3132 om-

205 3167 459 3236 nipoteus
488 3166 631 3222 Deus
650 3208 666 3233 ,
698 3178 758 3224 ut
784 3184 883 3239 per
903 3170 1064 3240 hujus
1091 3177 1356 3226 creaturae
1376 3169 1774 3240 pinguedinem,

205 3257 470 3312 columbae
507 3273 662 3328 pace,
712 3261 1090 3331 simplicitate,
1122 3276 1187 3316 ac
1218 3261 1476 3330 pudicitia
1521 3260 1774 3314 decoram

201 3347 426 3402 efﬁcias.
456 3348 556 3404 Per
582 3351 865 3406 Dominum
898 3361 1140 3407 nostrum
1165 3352 1349 3407 Iesum
1377 3351 1650 3408 Christum
1682 3350 1773 3406 Fi-

205 3437 340 3492 lium
365 3447 534 3505 tuum,
575 3443 664 3510 qui
696 3452 954 3499 venturus
977 3451 1060 3498 est
1081 3442 1348 3512 judicare.

1894 2001 2088 2041 norum
2109 2026 2123 2052 ,
2155 1987 2221 2042 de
2259 1986 2502 2058 frugibus
2545 1998 2706 2045 terra:
2735 1998 2789 2045 et
2820 1989 3150 2061 plenitudine
3187 1992 3338 2064 ejus,
3370 2001 3462 2048 tua

1893 2075 2270 2132 benedictione
2306 2077 2532 2134 laetetur.
2561 2081 2755 2136 Amen.

1960 2166 2273 2222 Benedictio
2299 2167 2440 2223 illius
2464 2169 2556 2238 qui
2584 2169 2833 2240 apparuit
2856 2169 2911 2226 in
2939 2171 3074 2227 rubo
3093 2171 3277 2228 veniat
3301 2186 3463 2243 super

1890 2269 2052 2331 caput
2069 2261 2204 2330 ejus.
2219 2261 2294 2315 Da
2307 2262 2356 2316 ei
2373 2261 2438 2317 de
2459 2277 2581 2318 rore
2605 2262 2752 2329 cmli,
2768 2273 2824 2318 et
2847 2264 2914 2318 de
2937 2264 3259 2335 pinguedine
3280 2274 3462 2332 terrae,

1888 2352 2272 2408 abundantiam
2312 2353 2567 2411 frumenti
2607 2364 2664 2410 et
2700 2355 2810 2410 vini
2846 2371 2860 2409 :
2905 2362 2966 2410 ut
3011 2356 3249 2412 serviant
3287 2357 3364 2411 illi
3396 2371 3462 2412 ac

1889 2443 2080 2499 semini
2118 2444 2237 2512 ejus
2268 2445 2482 2516 populi,
2510 2454 2564 2502 et
2589 2446 2646 2500 in
2668 2446 2874 2502 honore
2900 2453 2993 2502 tuo
3029 2447 3204 2506 tribus
3229 2446 3374 2502 illam
3403 2457 3461 2502 et

1888 2546 2073 2588 semen
2095 2531 2215 2602 ejus
2251 2533 2496 2589 adorent.
2518 2533 2714 2588 Amen.
2801 2587 2804 2590 .
3157 2585 3161 2588 .

1959 2623 2129 2692 Reple
2162 2638 2283 2678 eam
2311 2622 2778 2678 benedictionibus
2799 2622 3026 2678 uberum
3048 2630 3105 2677 et
3127 2619 3300 2678 vulvae
3328 2640 3341 2676 :
3367 2622 3464 2679 be—

1889 2715 2226 2771 nedictiones
2258 2725 2476 2784 patrum
2503 2714 2852 2785 antiquorum
2884 2713 3200 2770 confortata‘.
3229 2715 3339 2770 sint
3365 2730 3461 2770 su-

1884 2817 1984 2875 per
2011 2816 2155 2869 eam,
2177 2812 2234 2858 et
2262 2817 2422 2873 super
2442 2815 2625 2858 semen
2647 2802 2788 2873 ejus,
2811 2802 2952 2858 sicut
2977 2802 3275 2873 promisisti
3297 2817 3458 2859 servo

1886 2900 1978 2947 tuo
2000 2891 2250 2958 Abrahze,
2280 2901 2336 2947 et
2357 2891 2555 2950 semini
2579 2889 2698 2960 ejus
2723 2892 2776 2946 in
2804 2891 3020 2948 saecula.
3050 2893 3247 2948 Amen.

1954 2981 2225 3045 Concede,
2251 2997 2560 3052 quaesumus
2581 3022 2597 3048 ,
2647 2981 2992 3052 omnipotens
3047 2989 3104 3037 et
3153 2979 3464 3036 misericors

1883 3073 2026 3128 Deus
2049 3113 2066 3140 ,
2095 3081 2160 3129 ut
2183 3074 2300 3130 haec
2330 3075 2470 3130 dona
2507 3085 2630 3141 tua,
2659 3087 2781 3145 quae
2805 3072 2993 3133 ﬁdeles
3027 3073 3106 3133 tui
3133 3083 3464 3150 acceperunt

1881 3165 1951 3220 de
1974 3181 2138 3220 manu
2161 3176 2271 3232 tua,
2302 3167 2553 3222 dantibus
2577 3207 2596 3232 ,
2623 3167 3030 3238 accipientibus,
3060 3178 3118 3226 et
3140 3171 3456 3244 dispensan-

1881 3258 2046 3324 tibus,
2067 3258 2137 3316 ad
2158 3259 2440 3330 prementis
2455 3260 2579 3315 vita:
2597 3260 2917 3327 subsidium,
2945 3275 3012 3316 ac
3031 3261 3454 3332 redemptionem

1881 3351 2218 3418 animarum,
2249 3362 2413 3422 atque
2441 3353 2510 3408 ad
2544 3353 2716 3410 vitam
2749 3356 3140 3425 capessendam
3166 3355 3457 3426 proficiant

1881 3441 2284 3514 sempiternam.
2308 3441 2414 3497 Per
2433 3441 2742 3499 Dominum.

1714 3792 1933 3921 IV.

924 3931 2005 4140 HERMINTRUDIS
2111 4022 2720 4138 REGIN/E.

276 4335 682 4393 ALLOCUTIO
703 4334 1012 4394 DUORUH
1043 4332 1573 4392 EPISCOPORUM
1598 4336 1653 4390 in
1683 4353 1770 4391 ec-

195 4433 364 4487 clesia
422 4433 589 4487 sancti
641 4431 883 4486 Medardi
903 4470 920 4496 ,
967 4429 1176 4500 quando
1222 4427 1614 4484 Hermintrudis
1665 4428 1768 4498 fuit

193 4531 504 4576 consecrata
538 4522 594 4576 in
623 4523 872 4592 reginam.

272 4612 532 4667 Volumus
555 4627 653 4667 vos
677 4611 839 4675 scire,
858 4609 1084 4677 fratres,
1106 4610 1232 4680 quia
1255 4612 1481 4666 domnus
1504 4616 1561 4664 et
1584 4608 1770 4666 senior

1877 4336 1934 4391 in
1965 4349 2158 4390 manus
2177 4348 2398 4391 suorum
2432 4341 2836 4390 antecessorum
2870 4331 3194 4392 mirabiliter
3221 4335 3437 4394 aduna-

1873 4426 1995 4482 vit:
2023 4426 2166 4495 quod
2207 4425 2311 4495 ipsi
2340 4425 2652 4482 decessores
2697 4427 2780 4481 sui
2817 4424 3072 4482 nobiliter
3107 4427 3441 4498 gubernaveo

1872 4524 2022 4582 runt,
2064 4525 2120 4572 et
2161 4531 2259 4587 per
2304 4517 2678 4573 successiones
2715 4532 2813 4572 sua
2859 4517 3147 4594 progenies
3174 4535 3346 4590 usque
3374 4522 3443 4577 ad

1873 4609 1992 4664 hac
2017 4616 2260 4678 tempora
2289 4607 2450 4662 rexit.
2476 4606 2544 4662 Et
2572 4606 2664 4662 isti
2694 4615 2878 4662 nostro
2897 4607 3096 4664 seniori
3120 4607 3260 4665 Deus
3282 4608 3445 4676 ﬁlios,

193 4710 407 4766 noster,
432 4702 658 4758 Carolus
683 4717 774 4758 rex
797 4701 1082 4772 gloriosus,
1105 4710 1303 4757 nostra:
1333 4699 1653 4756 humilitatis
1680 4715 1770 4771 pe-
1795 4746 1849 4772 η
1872 4699 2016 4756 sicut
2052 4698 2208 4755 vobis
2236 4706 2426 4753 notum
2453 4707 2559 4764 est,
2593 4698 2780 4754 dedit:
2810 4697 2867 4753 in
2902 4713 3134 4769 quorum
3164 4700 3447 4757 nobilitate

197 4793 288 4846 tiit
330 4792 688 4858 devotionem,
736 4801 795 4846 ut
835 4792 1158 4847 auctoritate
1205 4790 1488 4846 ministerii
1533 4789 1690 4847 nobis
1735 4804 1769 4845 a

196 4883 310 4936 Deo
347 4882 542 4945 collati,
589 4883 728 4938 sicut
768 4885 881 4952 ipse
913 4883 968 4938 in
999 4897 1181 4954 regem
1219 4890 1303 4937 est
1340 4891 1534 4938 unctus
1561 4892 1619 4939 et
1641 4896 1772 4937 con-

195 4981 448 5026 secratus
487 4972 776 5042 episcopali
821 4975 1175 5037 auctoritate,
1214 4973 1470 5027 unctione
1508 4986 1665 5028 sacra
1715 4979 1773 5026 et

196 5060 596 5127 benedictione,
638 5061 802 5117 veluti
851 5063 903 5116 in
956 5061 1254 5131 Scripturis
1301 5061 1528 5133 legimus
1585 5061 1770 5117 Domi-

194 5164 331 5204 num
388 5151 706 5221 prmcepisse
739 5161 800 5206 ut
825 5165 980 5222 reges
1007 5161 1339 5222 ungerentur
1373 5161 1430 5208 et
1482 5167 1768 5208 sacraren-

195 5253 290 5296 tur
308 5243 363 5297 in
375 5244 574 5314 regiam
597 5253 916 5315 potestatem
939 5259 956 5299 :
979 5244 1051 5299 ita
1071 5259 1293 5300 uxorem
1315 5260 1467 5300 suam
1492 5245 1765 5302 dominam

194 5344 440 5390 nostram
455 5336 511 5388 in
525 5336 739 5392 nomine
752 5336 948 5406 reginae
962 5335 1364 5402 benedicamus,
1377 5334 1517 5391 sicut
1528 5345 1582 5390 et
1598 5351 1626 5389 a
1643 5336 1771 5390 sede

194 5427 492 5497 apostolica
519 5435 576 5481 et
612 5442 642 5482 a
670 5429 870 5482 nostris
894 5425 1268 5482 decessoribus
1284 5435 1440 5481 antea
1467 5426 1532 5481 de
1548 5425 1669 5482 aliis
1690 5426 1770 5480 fa-

193 5525 346 5570 ctum
377 5516 539 5587 753
563 5518 942 5587 comperimus.
975 5518 1044 5574 Et
1064 5524 1124 5571 ut
1149 5531 1258 5572 non
1282 5516 1435 5572 vobis
1465 5517 1538 5574 sit
1565 5518 1767 5573 mirum

195 5623 370 5679 quare
405 5610 507 5664 hoc
542 5617 710 5680 petat,
740 5609 1065 5665 fraternitati
1107 5617 1300 5664 vestra:
1339 5609 1602 5665 rationem
1646 5609 1769 5665 red-

194 5701 332 5756 dere
378 5709 732 5757 maturamus.
781 5699 1041 5757 Videlicet
1079 5699 1228 5770 quia,
1272 5699 1413 5755 sicut
1465 5699 1651 5757 multis
1683 5708 1769 5758 est

195 5793 495 5863 cognitum,
522 5793 661 5851 Deus
685 5795 1028 5864 omnipotens
1055 5808 1152 5850 sua
1179 5793 1350 5864 gratia
1376 5793 1515 5851 istud
1539 5809 1761 5866 regnum

1795 4746 1850 4809 D

1875 4791 1946 4848 ad
1972 4797 2217 4848 sanctam
2242 4789 2536 4846 Ecclesium
2557 4797 2615 4845 et
2638 4804 2883 4860 regnum,
2925 4792 3068 4860 quod
3102 4790 3246 4848 Deus
3273 4791 3348 4847 illi
3374 4790 3442 4846 ad

1873 4883 2171 4955 regendum
2195 4883 2487 4947 commisit,
2513 4882 2699 4938 fideles
2723 4882 2866 4936 illius
2886 4897 3036 4952 spem
3067 4883 3358 4938 maximam
3385 4897 3446 4938 se

1873 4973 2078 5028 habere
2107 4980 2232 5028 sunt
2257 4971 2532 5041 gratulati.
2563 4971 2640 5026 De
2682 4971 2877 5042 quibus
2916 4971 3032 5042 ipse
3078 4970 3289 5040 aliquos
3333 4971 3445 5026 Deo

1869 5061 2102 5140 obtulit,
2121 5069 2179 5116 ut
2209 5063 2372 5116 etiam
2406 5063 2473 5116 de
2509 5059 2692 5116 fructu
2739 5059 2948 5115 ventris
2989 5059 3072 5114 sui
3116 5059 3445 5115 oblationem

1871 5155 1986 5212 Deo
2029 5155 2289 5212 offerret:
2321 5154 2528 5225 aliquos
2567 5153 2710 5208 Deus
2754 5151 2931 5207 adhuc
2956 5159 3116 5206 aetate
3152 5150 3444 5206 immatura

1871 5262 1972 5303 sua
2010 5245 2184 5318 gratia
2215 5245 2282 5302 de
2312 5246 2416 5301 hoc
2449 5243 2648 5300 smculo
2694 5241 2892 5311 rapuit,
2947 5256 3036 5307 ne,
3067 5249 3128 5294 ut
3174 5241 3437 5310 scriptum

1867 5347 1970 5404 est,
1997 5339 2200 5396 malitia
2228 5344 2465 5393 mutaret
2482 5336 2646 5392 corda
2682 5348 2872 5389 eorum
2897 5349 2912 5386 :
2940 5332 3211 5402 aliquibus
3236 5328 3436 5396 autem,

1867 5433 2010 5503 quod
2055 5447 2153 5488 vos
2195 5446 2305 5486 non
2345 5430 2497 5496 latet,
2542 5443 2640 5483 suo
2666 5425 2873 5496 judicio
2919 5423 3080 5480 talem
3125 5421 3432 5494 passionem

1863 5522 2114 5593 permisit
2151 5521 2450 5584 incurrere,
2489 5519 2633 5576 sicut
2669 5515 2856 5573 fideles
2895 5515 3042 5570 illius
3072 5520 3440 5593 agnoscuntur

1863 5595 2066 5672 dolere.
2097 5614 2393 5684 Propterea
2434 5611 2572 5683 petit
2607 5608 3037 5666 benedictionem
3072 5603 3432 5678 episcopalem

1864 5719 2028 5777 super
2061 5718 2286 5760 uxorem
2322 5717 2476 5758 suam
2526 5701 2736 5767 venire,
2787 5707 2848 5754 ut
2888 5698 3049 5754 talem
3097 5693 3335 5753 sobolem
3383 5692 3433 5748 ei

1862 5793 2123 5851 Dominus
2149 5793 2216 5850 de
2240 5791 2331 5848 illa
2363 5790 2615 5864 dignetur
2659 5791 2884 5857 donare,
2927 5787 3069 5844 unde
3103 5795 3291 5843 sancta
3330 5783 3432 5839 Ec-
