  <div class='ocr_page' id='page_1' title='image "/cluster/home/n/w/nwhite01/storage/ocr_20150623/125/hvd.32044015471667/414.png"; bbox 0 0 4006 6338; ppageno 0'>
   <div class='ocr_carea' id='block_1_1' title="bbox 202 413 304 469">
    <p class='ocr_par' dir='ltr' id='par_1_1' title="bbox 202 413 304 469">
     <span class='ocr_line' id='line_1_1' title="bbox 202 413 304 469; baseline -0.02 0"><span class='ocrx_word' id='word_1_1' title='bbox 202 413 304 469; x_wconf 74' lang='grc'><strong>817</strong></span> 
     </span>
    </p>
   </div>
   <div class='ocr_carea' id='block_1_2' title="bbox 1128 387 2538 459">
    <p class='ocr_par' dir='ltr' id='par_1_2' title="bbox 1128 387 2538 459">
     <span class='ocr_line' id='line_1_2' title="bbox 1128 387 2538 459; baseline -0.009 -2"><span class='ocrx_word' id='word_1_2' title='bbox 1128 398 1569 459; x_wconf 82' lang='lat' dir='ltr'><strong>EXPLANATIO</strong></span> <span class='ocrx_word' id='word_1_3' title='bbox 1604 394 1673 452; x_wconf 80' lang='grc' dir='ltr'><strong>ΙΝ</strong></span> <span class='ocrx_word' id='word_1_4' title='bbox 1708 387 2091 449; x_wconf 77' lang='lat' dir='ltr'><strong>FERCULUM</strong></span> <span class='ocrx_word' id='word_1_5' title='bbox 2127 387 2538 447; x_wconf 74' lang='lat' dir='ltr'><strong>SALOMONIS.</strong></span> 
     </span>
    </p>
   </div>
   <div class='ocr_carea' id='block_1_3' title="bbox 3351 379 3458 439">
    <p class='ocr_par' dir='ltr' id='par_1_3' title="bbox 3351 379 3458 439">
     <span class='ocr_line' id='line_1_3' title="bbox 3351 379 3458 439; baseline 0 -1"><span class='ocrx_word' id='word_1_6' title='bbox 3351 379 3458 439; x_wconf 77' lang='lat'><strong>818</strong></span> 
     </span>
    </p>
   </div>
   <div class='ocr_carea' id='block_1_4' title="bbox 201 497 3461 587">
    <p class='ocr_par' dir='ltr' id='par_1_4' title="bbox 201 497 3461 587">
     <span class='ocr_line' id='line_1_4' title="bbox 201 497 3461 587; baseline -0.01 -8"><span class='ocrx_word' id='word_1_7' title='bbox 201 527 456 581; x_wconf 68' lang='lat' dir='ltr'><strong>florentes</strong></span> <span class='ocrx_word' id='word_1_8' title='bbox 504 523 559 578; x_wconf 89' lang='lat' dir='ltr'><strong>in</strong></span> <span class='ocrx_word' id='word_1_9' title='bbox 604 518 882 577; x_wconf 75' lang='lat' dir='ltr'><strong>voluntate</strong></span> <span class='ocrx_word' id='word_1_10' title='bbox 927 516 1183 583; x_wconf 87' lang='lat' dir='ltr'><strong>Domini;</strong></span> <span class='ocrx_word' id='word_1_11' title='bbox 1238 525 1294 573; x_wconf 89' lang='lat' dir='ltr'><strong>et</strong></span> <span class='ocrx_word' id='word_1_12' title='bbox 1338 532 1446 587; x_wconf 89' lang='lat' dir='ltr'><strong>pax</strong></span> <span class='ocrx_word' id='word_1_13' title='bbox 1489 513 1769 570; x_wconf 79' lang='lat' dir='ltr'><strong>vobiscum</strong></span> <span class='ocrx_word' id='word_1_14' title='bbox 1796 509 1847 571; x_wconf 77' lang='grc' dir='ltr'><strong>Α</strong></span> <span class='ocrx_word' id='word_1_15' title='bbox 1871 506 2155 566; x_wconf 63' lang='lat' dir='ltr'><strong>catholicae</strong></span> <span class='ocrx_word' id='word_1_16' title='bbox 2181 504 2561 561; x_wconf 83' lang='lat' dir='ltr'><strong>communione</strong></span> <span class='ocrx_word' id='word_1_17' title='bbox 2587 510 3016 574; x_wconf 89' lang='lat' dir='ltr'><strong>perseverantes,</strong></span> <span class='ocrx_word' id='word_1_18' title='bbox 3054 498 3121 552; x_wconf 91' lang='lat' dir='ltr'><strong>ad</strong></span> <span class='ocrx_word' id='word_1_19' title='bbox 3146 497 3307 551; x_wconf 84' lang='lat' dir='ltr'><strong>vitam</strong></span> <span class='ocrx_word' id='word_1_20' title='bbox 3337 509 3461 587; x_wconf 74' lang='lat' dir='ltr'><strong>per-</strong></span> 
     </span>
    </p>
   </div>
   <div class='ocr_carea' id='block_1_5' title="bbox 199 602 1770 685">
    <p class='ocr_par' dir='ltr' id='par_1_5' title="bbox 199 602 1770 685">
     <span class='ocr_line' id='line_1_5' title="bbox 199 602 1770 685; baseline -0.008 -15"><span class='ocrx_word' id='word_1_21' title='bbox 199 622 555 685; x_wconf 85' lang='lat' dir='ltr'><strong>permaneat;</strong></span> <span class='ocrx_word' id='word_1_22' title='bbox 591 618 755 680; x_wconf 87' lang='lat' dir='ltr'><strong>atque</strong></span> <span class='ocrx_word' id='word_1_23' title='bbox 781 608 838 664; x_wconf 91' lang='lat' dir='ltr'><strong>in</strong></span> <span class='ocrx_word' id='word_1_24' title='bbox 868 606 972 663; x_wconf 81' lang='lat' dir='ltr'><strong>fide</strong></span> <span class='ocrx_word' id='word_1_25' title='bbox 999 614 1183 672; x_wconf 85' lang='lat' dir='ltr'><strong>recta,</strong></span> <span class='ocrx_word' id='word_1_26' title='bbox 1220 620 1285 661; x_wconf 88' lang='lat' dir='ltr'><strong>ac</strong></span> <span class='ocrx_word' id='word_1_27' title='bbox 1312 605 1469 661; x_wconf 90' lang='lat' dir='ltr'><strong>bonis</strong></span> <span class='ocrx_word' id='word_1_28' title='bbox 1495 602 1770 676; x_wconf 88' lang='lat' dir='ltr'><strong>cperibus,</strong></span> 
     </span>
    </p>
   </div>
   <div class='ocr_carea' id='block_1_6' title="bbox 197 700 1772 773">
    <p class='ocr_par' dir='ltr' id='par_1_6' title="bbox 197 700 1772 773">
     <span class='ocr_line' id='line_1_6' title="bbox 197 700 1772 773; baseline -0.005 -12"><span class='ocrx_word' id='word_1_29' title='bbox 197 717 257 761; x_wconf 91' lang='lat' dir='ltr'><strong>et</strong></span> <span class='ocrx_word' id='word_1_30' title='bbox 282 706 574 762; x_wconf 87' lang='lat' dir='ltr'><strong>concordia</strong></span> <span class='ocrx_word' id='word_1_31' title='bbox 597 706 763 770; x_wconf 91' lang='lat' dir='ltr'><strong>bona,</strong></span> <span class='ocrx_word' id='word_1_32' title='bbox 788 710 847 759; x_wconf 89' lang='lat' dir='ltr'><strong>et</strong></span> <span class='ocrx_word' id='word_1_33' title='bbox 872 716 1058 758; x_wconf 89' lang='lat' dir='ltr'><strong>amore</strong></span> <span class='ocrx_word' id='word_1_34' title='bbox 1084 700 1350 773; x_wconf 79' lang='lat' dir='ltr'><strong>conjugali</strong></span> <span class='ocrx_word' id='word_1_35' title='bbox 1378 700 1615 766; x_wconf 86' lang='lat' dir='ltr'><strong>sincero,</strong></span> <span class='ocrx_word' id='word_1_36' title='bbox 1640 713 1772 754; x_wconf 88' lang='lat' dir='ltr'><strong>nec-</strong></span> 
     </span>
    </p>
   </div>
   <div class='ocr_carea' id='block_1_7' title="bbox 1877 583 3461 663">
    <p class='ocr_par' dir='ltr' id='par_1_7' title="bbox 1877 583 3461 663">
     <span class='ocr_line' id='line_1_7' title="bbox 1877 583 3461 663; baseline -0.011 -7"><span class='ocrx_word' id='word_1_37' title='bbox 1877 600 2109 656; x_wconf 89' lang='lat' dir='ltr'><strong>veniatis</strong></span> <span class='ocrx_word' id='word_1_38' title='bbox 2126 606 2405 653; x_wconf 61' lang='lat' dir='ltr'><strong>aeternam.</strong></span> <span class='ocrx_word' id='word_1_39' title='bbox 2426 593 2580 662; x_wconf 87' lang='lat' dir='ltr'><strong>Quod</strong></span> <span class='ocrx_word' id='word_1_40' title='bbox 2602 594 2717 663; x_wconf 89' lang='lat' dir='ltr'><strong>ipse</strong></span> <span class='ocrx_word' id='word_1_41' title='bbox 2733 600 2996 662; x_wconf 59' lang='lat' dir='ltr'><strong>priestare</strong></span> <span class='ocrx_word' id='word_1_42' title='bbox 3016 589 3288 658; x_wconf 72' lang='lat' dir='ltr'><strong>dignetur,</strong></span> <span class='ocrx_word' id='word_1_43' title='bbox 3304 583 3461 655; x_wconf 85' lang='lat' dir='ltr'><strong>cujus</strong></span> 
     </span>
    </p>
   </div>
   <div class='ocr_carea' id='block_1_8' title="bbox 1879 672 3463 764">
    <p class='ocr_par' dir='ltr' id='par_1_8' title="bbox 1879 672 3463 764">
     <span class='ocr_line' id='line_1_8' title="bbox 1879 672 3463 764; baseline -0.012 -15"><span class='ocrx_word' id='word_1_44' title='bbox 1879 706 2108 764; x_wconf 78' lang='lat' dir='ltr'><strong>regnum</strong></span> <span class='ocrx_word' id='word_1_45' title='bbox 2146 698 2201 747; x_wconf 90' lang='lat' dir='ltr'><strong>et</strong></span> <span class='ocrx_word' id='word_1_46' title='bbox 2238 688 2527 760; x_wconf 87' lang='lat' dir='ltr'><strong>imperium</strong></span> <span class='ocrx_word' id='word_1_47' title='bbox 2560 684 2680 741; x_wconf 87' lang='lat' dir='ltr'><strong>sine</strong></span> <span class='ocrx_word' id='word_1_48' title='bbox 2716 685 2823 739; x_wconf 86' lang='lat' dir='ltr'><strong>fine</strong></span> <span class='ocrx_word' id='word_1_49' title='bbox 2860 688 3143 754; x_wconf 73' lang='lat' dir='ltr'><strong>permanet</strong></span> <span class='ocrx_word' id='word_1_50' title='bbox 3176 679 3232 733; x_wconf 90' lang='lat' dir='ltr'><strong>in</strong></span> <span class='ocrx_word' id='word_1_51' title='bbox 3265 672 3463 732; x_wconf 65' lang='lat' dir='ltr'><strong>saecula</strong></span> 
     </span>
    </p>
   </div>
   <div class='ocr_carea' id='block_1_9' title="bbox 198 780 2457 861">
    <p class='ocr_par' dir='ltr' id='par_1_9' title="bbox 198 780 2457 861">
     <span class='ocr_line' id='line_1_9' title="bbox 198 780 2457 861; baseline -0.007 -10"><span class='ocrx_word' id='word_1_52' title='bbox 198 811 315 855; x_wconf 84' lang='lat' dir='ltr'><strong>non</strong></span> <span class='ocrx_word' id='word_1_53' title='bbox 347 806 404 853; x_wconf 88' lang='lat' dir='ltr'><strong>et</strong></span> <span class='ocrx_word' id='word_1_54' title='bbox 432 797 491 852; x_wconf 90' lang='lat' dir='ltr'><strong>in</strong></span> <span class='ocrx_word' id='word_1_55' title='bbox 515 795 855 853; x_wconf 90' lang='lat' dir='ltr'><strong>confessione</strong></span> <span class='ocrx_word' id='word_1_56' title='bbox 886 802 1086 851; x_wconf 69' lang='lat' dir='ltr'><strong>sanctae</strong></span> <span class='ocrx_word' id='word_1_57' title='bbox 1110 792 1416 861; x_wconf 73' lang='lat' dir='ltr'><strong>Trinitatis,</strong></span> <span class='ocrx_word' id='word_1_58' title='bbox 1441 800 1497 849; x_wconf 91' lang='lat' dir='ltr'><strong>et</strong></span> <span class='ocrx_word' id='word_1_59' title='bbox 1520 789 1780 848; x_wconf 84' lang='lat' dir='ltr'><strong>Ecclesiae</strong></span> <span class='ocrx_word' id='word_1_60' title='bbox 1884 786 2226 845; x_wconf 68' lang='lat' dir='ltr'><strong>saeculorum.</strong></span> <span class='ocrx_word' id='word_1_61' title='bbox 2260 780 2457 838; x_wconf 83' lang='lat' dir='ltr'><strong>Amen.</strong></span> 
     </span>
    </p>
   </div>
   <div class='ocr_carea' id='block_1_10' title="bbox 198 970 3459 1035">
    <p class='ocr_par' dir='ltr' id='par_1_10' title="bbox 198 970 3459 1035">
     <span class='ocr_line' id='line_1_10' title="bbox 198 970 3459 1035; baseline 0 -39"><span class='ocrx_word' id='word_1_62' title='bbox 198 970 3459 1035; x_wconf 83' lang='lat'><strong>___________________________________</strong></span> 
     </span>
    </p>
   </div>
   <div class='ocr_carea' id='block_1_11' title="bbox 1143 1137 2533 1235">
    <p class='ocr_par' dir='ltr' id='par_1_11' title="bbox 1143 1137 2533 1235">
     <span class='ocr_line' id='line_1_11' title="bbox 1143 1137 2533 1235; baseline -0.015 0"><span class='ocrx_word' id='word_1_63' title='bbox 1143 1147 1730 1235; x_wconf 84' lang='lat' dir='ltr'><strong>ADMONITIO</strong></span> <span class='ocrx_word' id='word_1_64' title='bbox 1796 1146 1932 1224; x_wconf 85' lang='lat' dir='ltr'><strong>AD</strong></span> <span class='ocrx_word' id='word_1_65' title='bbox 1993 1137 2533 1225; x_wconf 81' lang='lat' dir='ltr'><strong>LECTOBEM</strong></span> 
     </span>
    </p>
   </div>
   <div class='ocr_carea' id='block_1_12' title="bbox 1431 1342 2236 1399">
    <p class='ocr_par' dir='ltr' id='par_1_12' title="bbox 1431 1342 2236 1399">
     <span class='ocr_line' id='line_1_12' title="bbox 1431 1342 2236 1399; baseline -0.007 -7"><span class='ocrx_word' id='word_1_66' title='bbox 1431 1348 1515 1393; x_wconf 76' lang='lat' dir='ltr'><strong>DE</strong></span> <span class='ocrx_word' id='word_1_67' title='bbox 1544 1342 1866 1392; x_wconf 82' lang='lat' dir='ltr'><strong>OPUSCULO</strong></span> <span class='ocrx_word' id='word_1_68' title='bbox 1899 1342 2236 1399; x_wconf 74' lang='lat' dir='ltr'><strong>SEQUENTI.</strong></span> 
     </span>
    </p>
   </div>
   <div class='ocr_carea' id='block_1_13' title="bbox 280 1476 3477 1570">
    <p class='ocr_par' dir='ltr' id='par_1_13' title="bbox 280 1476 3477 1570">
     <span class='ocr_line' id='line_1_13' title="bbox 280 1476 3477 1570; baseline -0.004 -16"><span class='ocrx_word' id='word_1_69' title='bbox 280 1476 588 1570; x_wconf 77' lang='lat' dir='ltr'><strong>Scripserat</strong></span> <span class='ocrx_word' id='word_1_70' title='bbox 609 1500 948 1570; x_wconf 81' lang='lat' dir='ltr'><strong>Hincmarus,</strong></span> <span class='ocrx_word' id='word_1_71' title='bbox 977 1504 1115 1554; x_wconf 84' lang='lat' dir='ltr'><strong>teste</strong></span> <span class='ocrx_word' id='word_1_72' title='bbox 1136 1496 1467 1570; x_wconf 84' lang='lat' dir='ltr'><strong>Flodoardo,</strong></span> <span class='ocrx_word' id='word_1_73' title='bbox 1492 1494 1782 1570; x_wconf 73' lang='lat' dir='ltr'><strong>metricum</strong></span> <span class='ocrx_word' id='word_1_74' title='bbox 1889 1492 2220 1570; x_wconf 73' lang='lat' dir='ltr'><strong>continebat.</strong></span> <span class='ocrx_word' id='word_1_75' title='bbox 2243 1489 2401 1570; x_wconf 75' lang='lat' dir='ltr'><strong>__liaec</strong></span> <span class='ocrx_word' id='word_1_76' title='bbox 2440 1495 2526 1543; x_wconf 91' lang='lat' dir='ltr'><strong>est</strong></span> <span class='ocrx_word' id='word_1_77' title='bbox 2569 1500 2703 1570; x_wconf 43' lang='lat' dir='ltr'><strong>quas</strong></span> <span class='ocrx_word' id='word_1_78' title='bbox 2732 1476 3477 1570; x_wconf 33' lang='grc' dir='ltr'><strong>ηλιῃςῌρνξφειξψλιλἐπιβῇς</strong></span> 
     </span>
    </p>
   </div>
   <div class='ocr_carea' id='block_1_14' title="bbox 196 1540 3478 1642">
    <p class='ocr_par' dir='ltr' id='par_1_14' title="bbox 196 1540 3478 1642">
     <span class='ocr_line' id='line_1_14' title="bbox 196 1540 3478 1642; baseline -0.005 -19"><span class='ocrx_word' id='word_1_79' title='bbox 196 1540 1468 1642; x_wconf 70' lang='grc' dir='ltr'><strong>9ρῖιέ</strong></span> <span class='ocrx_word' id='word_1_80' title='bbox 1495 1540 1785 1642; x_wconf 46' lang='grc' dir='ltr'><strong>Ξῇνιῖέίῑδῖἰί</strong></span> <span class='ocrx_word' id='word_1_81' title='bbox 2071 1540 2389 1642; x_wconf 54' lang='grc' dir='ltr'><strong>ςξειιιῑίίιιιο</strong></span> <span class='ocrx_word' id='word_1_82' title='bbox 2411 1540 2728 1642; x_wconf 65' lang='lat' dir='ltr'><strong>exemplari.</strong></span> <span class='ocrx_word' id='word_1_83' title='bbox 2757 1540 3330 1642; x_wconf 33' lang='lat' dir='ltr'><strong>Driori‘stgniinpill‘nli:</strong></span> 
     </span>
    </p>
   </div>
   <div class='ocr_carea' id='block_1_15' title="bbox 198 1635 1782 1706">
    <p class='ocr_par' dir='ltr' id='par_1_15' title="bbox 198 1635 1782 1706">
     <span class='ocr_line' id='line_1_15' title="bbox 198 1635 1782 1706; baseline -0.004 -10"><span class='ocrx_word' id='word_1_84' title='bbox 198 1635 498 1696; x_wconf 75' lang='lat' dir='ltr'><strong>Ferculum</strong></span> <span class='ocrx_word' id='word_1_85' title='bbox 519 1635 872 1705; x_wconf 73' lang='lat' dir='ltr'><strong>Salomonis,</strong></span> <span class='ocrx_word' id='word_1_86' title='bbox 920 1635 1168 1694; x_wconf 71' lang='lat' dir='ltr'><strong>versibus</strong></span> <span class='ocrx_word' id='word_1_87' title='bbox 1215 1635 1474 1695; x_wconf 74' lang='lat' dir='ltr'><strong>constans</strong></span> <span class='ocrx_word' id='word_1_88' title='bbox 1522 1635 1782 1706; x_wconf 81' lang='lat' dir='ltr'><strong>quadrin-</strong></span> 
     </span>
    </p>
   </div>
   <div class='ocr_carea' id='block_1_16' title="bbox 198 1708 1786 1781">
    <p class='ocr_par' dir='ltr' id='par_1_16' title="bbox 198 1708 1786 1781">
     <span class='ocr_line' id='line_1_16' title="bbox 198 1708 1786 1781; baseline -0.004 -18"><span class='ocrx_word' id='word_1_89' title='bbox 198 1709 390 1778; x_wconf 74' lang='lat' dir='ltr'><strong>gentis</strong></span> <span class='ocrx_word' id='word_1_90' title='bbox 406 1711 779 1781; x_wconf 76' lang='lat' dir='ltr'><strong>quadraginta</strong></span> <span class='ocrx_word' id='word_1_91' title='bbox 807 1724 924 1775; x_wconf 83' lang='lat' dir='ltr'><strong>sex,</strong></span> <span class='ocrx_word' id='word_1_92' title='bbox 956 1708 1044 1765; x_wconf 87' lang='lat' dir='ltr'><strong>cui</strong></span> <span class='ocrx_word' id='word_1_93' title='bbox 1071 1717 1128 1763; x_wconf 86' lang='lat' dir='ltr'><strong>et</strong></span> <span class='ocrx_word' id='word_1_94' title='bbox 1155 1710 1347 1781; x_wconf 69' lang='lat' dir='ltr'><strong>soluta:</strong></span> <span class='ocrx_word' id='word_1_95' title='bbox 1374 1708 1636 1781; x_wconf 78' lang='lat' dir='ltr'><strong>orationis</strong></span> <span class='ocrx_word' id='word_1_96' title='bbox 1662 1720 1786 1775; x_wconf 82' lang='lat' dir='ltr'><strong>par-</strong></span> 
     </span>
    </p>
   </div>
   <div class='ocr_carea' id='block_1_17' title="bbox 199 1777 1789 1850">
    <p class='ocr_par' dir='ltr' id='par_1_17' title="bbox 199 1777 1789 1850">
     <span class='ocr_line' id='line_1_17' title="bbox 199 1777 1789 1850; baseline -0.004 -15"><span class='ocrx_word' id='word_1_97' title='bbox 199 1777 322 1847; x_wconf 60' lang='lat' dir='ltr'><strong>tem</strong></span> <span class='ocrx_word' id='word_1_98' title='bbox 370 1777 597 1836; x_wconf 76' lang='lat' dir='ltr'><strong>alteram</strong></span> <span class='ocrx_word' id='word_1_99' title='bbox 632 1777 955 1850; x_wconf 60' lang='lat' dir='ltr'><strong>&#39;adjecerat,</strong></span> <span class='ocrx_word' id='word_1_100' title='bbox 1011 1793 1133 1849; x_wconf 68' lang='lat' dir='ltr'><strong>qua:</strong></span> <span class='ocrx_word' id='word_1_101' title='bbox 1180 1779 1324 1836; x_wconf 86' lang='lat' dir='ltr'><strong>illius</strong></span> <span class='ocrx_word' id='word_1_102' title='bbox 1371 1777 1789 1850; x_wconf 79' lang='lat' dir='ltr'><strong>explicationem</strong></span> 
     </span>
    </p>
   </div>
   <div class='ocr_carea' id='block_1_18' title="bbox 205 1949 2026 1977">
    <p class='ocr_par' dir='ltr' id='par_1_18' title="bbox 205 1949 2026 1977">
     <span class='ocr_line' id='line_1_18' title="bbox 205 1949 2026 1977; baseline 0 -3"><span class='ocrx_word' id='word_1_103' title='bbox 205 1949 2026 1977; x_wconf 57' lang='grc' dir='ltr'><em>Μ</em></span> 
     </span>
    </p>
   </div>
   <div class='ocr_carea' id='block_1_19' title="bbox 1892 1614 3479 1700">
    <p class='ocr_par' dir='ltr' id='par_1_19' title="bbox 1892 1614 3479 1700">
     <span class='ocr_line' id='line_1_19' title="bbox 1892 1614 3479 1700; baseline -0.01 -11"><span class='ocrx_word' id='word_1_104' title='bbox 1892 1614 2502 1700; x_wconf 42' lang='lat' dir='ltr'><strong>dum—vidimusprzeter</strong></span> <span class='ocrx_word' id='word_1_105' title='bbox 2526 1614 2718 1683; x_wconf 75' lang='lat' dir='ltr'><strong>versus</strong></span> <span class='ocrx_word' id='word_1_106' title='bbox 2746 1622 3048 1700; x_wconf 70' lang='lat' dir='ltr'><strong>duodecim,</strong></span> <span class='ocrx_word' id='word_1_107' title='bbox 3073 1614 3209 1690; x_wconf 78' lang='lat' dir='ltr'><strong>quos</strong></span> <span class='ocrx_word' id='word_1_108' title='bbox 3234 1630 3333 1672; x_wconf 85' lang='lat' dir='ltr'><strong>suo</strong></span> <span class='ocrx_word' id='word_1_109' title='bbox 3358 1614 3479 1674; x_wconf 80' lang='lat' dir='ltr'><strong>loco</strong></span> 
     </span>
    </p>
   </div>
   <div class='ocr_carea' id='block_1_20' title="bbox 1895 1693 3018 1770">
    <p class='ocr_par' dir='ltr' id='par_1_20' title="bbox 1895 1693 3018 1770">
     <span class='ocr_line' id='line_1_20' title="bbox 1895 1693 3018 1770; baseline -0.014 -10"><span class='ocrx_word' id='word_1_110' title='bbox 1895 1705 2038 1760; x_wconf 87' lang='lat' dir='ltr'><strong>inter</strong></span> <span class='ocrx_word' id='word_1_111' title='bbox 2066 1693 2316 1759; x_wconf 76' lang='lat' dir='ltr'><strong>auctoris</strong></span> <span class='ocrx_word' id='word_1_112' title='bbox 2338 1700 2638 1770; x_wconf 80' lang='lat' dir='ltr'><strong>fragmenta</strong></span> <span class='ocrx_word' id='word_1_113' title='bbox 2663 1693 3018 1768; x_wconf 79' lang='lat' dir='ltr'><strong>proferemus.</strong></span> 
     </span>
    </p>
   </div>
   <div class='ocr_carea' id='block_1_21' title="bbox 2030 1934 3459 1963">
    <p class='ocr_par' dir='ltr' id='par_1_21' title="bbox 2030 1934 3459 1963">
     <span class='ocr_line' id='line_1_21' title="bbox 2030 1934 3459 1963; baseline -0.001 -4"><span class='ocrx_word' id='word_1_114' title='bbox 2030 1934 3459 1963; x_wconf 54' lang='grc' dir='ltr'><em>Μ</em></span> 
     </span>
    </p>
   </div>
   <div class='ocr_carea' id='block_1_22' title="bbox 1377 2099 2322 2216">
    <p class='ocr_par' dir='ltr' id='par_1_22' title="bbox 1377 2099 2322 2216">
     <span class='ocr_line' id='line_1_22' title="bbox 1377 2099 2322 2216; baseline -0.005 0"><span class='ocrx_word' id='word_1_115' title='bbox 1377 2099 2322 2216; x_wconf 72' lang='lat' dir='ltr'><strong>BINCMARI</strong></span> 
     </span>
    </p>
   </div>
   <div class='ocr_carea' id='block_1_23' title="bbox 1230 2286 2429 2348">
    <p class='ocr_par' dir='ltr' id='par_1_23' title="bbox 1230 2286 2429 2348">
     <span class='ocr_line' id='line_1_23' title="bbox 1230 2286 2429 2348; baseline -0.002 -1"><span class='ocrx_word' id='word_1_116' title='bbox 1230 2286 1879 2348; x_wconf 80' lang='lat' dir='ltr'><strong>ARCHIEPISCOPI</strong></span> <span class='ocrx_word' id='word_1_117' title='bbox 1941 2286 2429 2345; x_wconf 78' lang='lat' dir='ltr'><strong>BHEMENSIS</strong></span> 
     </span>
    </p>
   </div>
   <div class='ocr_carea' id='block_1_24' title="bbox 377 2442 3329 2627">
    <p class='ocr_par' dir='ltr' id='par_1_24' title="bbox 377 2442 3329 2627">
     <span class='ocr_line' id='line_1_24' title="bbox 377 2442 3329 2627; baseline -0.006 -58"><span class='ocrx_word' id='word_1_118' title='bbox 377 2448 1279 2627; x_wconf 67' lang='lat' dir='ltr'><strong>EXPLANATIO</strong></span> <span class='ocrx_word' id='word_1_119' title='bbox 1362 2449 1508 2562; x_wconf 84' lang='lat' dir='ltr'><strong>IN</strong></span> <span class='ocrx_word' id='word_1_120' title='bbox 1617 2442 2389 2557; x_wconf 86' lang='lat' dir='ltr'><strong>FERCULUM.</strong></span> <span class='ocrx_word' id='word_1_121' title='bbox 2466 2442 3329 2559; x_wconf 78' lang='lat' dir='ltr'><strong>SA-LO-MONIS.</strong></span> 
     </span>
    </p>
   </div>
   <div class='ocr_carea' id='block_1_25' title="bbox 284 2752 3490 2839">
    <p class='ocr_par' dir='ltr' id='par_1_25' title="bbox 284 2752 3490 2839">
     <span class='ocr_line' id='line_1_25' title="bbox 284 2752 3490 2839; baseline -0.002 -19"><span class='ocrx_word' id='word_1_122' title='bbox 284 2765 456 2839; x_wconf 72' lang='lat'><strong>756</strong></span> <span class='ocrx_word' id='word_1_123' title='bbox 477 2763 588 2820; x_wconf 79' lang='lat' dir='ltr'><strong>Hoc</strong></span> <span class='ocrx_word' id='word_1_124' title='bbox 616 2762 824 2833; x_wconf 74' lang='lat' dir='ltr'><strong>regium</strong></span> <span class='ocrx_word' id='word_1_125' title='bbox 854 2759 1148 2827; x_wconf 80' lang='lat' dir='ltr'><strong>ferculum,</strong></span> <span class='ocrx_word' id='word_1_126' title='bbox 1175 2759 1318 2830; x_wconf 90' lang='lat' dir='ltr'><strong>quod</strong></span> <span class='ocrx_word' id='word_1_127' title='bbox 1347 2760 1594 2815; x_wconf 90' lang='lat' dir='ltr'><strong>doctores</strong></span> <span class='ocrx_word' id='word_1_128' title='bbox 1624 2758 1797 2813; x_wconf 85' lang='lat' dir='ltr'><strong>sancti</strong></span> <span class='ocrx_word' id='word_1_129' title='bbox 1828 2761 1873 2821; x_wconf 86' lang='grc' dir='ltr'>Β</span> <span class='ocrx_word' id='word_1_130' title='bbox 1900 2772 2088 2815; x_wconf 84' lang='lat' dir='ltr'><strong>verum</strong></span> <span class='ocrx_word' id='word_1_131' title='bbox 2131 2757 2200 2812; x_wconf 86' lang='lat' dir='ltr'><strong>ab</strong></span> <span class='ocrx_word' id='word_1_132' title='bbox 2239 2757 2331 2812; x_wconf 90' lang='lat' dir='ltr'><strong>illo</strong></span> <span class='ocrx_word' id='word_1_133' title='bbox 2351 2796 2391 2822; x_wconf 85' lang='lat'><strong>,.</strong></span> <span class='ocrx_word' id='word_1_134' title='bbox 2421 2757 2513 2827; x_wconf 88' lang='lat' dir='ltr'><strong>qui</strong></span> <span class='ocrx_word' id='word_1_135' title='bbox 2571 2755 2686 2811; x_wconf 62' lang='lat' dir='ltr'><strong>haec</strong></span> <span class='ocrx_word' id='word_1_136' title='bbox 2734 2755 2937 2815; x_wconf 77' lang='lat' dir='ltr'><strong>eadem</strong></span> <span class='ocrx_word' id='word_1_137' title='bbox 2967 2754 3112 2826; x_wconf 83' lang='lat' dir='ltr'><strong>ligna</strong></span> <span class='ocrx_word' id='word_1_138' title='bbox 3157 2753 3214 2809; x_wconf 90' lang='lat' dir='ltr'><strong>in</strong></span> <span class='ocrx_word' id='word_1_139' title='bbox 3257 2752 3490 2812; x_wconf 65' lang='lat' dir='ltr'><strong>aedificio</strong></span> 
     </span>
    </p>
   </div>
   <div class='ocr_carea' id='block_1_26' title="bbox 213 2847 1799 2927">
    <p class='ocr_par' dir='ltr' id='par_1_26' title="bbox 213 2847 1799 2927">
     <span class='ocr_line' id='line_1_26' title="bbox 213 2847 1799 2927; baseline -0.008 -13"><span class='ocrx_word' id='word_1_140' title='bbox 213 2857 505 2927; x_wconf 77' lang='lat' dir='ltr'><strong>designare</strong></span> <span class='ocrx_word' id='word_1_141' title='bbox 531 2852 719 2908; x_wconf 90' lang='lat' dir='ltr'><strong>dicunt</strong></span> <span class='ocrx_word' id='word_1_142' title='bbox 746 2850 1043 2906; x_wconf 86' lang='lat' dir='ltr'><strong>Ecelesiam</strong></span> <span class='ocrx_word' id='word_1_143' title='bbox 1061 2890 1077 2915; x_wconf 94' lang='lat'><strong>,</strong></span> <span class='ocrx_word' id='word_1_144' title='bbox 1118 2864 1314 2919; x_wconf 91' lang='lat' dir='ltr'><strong>corpus</strong></span> <span class='ocrx_word' id='word_1_145' title='bbox 1346 2849 1553 2904; x_wconf 90' lang='lat' dir='ltr'><strong>scilicet</strong></span> <span class='ocrx_word' id='word_1_146' title='bbox 1576 2847 1799 2913; x_wconf 87' lang='lat' dir='ltr'><strong>Christi,</strong></span> 
     </span>
    </p>
   </div>
   <div class='ocr_carea' id='block_1_27' title="bbox 216 2939 1803 3016">
    <p class='ocr_par' dir='ltr' id='par_1_27' title="bbox 216 2939 1803 3016">
     <span class='ocr_line' id='line_1_27' title="bbox 216 2939 1803 3016; baseline -0.006 -13"><span class='ocrx_word' id='word_1_147' title='bbox 216 2945 275 3003; x_wconf 92' lang='lat' dir='ltr'><strong>in</strong></span> <span class='ocrx_word' id='word_1_148' title='bbox 302 2942 459 3016; x_wconf 83' lang='lat' dir='ltr'><strong>cujus</strong></span> <span class='ocrx_word' id='word_1_149' title='bbox 502 2942 709 2999; x_wconf 89' lang='lat' dir='ltr'><strong>unitate</strong></span> <span class='ocrx_word' id='word_1_150' title='bbox 748 2941 922 2997; x_wconf 90' lang='lat' dir='ltr'><strong>eidem</strong></span> <span class='ocrx_word' id='word_1_151' title='bbox 957 2939 1173 2995; x_wconf 85' lang='lat' dir='ltr'><strong>Christo</strong></span> <span class='ocrx_word' id='word_1_152' title='bbox 1199 2955 1297 3009; x_wconf 89' lang='lat' dir='ltr'><strong>per</strong></span> <span class='ocrx_word' id='word_1_153' title='bbox 1330 2939 1511 3004; x_wconf 82' lang='lat' dir='ltr'><strong>fidem,</strong></span> <span class='ocrx_word' id='word_1_154' title='bbox 1540 2946 1602 2992; x_wconf 93' lang='lat' dir='ltr'><strong>ut</strong></span> <span class='ocrx_word' id='word_1_155' title='bbox 1640 2952 1803 3008; x_wconf 83' lang='lat' dir='ltr'><strong>supra</strong></span> 
     </span>
    </p>
   </div>
   <div class='ocr_carea' id='block_1_28' title="bbox 220 3027 1805 3102">
    <p class='ocr_par' dir='ltr' id='par_1_28' title="bbox 220 3027 1805 3102">
     <span class='ocr_line' id='line_1_28' title="bbox 220 3027 1805 3102; baseline -0.004 -11"><span class='ocrx_word' id='word_1_156' title='bbox 220 3034 688 3098; x_wconf 81' lang='lat' dir='ltr'><strong>monstravimus,</strong></span> <span class='ocrx_word' id='word_1_157' title='bbox 749 3031 979 3102; x_wconf 87' lang='lat' dir='ltr'><strong>quisque</strong></span> <span class='ocrx_word' id='word_1_158' title='bbox 1031 3031 1444 3100; x_wconf 90' lang='lat' dir='ltr'><strong>incorporatur,</strong></span> <span class='ocrx_word' id='word_1_159' title='bbox 1510 3027 1693 3082; x_wconf 88' lang='lat' dir='ltr'><strong>multis</strong></span> <span class='ocrx_word' id='word_1_160' title='bbox 1746 3027 1805 3085; x_wconf 89' lang='lat' dir='ltr'><strong>in</strong></span> 
     </span>
    </p>
   </div>
   <div class='ocr_carea' id='block_1_29' title="bbox 218 3108 1805 3197">
    <p class='ocr_par' dir='ltr' id='par_1_29' title="bbox 218 3108 1805 3197">
     <span class='ocr_line' id='line_1_29' title="bbox 218 3108 1805 3197; baseline -0.005 -13"><span class='ocrx_word' id='word_1_161' title='bbox 218 3125 510 3197; x_wconf 85' lang='lat' dir='ltr'><strong>Scriptura</strong></span> <span class='ocrx_word' id='word_1_162' title='bbox 537 3108 764 3180; x_wconf 77' lang='lat' dir='ltr'><strong>vocatur</strong></span> <span class='ocrx_word' id='word_1_163' title='bbox 789 3122 1101 3178; x_wconf 87' lang='lat' dir='ltr'><strong>nominibus</strong></span> <span class='ocrx_word' id='word_1_164' title='bbox 1127 3138 1141 3176; x_wconf 90' lang='lat'><strong>:</strong></span> <span class='ocrx_word' id='word_1_165' title='bbox 1186 3131 1247 3177; x_wconf 90' lang='lat' dir='ltr'><strong>ut</strong></span> <span class='ocrx_word' id='word_1_166' title='bbox 1276 3130 1359 3177; x_wconf 86' lang='lat' dir='ltr'><strong>est</strong></span> <span class='ocrx_word' id='word_1_167' title='bbox 1387 3136 1609 3190; x_wconf 83' lang='lat' dir='ltr'><strong>regnum</strong></span> <span class='ocrx_word' id='word_1_168' title='bbox 1639 3119 1805 3176; x_wconf 86' lang='lat' dir='ltr'><strong>coelo-</strong></span> 
     </span>
    </p>
   </div>
   <div class='ocr_carea' id='block_1_30' title="bbox 220 3208 1804 3286">
    <p class='ocr_par' dir='ltr' id='par_1_30' title="bbox 220 3208 1804 3286">
     <span class='ocr_line' id='line_1_30' title="bbox 220 3208 1804 3286; baseline -0.005 -11"><span class='ocrx_word' id='word_1_169' title='bbox 220 3208 368 3286; x_wconf 81' lang='lat' dir='ltr'><strong>rum,</strong></span> <span class='ocrx_word' id='word_1_170' title='bbox 394 3217 610 3283; x_wconf 89' lang='lat' dir='ltr'><strong>mulier,</strong></span> <span class='ocrx_word' id='word_1_171' title='bbox 642 3230 862 3286; x_wconf 92' lang='lat' dir='ltr'><strong>sponsa,</strong></span> <span class='ocrx_word' id='word_1_172' title='bbox 891 3229 1052 3282; x_wconf 88' lang='lat' dir='ltr'><strong>uxor,</strong></span> <span class='ocrx_word' id='word_1_173' title='bbox 1079 3213 1347 3277; x_wconf 88' lang='lat' dir='ltr'><strong>columba,</strong></span> <span class='ocrx_word' id='word_1_174' title='bbox 1374 3213 1594 3278; x_wconf 87' lang='lat' dir='ltr'><strong>dilecta,</strong></span> <span class='ocrx_word' id='word_1_175' title='bbox 1621 3212 1804 3278; x_wconf 85' lang='lat' dir='ltr'><strong>vinea,</strong></span> 
     </span>
    </p>
   </div>
   <div class='ocr_carea' id='block_1_31' title="bbox 219 3305 1806 3376">
    <p class='ocr_par' dir='ltr' id='par_1_31' title="bbox 219 3305 1806 3376">
     <span class='ocr_line' id='line_1_31' title="bbox 219 3305 1806 3376; baseline -0.008 -9"><span class='ocrx_word' id='word_1_176' title='bbox 219 3311 363 3376; x_wconf 86' lang='lat' dir='ltr'><strong>ovis,</strong></span> <span class='ocrx_word' id='word_1_177' title='bbox 391 3309 555 3375; x_wconf 85' lang='lat' dir='ltr'><strong>ovile,</strong></span> <span class='ocrx_word' id='word_1_178' title='bbox 588 3308 800 3368; x_wconf 82' lang='lat' dir='ltr'><strong>civitas,</strong></span> <span class='ocrx_word' id='word_1_179' title='bbox 833 3307 1030 3367; x_wconf 88' lang='lat' dir='ltr'><strong>turris,</strong></span> <span class='ocrx_word' id='word_1_180' title='bbox 1063 3305 1341 3368; x_wconf 85' lang='lat' dir='ltr'><strong>columna,</strong></span> <span class='ocrx_word' id='word_1_181' title='bbox 1371 3305 1806 3369; x_wconf 84' lang='lat' dir='ltr'><strong>firmamentum,</strong></span> 
     </span>
    </p>
   </div>
   <div class='ocr_carea' id='block_1_32' title="bbox 221 3392 1807 3468">
    <p class='ocr_par' dir='ltr' id='par_1_32' title="bbox 221 3392 1807 3468">
     <span class='ocr_line' id='line_1_32' title="bbox 221 3392 1807 3468; baseline -0.005 -13"><span class='ocrx_word' id='word_1_182' title='bbox 221 3399 439 3463; x_wconf 86' lang='lat' dir='ltr'><strong>domus,</strong></span> <span class='ocrx_word' id='word_1_183' title='bbox 473 3394 753 3468; x_wconf 89' lang='lat' dir='ltr'><strong>templum,</strong></span> <span class='ocrx_word' id='word_1_184' title='bbox 784 3411 983 3466; x_wconf 89' lang='lat' dir='ltr'><strong>corpus</strong></span> <span class='ocrx_word' id='word_1_185' title='bbox 1009 3394 1238 3459; x_wconf 89' lang='lat' dir='ltr'><strong>Christi,</strong></span> <span class='ocrx_word' id='word_1_186' title='bbox 1266 3393 1548 3465; x_wconf 87' lang='lat' dir='ltr'><strong>plenitudo</strong></span> <span class='ocrx_word' id='word_1_187' title='bbox 1578 3392 1807 3459; x_wconf 89' lang='lat' dir='ltr'><strong>Christi,</strong></span> 
     </span>
    </p>
   </div>
   <div class='ocr_carea' id='block_1_33' title="bbox 224 3483 1807 3558">
    <p class='ocr_par' dir='ltr' id='par_1_33' title="bbox 224 3483 1807 3558">
     <span class='ocr_line' id='line_1_33' title="bbox 224 3483 1807 3558; baseline -0.002 -15"><span class='ocrx_word' id='word_1_188' title='bbox 224 3499 460 3558; x_wconf 78' lang='lat' dir='ltr'><strong>sagena,</strong></span> <span class='ocrx_word' id='word_1_189' title='bbox 503 3486 735 3555; x_wconf 72' lang='lat' dir='ltr'><strong>nuptixe,</strong></span> <span class='ocrx_word' id='word_1_190' title='bbox 783 3500 975 3550; x_wconf 78' lang='lat' dir='ltr'><strong>coma,</strong></span> <span class='ocrx_word' id='word_1_191' title='bbox 1027 3494 1083 3539; x_wconf 93' lang='lat' dir='ltr'><strong>et</strong></span> <span class='ocrx_word' id='word_1_192' title='bbox 1121 3485 1270 3551; x_wconf 90' lang='lat' dir='ltr'><strong>aliis,</strong></span> <span class='ocrx_word' id='word_1_193' title='bbox 1320 3500 1440 3555; x_wconf 76' lang='lat' dir='ltr'><strong>qua:</strong></span> <span class='ocrx_word' id='word_1_194' title='bbox 1470 3485 1639 3541; x_wconf 90' lang='lat' dir='ltr'><strong>lector</strong></span> <span class='ocrx_word' id='word_1_195' title='bbox 1666 3483 1807 3540; x_wconf 88' lang='lat' dir='ltr'><strong>forte</strong></span> 
     </span>
    </p>
   </div>
   <div class='ocr_carea' id='block_1_34' title="bbox 221 3574 1810 3650">
    <p class='ocr_par' dir='ltr' id='par_1_34' title="bbox 221 3574 1810 3650">
     <span class='ocr_line' id='line_1_34' title="bbox 221 3574 1810 3650; baseline 0 -19"><span class='ocrx_word' id='word_1_196' title='bbox 221 3577 428 3650; x_wconf 88' lang='lat' dir='ltr'><strong>poterit</strong></span> <span class='ocrx_word' id='word_1_197' title='bbox 456 3576 719 3641; x_wconf 90' lang='lat' dir='ltr'><strong>invenire,</strong></span> <span class='ocrx_word' id='word_1_198' title='bbox 748 3574 878 3630; x_wconf 82' lang='lat' dir='ltr'><strong>fecit</strong></span> <span class='ocrx_word' id='word_1_199' title='bbox 908 3576 1009 3631; x_wconf 85' lang='lat' dir='ltr'><strong>sibi</strong></span> <span class='ocrx_word' id='word_1_200' title='bbox 1040 3591 1139 3632; x_wconf 87' lang='lat' dir='ltr'><strong>rex</strong></span> <span class='ocrx_word' id='word_1_201' title='bbox 1164 3575 1438 3643; x_wconf 90' lang='lat' dir='ltr'><strong>Salomon,</strong></span> <span class='ocrx_word' id='word_1_202' title='bbox 1471 3576 1523 3630; x_wconf 90' lang='lat' dir='ltr'><strong>id</strong></span> <span class='ocrx_word' id='word_1_203' title='bbox 1552 3584 1636 3631; x_wconf 91' lang='lat' dir='ltr'><strong>est</strong></span> <span class='ocrx_word' id='word_1_204' title='bbox 1660 3576 1810 3647; x_wconf 85' lang='lat' dir='ltr'><strong>paci—</strong></span> 
     </span>
    </p>
   </div>
   <div class='ocr_carea' id='block_1_35' title="bbox 224 3667 1808 3748">
    <p class='ocr_par' dir='ltr' id='par_1_35' title="bbox 224 3667 1808 3748">
     <span class='ocr_line' id='line_1_35' title="bbox 224 3667 1808 3748; baseline 0.003 -25"><span class='ocrx_word' id='word_1_205' title='bbox 224 3667 387 3736; x_wconf 82' lang='lat' dir='ltr'><strong>ficus,</strong></span> <span class='ocrx_word' id='word_1_206' title='bbox 433 3668 749 3748; x_wconf 39' lang='lat' dir='ltr'><strong>ldida,.hoc</strong></span> <span class='ocrx_word' id='word_1_207' title='bbox 777 3677 861 3723; x_wconf 84' lang='lat' dir='ltr'><strong>est</strong></span> <span class='ocrx_word' id='word_1_208' title='bbox 888 3668 1116 3723; x_wconf 87' lang='lat' dir='ltr'><strong>dilectus</strong></span> <span class='ocrx_word' id='word_1_209' title='bbox 1142 3670 1388 3736; x_wconf 89' lang='lat' dir='ltr'><strong>Domini,</strong></span> <span class='ocrx_word' id='word_1_210' title='bbox 1420 3668 1675 3735; x_wconf 89' lang='lat' dir='ltr'><strong>Coeleth,</strong></span> <span class='ocrx_word' id='word_1_211' title='bbox 1705 3670 1808 3727; x_wconf 89' lang='lat' dir='ltr'><strong>hoc</strong></span> 
     </span>
    </p>
   </div>
   <div class='ocr_carea' id='block_1_36' title="bbox 220 3757 1811 3833">
    <p class='ocr_par' dir='ltr' id='par_1_36' title="bbox 220 3757 1811 3833">
     <span class='ocr_line' id='line_1_36' title="bbox 220 3757 1811 3833; baseline 0.003 -19"><span class='ocrx_word' id='word_1_212' title='bbox 220 3767 314 3815; x_wconf 81' lang='lat' dir='ltr'><strong>est</strong></span> <span class='ocrx_word' id='word_1_213' title='bbox 342 3758 692 3813; x_wconf 89' lang='lat' dir='ltr'><strong>concionator</strong></span> <span class='ocrx_word' id='word_1_214' title='bbox 717 3757 890 3827; x_wconf 88' lang='lat' dir='ltr'><strong>ipsius</strong></span> <span class='ocrx_word' id='word_1_215' title='bbox 921 3759 1139 3828; x_wconf 89' lang='lat' dir='ltr'><strong>quidem</strong></span> <span class='ocrx_word' id='word_1_216' title='bbox 1169 3760 1447 3816; x_wconf 66' lang='lat' dir='ltr'><strong>Ecclesiaa.</strong></span> <span class='ocrx_word' id='word_1_217' title='bbox 1471 3760 1587 3831; x_wconf 51' lang='lat' dir='ltr'><strong>,llis</strong></span> <span class='ocrx_word' id='word_1_218' title='bbox 1610 3763 1811 3833; x_wconf 88' lang='lat' dir='ltr'><strong>quippe</strong></span> 
     </span>
    </p>
   </div>
   <div class='ocr_carea' id='block_1_37' title="bbox 223 3847 1809 3921">
    <p class='ocr_par' dir='ltr' id='par_1_37' title="bbox 223 3847 1809 3921">
     <span class='ocr_line' id='line_1_37' title="bbox 223 3847 1809 3921; baseline 0.004 -20"><span class='ocrx_word' id='word_1_219' title='bbox 223 3847 405 3903; x_wconf 88' lang='lat' dir='ltr'><strong>tribus</strong></span> <span class='ocrx_word' id='word_1_220' title='bbox 448 3847 757 3903; x_wconf 89' lang='lat' dir='ltr'><strong>nominibus</strong></span> <span class='ocrx_word' id='word_1_221' title='bbox 796 3858 1022 3905; x_wconf 82' lang='lat' dir='ltr'><strong>vocatus</strong></span> <span class='ocrx_word' id='word_1_222' title='bbox 1063 3857 1147 3905; x_wconf 90' lang='lat' dir='ltr'><strong>est</strong></span> <span class='ocrx_word' id='word_1_223' title='bbox 1188 3849 1477 3915; x_wconf 86' lang='lat' dir='ltr'><strong>Salomon,</strong></span> <span class='ocrx_word' id='word_1_224' title='bbox 1525 3853 1650 3921; x_wconf 83' lang='lat' dir='ltr'><strong>quia</strong></span> <span class='ocrx_word' id='word_1_225' title='bbox 1697 3861 1809 3908; x_wconf 88' lang='lat' dir='ltr'><strong>tota</strong></span> 
     </span>
    </p>
   </div>
   <div class='ocr_carea' id='block_1_38' title="bbox 222 3939 1809 4013">
    <p class='ocr_par' dir='ltr' id='par_1_38' title="bbox 222 3939 1809 4013">
     <span class='ocr_line' id='line_1_38' title="bbox 222 3939 1809 4013; baseline 0.003 -17"><span class='ocrx_word' id='word_1_226' title='bbox 222 3947 417 3996; x_wconf 84' lang='lat' dir='ltr'><strong>sancta</strong></span> <span class='ocrx_word' id='word_1_227' title='bbox 449 3939 690 3996; x_wconf 88' lang='lat' dir='ltr'><strong>Trinitas</strong></span> <span class='ocrx_word' id='word_1_228' title='bbox 730 3940 1014 3995; x_wconf 91' lang='lat' dir='ltr'><strong>fabricavit</strong></span> <span class='ocrx_word' id='word_1_229' title='bbox 1056 3942 1315 4013; x_wconf 87' lang='lat' dir='ltr'><strong>templum</strong></span> <span class='ocrx_word' id='word_1_230' title='bbox 1342 3945 1453 3999; x_wconf 86' lang='lat' dir='ltr'><strong>veri</strong></span> <span class='ocrx_word' id='word_1_231' title='bbox 1482 3944 1809 4012; x_wconf 89' lang='lat' dir='ltr'><strong>Salomonis,</strong></span> 
     </span>
    </p>
   </div>
   <div class='ocr_carea' id='block_1_39' title="bbox 223 4029 1807 4100">
    <p class='ocr_par' dir='ltr' id='par_1_39' title="bbox 223 4029 1807 4100">
     <span class='ocr_line' id='line_1_39' title="bbox 223 4029 1807 4100; baseline 0.002 -14"><span class='ocrx_word' id='word_1_232' title='bbox 223 4029 473 4100; x_wconf 82' lang='lat' dir='ltr'><strong>corporis</strong></span> <span class='ocrx_word' id='word_1_233' title='bbox 517 4030 723 4086; x_wconf 87' lang='lat' dir='ltr'><strong>scilicet</strong></span> <span class='ocrx_word' id='word_1_234' title='bbox 775 4030 868 4086; x_wconf 88' lang='lat' dir='ltr'><strong>Dei</strong></span> <span class='ocrx_word' id='word_1_235' title='bbox 918 4041 973 4085; x_wconf 90' lang='lat' dir='ltr'><strong>et</strong></span> <span class='ocrx_word' id='word_1_236' title='bbox 1020 4031 1299 4086; x_wconf 88' lang='lat' dir='ltr'><strong>hominum</strong></span> <span class='ocrx_word' id='word_1_237' title='bbox 1343 4032 1694 4099; x_wconf 83' lang='lat' dir='ltr'><strong>Mediatoris,</strong></span> <span class='ocrx_word' id='word_1_238' title='bbox 1754 4034 1807 4089; x_wconf 91' lang='lat' dir='ltr'><strong>in</strong></span> 
     </span>
    </p>
   </div>
   <div class='ocr_carea' id='block_1_40' title="bbox 1903 2845 3487 2917">
    <p class='ocr_par' dir='ltr' id='par_1_40' title="bbox 1903 2845 3487 2917">
     <span class='ocr_line' id='line_1_40' title="bbox 1903 2845 3487 2917; baseline -0.002 -13"><span class='ocrx_word' id='word_1_239' title='bbox 1903 2846 2064 2917; x_wconf 89' lang='lat' dir='ltr'><strong>hujus</strong></span> <span class='ocrx_word' id='word_1_240' title='bbox 2106 2847 2331 2914; x_wconf 86' lang='lat' dir='ltr'><strong>ferculi,</strong></span> <span class='ocrx_word' id='word_1_241' title='bbox 2362 2848 2413 2902; x_wconf 91' lang='lat' dir='ltr'><strong>id</strong></span> <span class='ocrx_word' id='word_1_242' title='bbox 2454 2856 2539 2902; x_wconf 92' lang='lat' dir='ltr'><strong>est</strong></span> <span class='ocrx_word' id='word_1_243' title='bbox 2580 2847 2857 2917; x_wconf 69' lang='lat' dir='ltr'><strong>Ecclesiae,</strong></span> <span class='ocrx_word' id='word_1_244' title='bbox 2899 2846 3205 2903; x_wconf 87' lang='lat' dir='ltr'><strong>istiusmodi</strong></span> <span class='ocrx_word' id='word_1_245' title='bbox 3247 2845 3487 2915; x_wconf 78' lang='lat' dir='ltr'><strong>gratiosa</strong></span> 
     </span>
    </p>
   </div>
   <div class='ocr_carea' id='block_1_41' title="bbox 1900 2938 3491 3011">
    <p class='ocr_par' dir='ltr' id='par_1_41' title="bbox 1900 2938 3491 3011">
     <span class='ocr_line' id='line_1_41' title="bbox 1900 2938 3491 3011; baseline -0.003 -16"><span class='ocrx_word' id='word_1_246' title='bbox 1900 2940 2394 3010; x_wconf 65' lang='lat' dir='ltr'><strong>praedestinationis</strong></span> <span class='ocrx_word' id='word_1_247' title='bbox 2419 2948 2474 2994; x_wconf 90' lang='lat' dir='ltr'><strong>et</strong></span> <span class='ocrx_word' id='word_1_248' title='bbox 2503 2938 2782 2995; x_wconf 85' lang='lat' dir='ltr'><strong>electionis</strong></span> <span class='ocrx_word' id='word_1_249' title='bbox 2820 2954 2932 2997; x_wconf 70' lang='lat' dir='ltr'><strong>sua:</strong></span> <span class='ocrx_word' id='word_1_250' title='bbox 2956 2938 3154 3011; x_wconf 80' lang='lat' dir='ltr'><strong>gratia,</strong></span> <span class='ocrx_word' id='word_1_251' title='bbox 3182 2938 3234 2993; x_wconf 89' lang='lat' dir='ltr'><strong>id</strong></span> <span class='ocrx_word' id='word_1_252' title='bbox 3259 2946 3349 2994; x_wconf 82' lang='lat' dir='ltr'><strong>est</strong></span> <span class='ocrx_word' id='word_1_253' title='bbox 3365 2952 3491 3009; x_wconf 76' lang='lat' dir='ltr'><strong>gra-</strong></span> 
     </span>
    </p>
   </div>
   <div class='ocr_carea' id='block_1_42' title="bbox 1903 3028 3490 3101">
    <p class='ocr_par' dir='ltr' id='par_1_42' title="bbox 1903 3028 3490 3101">
     <span class='ocr_line' id='line_1_42' title="bbox 1903 3028 3490 3101; baseline -0.001 -14"><span class='ocrx_word' id='word_1_254' title='bbox 1903 3033 1975 3088; x_wconf 89' lang='lat' dir='ltr'><strong>tis</strong></span> <span class='ocrx_word' id='word_1_255' title='bbox 2001 3033 2152 3099; x_wconf 91' lang='lat' dir='ltr'><strong>data,</strong></span> <span class='ocrx_word' id='word_1_256' title='bbox 2177 3031 2514 3101; x_wconf 87' lang='lat' dir='ltr'><strong>composuit;</strong></span> <span class='ocrx_word' id='word_1_257' title='bbox 2541 3030 2633 3101; x_wconf 88' lang='lat' dir='ltr'><strong>qui</strong></span> <span class='ocrx_word' id='word_1_258' title='bbox 2672 3046 2865 3093; x_wconf 86' lang='lat' dir='ltr'><strong>omnes</strong></span> <span class='ocrx_word' id='word_1_259' title='bbox 2897 3031 3144 3086; x_wconf 86' lang='lat' dir='ltr'><strong>homines</strong></span> <span class='ocrx_word' id='word_1_260' title='bbox 3169 3029 3283 3085; x_wconf 88' lang='lat' dir='ltr'><strong>vult</strong></span> <span class='ocrx_word' id='word_1_261' title='bbox 3312 3028 3490 3085; x_wconf 87' lang='lat' dir='ltr'><strong>salvos</strong></span> 
     </span>
    </p>
   </div>
   <div class='ocr_carea' id='block_1_43' title="bbox 1905 3122 3491 3197">
    <p class='ocr_par' dir='ltr' id='par_1_43' title="bbox 1905 3122 3491 3197">
     <span class='ocr_line' id='line_1_43' title="bbox 1905 3122 3491 3197; baseline -0.003 -16"><span class='ocrx_word' id='word_1_262' title='bbox 1905 3126 2061 3193; x_wconf 86' lang='lat' dir='ltr'><strong>ﬁeri,</strong></span> <span class='ocrx_word' id='word_1_263' title='bbox 2103 3135 2158 3183; x_wconf 90' lang='lat' dir='ltr'><strong>et</strong></span> <span class='ocrx_word' id='word_1_264' title='bbox 2200 3126 2472 3182; x_wconf 86' lang='lat' dir='ltr'><strong>neminem</strong></span> <span class='ocrx_word' id='word_1_265' title='bbox 2512 3125 2624 3181; x_wconf 85' lang='lat' dir='ltr'><strong>vult</strong></span> <span class='ocrx_word' id='word_1_266' title='bbox 2665 3125 2875 3197; x_wconf 78' lang='lat' dir='ltr'><strong>perire.</strong></span> <span class='ocrx_word' id='word_1_267' title='bbox 2932 3123 3005 3180; x_wconf 88' lang='lat' dir='ltr'><strong>Ut</strong></span> <span class='ocrx_word' id='word_1_268' title='bbox 3048 3123 3194 3179; x_wconf 89' lang='lat' dir='ltr'><strong>enim</strong></span> <span class='ocrx_word' id='word_1_269' title='bbox 3235 3122 3302 3179; x_wconf 90' lang='lat' dir='ltr'><strong>de</strong></span> <span class='ocrx_word' id='word_1_270' title='bbox 3338 3129 3491 3179; x_wconf 86' lang='lat' dir='ltr'><strong>costa</strong></span> 
     </span>
    </p>
   </div>
   <div class='ocr_carea' id='block_1_44' title="bbox 1906 3213 3492 3286">
    <p class='ocr_par' dir='ltr' id='par_1_44' title="bbox 1906 3213 3492 3286">
     <span class='ocr_line' id='line_1_44' title="bbox 1906 3213 3492 3286; baseline -0.004 -11"><span class='ocrx_word' id='word_1_271' title='bbox 1906 3218 2223 3276; x_wconf 85' lang='lat' dir='ltr'><strong>dormientis</strong></span> <span class='ocrx_word' id='word_1_272' title='bbox 2262 3218 2394 3271; x_wconf 67' lang='lat' dir='ltr'><strong>Adae</strong></span> <span class='ocrx_word' id='word_1_273' title='bbox 2440 3219 2491 3270; x_wconf 91' lang='lat' dir='ltr'><strong>in</strong></span> <span class='ocrx_word' id='word_1_274' title='bbox 2536 3216 2791 3286; x_wconf 77' lang='lat' dir='ltr'><strong>paradiso</strong></span> <span class='ocrx_word' id='word_1_275' title='bbox 2830 3214 3114 3271; x_wconf 84' lang='lat' dir='ltr'><strong>fabricavit</strong></span> <span class='ocrx_word' id='word_1_276' title='bbox 3153 3213 3321 3269; x_wconf 87' lang='lat' dir='ltr'><strong>Evam</strong></span> <span class='ocrx_word' id='word_1_277' title='bbox 3346 3253 3362 3278; x_wconf 96' lang='lat'><strong>,</strong></span> <span class='ocrx_word' id='word_1_278' title='bbox 3413 3213 3492 3268; x_wconf 88' lang='lat' dir='ltr'><strong>ita</strong></span> 
     </span>
    </p>
   </div>
   <div class='ocr_carea' id='block_1_45' title="bbox 1906 3304 3489 3378">
    <p class='ocr_par' dir='ltr' id='par_1_45' title="bbox 1906 3304 3489 3378">
     <span class='ocr_line' id='line_1_45' title="bbox 1906 3304 3489 3378; baseline -0.003 -14"><span class='ocrx_word' id='word_1_279' title='bbox 1906 3307 2194 3364; x_wconf 80' lang='lat' dir='ltr'><strong>ineil‘abilis</strong></span> <span class='ocrx_word' id='word_1_280' title='bbox 2235 3308 2620 3363; x_wconf 77' lang='lat' dir='ltr'><strong>misericordiae</strong></span> <span class='ocrx_word' id='word_1_281' title='bbox 2658 3307 2832 3378; x_wconf 77' lang='lat' dir='ltr'><strong>gratia</strong></span> <span class='ocrx_word' id='word_1_282' title='bbox 2881 3305 2937 3362; x_wconf 92' lang='lat' dir='ltr'><strong>in</strong></span> <span class='ocrx_word' id='word_1_283' title='bbox 2977 3320 3144 3361; x_wconf 89' lang='lat' dir='ltr'><strong>cruce</strong></span> <span class='ocrx_word' id='word_1_284' title='bbox 3183 3304 3489 3366; x_wconf 87' lang='lat' dir='ltr'><strong>dormiens.</strong></span> 
     </span>
    </p>
   </div>
   <div class='ocr_carea' id='block_1_46' title="bbox 1907 3393 3492 3469">
    <p class='ocr_par' dir='ltr' id='par_1_46' title="bbox 1907 3393 3492 3469">
     <span class='ocr_line' id='line_1_46' title="bbox 1907 3393 3492 3469; baseline -0.006 -12"><span class='ocrx_word' id='word_1_285' title='bbox 1907 3398 1976 3457; x_wconf 89' lang='lat' dir='ltr'><strong>de</strong></span> <span class='ocrx_word' id='word_1_286' title='bbox 2029 3398 2201 3453; x_wconf 85' lang='lat' dir='ltr'><strong>latere</strong></span> <span class='ocrx_word' id='word_1_287' title='bbox 2249 3412 2348 3453; x_wconf 91' lang='lat' dir='ltr'><strong>suo</strong></span> <span class='ocrx_word' id='word_1_288' title='bbox 2398 3397 2735 3467; x_wconf 85' lang='lat' dir='ltr'><strong>prot‘undcns</strong></span> <span class='ocrx_word' id='word_1_289' title='bbox 2777 3410 2974 3469; x_wconf 88' lang='lat' dir='ltr'><strong>aquam</strong></span> <span class='ocrx_word' id='word_1_290' title='bbox 3025 3402 3083 3449; x_wconf 88' lang='lat' dir='ltr'><strong>et</strong></span> <span class='ocrx_word' id='word_1_291' title='bbox 3127 3393 3492 3463; x_wconf 81' lang='lat' dir='ltr'><strong>sanguinem,</strong></span> 
     </span>
    </p>
   </div>
   <div class='ocr_carea' id='block_1_47' title="bbox 1906 3482 3495 3561">
    <p class='ocr_par' dir='ltr' id='par_1_47' title="bbox 1906 3482 3495 3561">
     <span class='ocr_line' id='line_1_47' title="bbox 1906 3482 3495 3561; baseline -0.005 -16"><span class='ocrx_word' id='word_1_292' title='bbox 1906 3491 2103 3560; x_wconf 88' lang='lat' dir='ltr'><strong>quibus</strong></span> <span class='ocrx_word' id='word_1_293' title='bbox 2147 3499 2205 3545; x_wconf 88' lang='lat' dir='ltr'><strong>et</strong></span> <span class='ocrx_word' id='word_1_294' title='bbox 2242 3490 2458 3545; x_wconf 88' lang='lat' dir='ltr'><strong>lavacro</strong></span> <span class='ocrx_word' id='word_1_295' title='bbox 2504 3490 2776 3561; x_wconf 80' lang='lat' dir='ltr'><strong>rigaretur</strong></span> <span class='ocrx_word' id='word_1_296' title='bbox 2816 3496 2875 3546; x_wconf 88' lang='lat' dir='ltr'><strong>et</strong></span> <span class='ocrx_word' id='word_1_297' title='bbox 2917 3485 3150 3558; x_wconf 85' lang='lat' dir='ltr'><strong>poculo,</strong></span> <span class='ocrx_word' id='word_1_298' title='bbox 3204 3482 3495 3540; x_wconf 75' lang='lat' dir='ltr'><strong>aedificavit</strong></span> 
     </span>
    </p>
   </div>
   <div class='ocr_carea' id='block_1_48' title="bbox 1907 3571 3494 3649">
    <p class='ocr_par' dir='ltr' id='par_1_48' title="bbox 1907 3571 3494 3649">
     <span class='ocr_line' id='line_1_48' title="bbox 1907 3571 3494 3649; baseline -0.004 -14"><span class='ocrx_word' id='word_1_299' title='bbox 1907 3580 2238 3648; x_wconf 77' lang='lat' dir='ltr'><strong>Ecelesiam;</strong></span> <span class='ocrx_word' id='word_1_300' title='bbox 2287 3596 2449 3649; x_wconf 90' lang='lat' dir='ltr'><strong>quam</strong></span> <span class='ocrx_word' id='word_1_301' title='bbox 2497 3579 2723 3635; x_wconf 85' lang='lat' dir='ltr'><strong>mundat</strong></span> <span class='ocrx_word' id='word_1_302' title='bbox 2766 3579 2986 3637; x_wconf 89' lang='lat' dir='ltr'><strong>lavacro</strong></span> <span class='ocrx_word' id='word_1_303' title='bbox 3032 3590 3187 3647; x_wconf 67' lang='lat' dir='ltr'><strong>aqua:</strong></span> <span class='ocrx_word' id='word_1_304' title='bbox 3225 3571 3388 3646; x_wconf 82' lang='grc'><strong>’157</strong></span> <span class='ocrx_word' id='word_1_305' title='bbox 3434 3573 3494 3630; x_wconf 87' lang='lat' dir='ltr'><strong>in</strong></span> 
     </span>
    </p>
   </div>
   <div class='ocr_carea' id='block_1_49' title="bbox 1910 3665 3498 3745">
    <p class='ocr_par' dir='ltr' id='par_1_49' title="bbox 1910 3665 3498 3745">
     <span class='ocr_line' id='line_1_49' title="bbox 1910 3665 3498 3745; baseline -0.005 -17"><span class='ocrx_word' id='word_1_306' title='bbox 1910 3674 2104 3739; x_wconf 89' lang='lat' dir='ltr'><strong>verbo,</strong></span> <span class='ocrx_word' id='word_1_307' title='bbox 2147 3681 2204 3729; x_wconf 90' lang='lat' dir='ltr'><strong>et</strong></span> <span class='ocrx_word' id='word_1_308' title='bbox 2244 3673 2463 3729; x_wconf 88' lang='lat' dir='ltr'><strong>redimit</strong></span> <span class='ocrx_word' id='word_1_309' title='bbox 2501 3672 2768 3745; x_wconf 75' lang='lat' dir='ltr'><strong>sanguine</strong></span> <span class='ocrx_word' id='word_1_310' title='bbox 2806 3670 3083 3742; x_wconf 84' lang='lat' dir='ltr'><strong>pretioso,</strong></span> <span class='ocrx_word' id='word_1_311' title='bbox 3137 3675 3199 3723; x_wconf 91' lang='lat' dir='ltr'><strong>ut</strong></span> <span class='ocrx_word' id='word_1_312' title='bbox 3239 3665 3498 3723; x_wconf 86' lang='lat' dir='ltr'><strong>videlicet</strong></span> 
     </span>
    </p>
   </div>
   <div class='ocr_carea' id='block_1_50' title="bbox 1909 3756 3496 3831">
    <p class='ocr_par' dir='ltr' id='par_1_50' title="bbox 1909 3756 3496 3831">
     <span class='ocr_line' id='line_1_50' title="bbox 1909 3756 3496 3831; baseline -0.003 -15"><span class='ocrx_word' id='word_1_313' title='bbox 1909 3762 2034 3831; x_wconf 79' lang='lat' dir='ltr'><strong>agni</strong></span> <span class='ocrx_word' id='word_1_314' title='bbox 2091 3761 2425 3818; x_wconf 89' lang='lat' dir='ltr'><strong>immaculati</strong></span> <span class='ocrx_word' id='word_1_315' title='bbox 2474 3770 2533 3818; x_wconf 93' lang='lat' dir='ltr'><strong>et</strong></span> <span class='ocrx_word' id='word_1_316' title='bbox 2586 3761 3042 3827; x_wconf 87' lang='lat' dir='ltr'><strong>incontaminati,</strong></span> <span class='ocrx_word' id='word_1_317' title='bbox 3101 3758 3196 3830; x_wconf 90' lang='lat' dir='ltr'><strong>qui</strong></span> <span class='ocrx_word' id='word_1_318' title='bbox 3247 3765 3333 3814; x_wconf 91' lang='lat' dir='ltr'><strong>est</strong></span> <span class='ocrx_word' id='word_1_319' title='bbox 3377 3756 3496 3827; x_wconf 84' lang='lat' dir='ltr'><strong>ipse</strong></span> 
     </span>
    </p>
   </div>
   <div class='ocr_carea' id='block_1_51' title="bbox 1909 3850 3494 3921">
    <p class='ocr_par' dir='ltr' id='par_1_51' title="bbox 1909 3850 3494 3921">
     <span class='ocr_line' id='line_1_51' title="bbox 1909 3850 3494 3921; baseline -0.003 -14"><span class='ocrx_word' id='word_1_320' title='bbox 1909 3850 2157 3907; x_wconf 84' lang='lat' dir='ltr'><strong>Christus</strong></span> <span class='ocrx_word' id='word_1_321' title='bbox 2198 3851 2391 3918; x_wconf 90' lang='lat' dir='ltr'><strong>Jesus,</strong></span> <span class='ocrx_word' id='word_1_322' title='bbox 2441 3859 2499 3906; x_wconf 92' lang='lat' dir='ltr'><strong>et</strong></span> <span class='ocrx_word' id='word_1_323' title='bbox 2542 3852 2867 3907; x_wconf 82' lang='lat' dir='ltr'><strong>sanctificat.</strong></span> <span class='ocrx_word' id='word_1_324' title='bbox 2893 3850 3102 3921; x_wconf 90' lang='lat' dir='ltr'><strong>Spiritu</strong></span> <span class='ocrx_word' id='word_1_325' title='bbox 3140 3856 3331 3906; x_wconf 89' lang='lat' dir='ltr'><strong>saneto</strong></span> <span class='ocrx_word' id='word_1_326' title='bbox 3371 3862 3494 3914; x_wconf 88' lang='lat' dir='ltr'><strong>suo,</strong></span> 
     </span>
    </p>
   </div>
   <div class='ocr_carea' id='block_1_52' title="bbox 1910 3939 3494 4013">
    <p class='ocr_par' dir='ltr' id='par_1_52' title="bbox 1910 3939 3494 4013">
     <span class='ocr_line' id='line_1_52' title="bbox 1910 3939 3494 4013; baseline -0.003 -14"><span class='ocrx_word' id='word_1_327' title='bbox 1910 3944 2120 3999; x_wconf 86' lang='lat' dir='ltr'><strong>salvum</strong></span> <span class='ocrx_word' id='word_1_328' title='bbox 2154 3941 2359 3999; x_wconf 87' lang='lat' dir='ltr'><strong>faciens</strong></span> <span class='ocrx_word' id='word_1_329' title='bbox 2384 3943 2438 3997; x_wconf 93' lang='lat' dir='ltr'><strong>in</strong></span> <span class='ocrx_word' id='word_1_330' title='bbox 2473 3942 2722 4013; x_wconf 78' lang='lat' dir='ltr'><strong>singulis,</strong></span> <span class='ocrx_word' id='word_1_331' title='bbox 2748 3943 2840 4012; x_wconf 89' lang='lat' dir='ltr'><strong>qui</strong></span> <span class='ocrx_word' id='word_1_332' title='bbox 2865 3952 2949 3997; x_wconf 91' lang='lat' dir='ltr'><strong>est</strong></span> <span class='ocrx_word' id='word_1_333' title='bbox 2969 3958 3163 4012; x_wconf 84' lang='lat' dir='ltr'><strong>passus</strong></span> <span class='ocrx_word' id='word_1_334' title='bbox 3187 3956 3289 4012; x_wconf 91' lang='lat' dir='ltr'><strong>pro</strong></span> <span class='ocrx_word' id='word_1_335' title='bbox 3314 3939 3494 3996; x_wconf 49' lang='lat' dir='ltr'><strong>omni?</strong></span> 
     </span>
    </p>
   </div>
   <div class='ocr_carea' id='block_1_53' title="bbox 1907 4033 3497 4102">
    <p class='ocr_par' dir='ltr' id='par_1_53' title="bbox 1907 4033 3497 4102">
     <span class='ocr_line' id='line_1_53' title="bbox 1907 4033 3497 4102; baseline -0.002 -13"><span class='ocrx_word' id='word_1_336' title='bbox 1907 4034 2029 4098; x_wconf 89' lang='lat' dir='ltr'><strong>bus,</strong></span> <span class='ocrx_word' id='word_1_337' title='bbox 2056 4042 2224 4090; x_wconf 90' lang='lat' dir='ltr'><strong>totum</strong></span> <span class='ocrx_word' id='word_1_338' title='bbox 2257 4033 2554 4099; x_wconf 91' lang='lat' dir='ltr'><strong>hominem,</strong></span> <span class='ocrx_word' id='word_1_339' title='bbox 2578 4033 2830 4089; x_wconf 86' lang='lat' dir='ltr'><strong>videlicet</strong></span> <span class='ocrx_word' id='word_1_340' title='bbox 2850 4047 3047 4102; x_wconf 89' lang='lat' dir='ltr'><strong>corpus</strong></span> <span class='ocrx_word' id='word_1_341' title='bbox 3072 4042 3129 4088; x_wconf 90' lang='lat' dir='ltr'><strong>et</strong></span> <span class='ocrx_word' id='word_1_342' title='bbox 3154 4033 3414 4098; x_wconf 77' lang='lat' dir='ltr'><strong>animam,</strong></span> <span class='ocrx_word' id='word_1_343' title='bbox 3439 4040 3497 4088; x_wconf 84' lang='lat' dir='ltr'><strong>et</strong></span> 
     </span>
    </p>
   </div>
   <div class='ocr_carea' id='block_1_54' title="bbox 224 4105 3496 4194">
    <p class='ocr_par' dir='ltr' id='par_1_54' title="bbox 224 4105 3496 4194">
     <span class='ocr_line' id='line_1_54' title="bbox 224 4105 3496 4194; baseline 0 -19"><span class='ocrx_word' id='word_1_344' title='bbox 224 4129 386 4177; x_wconf 89' lang='lat' dir='ltr'><strong>utero</strong></span> <span class='ocrx_word' id='word_1_345' title='bbox 423 4122 597 4177; x_wconf 70' lang='lat' dir='ltr'><strong>beata:</strong></span> <span class='ocrx_word' id='word_1_346' title='bbox 639 4131 700 4177; x_wconf 84' lang='lat' dir='ltr'><strong>et</strong></span> <span class='ocrx_word' id='word_1_347' title='bbox 732 4121 978 4193; x_wconf 67' lang='lat' dir='ltr'><strong>gloriosa:</strong></span> <span class='ocrx_word' id='word_1_348' title='bbox 1021 4137 1343 4192; x_wconf 91' lang='lat' dir='ltr'><strong>semperque</strong></span> <span class='ocrx_word' id='word_1_349' title='bbox 1376 4121 1613 4194; x_wconf 83' lang='lat' dir='ltr'><strong>Virginis</strong></span> <span class='ocrx_word' id='word_1_350' title='bbox 1657 4124 1803 4193; x_wconf 86' lang='lat' dir='ltr'><strong>ejus-</strong></span> <span class='ocrx_word' id='word_1_351' title='bbox 1834 4105 1878 4168; x_wconf 83' lang='lat' dir='ltr'><strong>C</strong></span> <span class='ocrx_word' id='word_1_352' title='bbox 1909 4123 2014 4178; x_wconf 89' lang='lat' dir='ltr'><strong>hoc</strong></span> <span class='ocrx_word' id='word_1_353' title='bbox 2044 4123 2096 4177; x_wconf 93' lang='lat' dir='ltr'><strong>in</strong></span> <span class='ocrx_word' id='word_1_354' title='bbox 2127 4123 2376 4185; x_wconf 84' lang='lat' dir='ltr'><strong>sabbato,</strong></span> <span class='ocrx_word' id='word_1_355' title='bbox 2404 4123 2457 4178; x_wconf 87' lang='lat' dir='ltr'><strong>id</strong></span> <span class='ocrx_word' id='word_1_356' title='bbox 2482 4132 2568 4178; x_wconf 88' lang='lat' dir='ltr'><strong>est</strong></span> <span class='ocrx_word' id='word_1_357' title='bbox 2598 4124 2650 4178; x_wconf 95' lang='lat' dir='ltr'><strong>in</strong></span> <span class='ocrx_word' id='word_1_358' title='bbox 2681 4124 2868 4193; x_wconf 86' lang='lat' dir='ltr'><strong>requie</strong></span> <span class='ocrx_word' id='word_1_359' title='bbox 2893 4122 3116 4177; x_wconf 89' lang='lat' dir='ltr'><strong>unitatis</strong></span> <span class='ocrx_word' id='word_1_360' title='bbox 3140 4122 3415 4186; x_wconf 63' lang='lat' dir='ltr'><strong>Ecclesiae,</strong></span> <span class='ocrx_word' id='word_1_361' title='bbox 3438 4122 3496 4177; x_wconf 89' lang='lat' dir='ltr'><strong>in</strong></span> 
     </span>
    </p>
   </div>
   <div class='ocr_carea' id='block_1_55' title="bbox 224 4214 1810 4287">
    <p class='ocr_par' dir='ltr' id='par_1_55' title="bbox 224 4214 1810 4287">
     <span class='ocr_line' id='line_1_55' title="bbox 224 4214 1810 4287; baseline 0 -18"><span class='ocrx_word' id='word_1_362' title='bbox 224 4214 352 4269; x_wconf 88' lang='lat' dir='ltr'><strong>dem</strong></span> <span class='ocrx_word' id='word_1_363' title='bbox 381 4214 662 4282; x_wconf 80' lang='lat' dir='ltr'><strong>genitricis</strong></span> <span class='ocrx_word' id='word_1_364' title='bbox 703 4215 932 4269; x_wconf 72' lang='lat' dir='ltr'><strong>domina:</strong></span> <span class='ocrx_word' id='word_1_365' title='bbox 975 4229 1040 4269; x_wconf 90' lang='lat' dir='ltr'><strong>ac</strong></span> <span class='ocrx_word' id='word_1_366' title='bbox 1074 4214 1449 4287; x_wconf 84' lang='lat' dir='ltr'><strong>dominatricis</strong></span> <span class='ocrx_word' id='word_1_367' title='bbox 1472 4223 1672 4270; x_wconf 74' lang='lat' dir='ltr'><strong>nostra:</strong></span> <span class='ocrx_word' id='word_1_368' title='bbox 1699 4215 1810 4269; x_wconf 82' lang='lat' dir='ltr'><strong>Ma-</strong></span> 
     </span>
    </p>
   </div>
   <div class='ocr_carea' id='block_1_56' title="bbox 221 4305 1811 4376">
    <p class='ocr_par' dir='ltr' id='par_1_56' title="bbox 221 4305 1811 4376">
     <span class='ocr_line' id='line_1_56' title="bbox 221 4305 1811 4376; baseline 0.001 -16"><span class='ocrx_word' id='word_1_369' title='bbox 221 4305 342 4360; x_wconf 67' lang='lat' dir='ltr'><strong>riae.</strong></span> <span class='ocrx_word' id='word_1_370' title='bbox 396 4305 631 4376; x_wconf 89' lang='lat' dir='ltr'><strong>Spiritus</strong></span> <span class='ocrx_word' id='word_1_371' title='bbox 669 4306 811 4360; x_wconf 91' lang='lat' dir='ltr'><strong>enim</strong></span> <span class='ocrx_word' id='word_1_372' title='bbox 856 4314 1075 4361; x_wconf 88' lang='lat' dir='ltr'><strong>sanctus</strong></span> <span class='ocrx_word' id='word_1_373' title='bbox 1116 4306 1429 4375; x_wconf 89' lang='lat' dir='ltr'><strong>supervenit</strong></span> <span class='ocrx_word' id='word_1_374' title='bbox 1475 4306 1529 4360; x_wconf 92' lang='lat' dir='ltr'><strong>in</strong></span> <span class='ocrx_word' id='word_1_375' title='bbox 1570 4321 1715 4371; x_wconf 90' lang='lat' dir='ltr'><strong>eam,</strong></span> <span class='ocrx_word' id='word_1_376' title='bbox 1754 4314 1811 4361; x_wconf 90' lang='lat' dir='ltr'><strong>et</strong></span> 
     </span>
    </p>
   </div>
   <div class='ocr_carea' id='block_1_57' title="bbox 222 4394 1811 4467">
    <p class='ocr_par' dir='ltr' id='par_1_57' title="bbox 222 4394 1811 4467">
     <span class='ocr_line' id='line_1_57' title="bbox 222 4394 1811 4467; baseline 0.002 -19"><span class='ocrx_word' id='word_1_377' title='bbox 222 4394 404 4450; x_wconf 86' lang='lat' dir='ltr'><strong>virtus</strong></span> <span class='ocrx_word' id='word_1_378' title='bbox 452 4394 717 4449; x_wconf 77' lang='grc' dir='ltr'><strong>ΑΙιίεείιηί</strong></span> <span class='ocrx_word' id='word_1_379' title='bbox 772 4396 943 4465; x_wconf 86' lang='lat' dir='ltr'><strong>patris</strong></span> <span class='ocrx_word' id='word_1_380' title='bbox 988 4395 1333 4451; x_wconf 87' lang='lat' dir='ltr'><strong>obumbravit</strong></span> <span class='ocrx_word' id='word_1_381' title='bbox 1390 4395 1463 4449; x_wconf 89' lang='lat' dir='ltr'><strong>illi</strong></span> <span class='ocrx_word' id='word_1_382' title='bbox 1505 4414 1517 4450; x_wconf 94' lang='lat'>:</span> <span class='ocrx_word' id='word_1_383' title='bbox 1579 4396 1811 4467; x_wconf 83' lang='lat' dir='ltr'><strong>ideoque</strong></span> 
     </span>
    </p>
   </div>
   <div class='ocr_carea' id='block_1_58' title="bbox 225 4486 1815 4554">
    <p class='ocr_par' dir='ltr' id='par_1_58' title="bbox 225 4486 1815 4554">
     <span class='ocr_line' id='line_1_58' title="bbox 225 4486 1815 4554; baseline 0.004 -16"><span class='ocrx_word' id='word_1_384' title='bbox 225 4493 405 4539; x_wconf 88' lang='lat' dir='ltr'><strong>totum</strong></span> <span class='ocrx_word' id='word_1_385' title='bbox 451 4486 594 4554; x_wconf 90' lang='lat' dir='ltr'><strong>quod</strong></span> <span class='ocrx_word' id='word_1_386' title='bbox 639 4501 706 4539; x_wconf 85' lang='lat' dir='ltr'><strong>ex</strong></span> <span class='ocrx_word' id='word_1_387' title='bbox 755 4487 966 4540; x_wconf 89' lang='lat' dir='ltr'><strong>duabus</strong></span> <span class='ocrx_word' id='word_1_388' title='bbox 1015 4495 1070 4541; x_wconf 90' lang='lat' dir='ltr'><strong>et</strong></span> <span class='ocrx_word' id='word_1_389' title='bbox 1126 4486 1178 4541; x_wconf 92' lang='lat' dir='ltr'><strong>in</strong></span> <span class='ocrx_word' id='word_1_390' title='bbox 1234 4486 1444 4542; x_wconf 88' lang='lat' dir='ltr'><strong>duabus</strong></span> <span class='ocrx_word' id='word_1_391' title='bbox 1492 4487 1815 4545; x_wconf 87' lang='lat' dir='ltr'><strong>substantiis</strong></span> 
     </span>
    </p>
   </div>
   <div class='ocr_carea' id='block_1_59' title="bbox 223 4577 1808 4648">
    <p class='ocr_par' dir='ltr' id='par_1_59' title="bbox 223 4577 1808 4648">
     <span class='ocr_line' id='line_1_59' title="bbox 223 4577 1808 4648; baseline 0.004 -18"><span class='ocrx_word' id='word_1_392' title='bbox 223 4584 392 4646; x_wconf 87' lang='lat' dir='ltr'><strong>atque</strong></span> <span class='ocrx_word' id='word_1_393' title='bbox 417 4578 629 4631; x_wconf 92' lang='lat' dir='ltr'><strong>naturis</strong></span> <span class='ocrx_word' id='word_1_394' title='bbox 655 4577 707 4629; x_wconf 92' lang='lat' dir='ltr'><strong>in</strong></span> <span class='ocrx_word' id='word_1_395' title='bbox 735 4578 939 4632; x_wconf 84' lang='lat' dir='ltr'><strong>unitate</strong></span> <span class='ocrx_word' id='word_1_396' title='bbox 968 4577 1130 4633; x_wconf 91' lang='lat' dir='ltr'><strong>unius</strong></span> <span class='ocrx_word' id='word_1_397' title='bbox 1155 4594 1400 4648; x_wconf 78' lang='lat' dir='ltr'><strong>personae</strong></span> <span class='ocrx_word' id='word_1_398' title='bbox 1430 4594 1499 4634; x_wconf 83' lang='lat' dir='ltr'><strong>ex</strong></span> <span class='ocrx_word' id='word_1_399' title='bbox 1530 4594 1593 4635; x_wconf 86' lang='lat' dir='ltr'><strong>ea</strong></span> <span class='ocrx_word' id='word_1_400' title='bbox 1619 4588 1808 4636; x_wconf 89' lang='lat' dir='ltr'><strong>natum</strong></span> 
     </span>
    </p>
   </div>
   <div class='ocr_carea' id='block_1_60' title="bbox 221 4667 1810 4739">
    <p class='ocr_par' dir='ltr' id='par_1_60' title="bbox 221 4667 1810 4739">
     <span class='ocr_line' id='line_1_60' title="bbox 221 4667 1810 4739; baseline 0.001 -16"><span class='ocrx_word' id='word_1_401' title='bbox 221 4676 330 4733; x_wconf 86' lang='lat' dir='ltr'><strong>est,</strong></span> <span class='ocrx_word' id='word_1_402' title='bbox 369 4676 618 4723; x_wconf 89' lang='lat' dir='ltr'><strong>sanetum</strong></span> <span class='ocrx_word' id='word_1_403' title='bbox 653 4676 897 4730; x_wconf 87' lang='lat' dir='ltr'><strong>vocatur,</strong></span> <span class='ocrx_word' id='word_1_404' title='bbox 942 4676 995 4723; x_wconf 91' lang='lat' dir='ltr'><strong>et</strong></span> <span class='ocrx_word' id='word_1_405' title='bbox 1035 4677 1118 4723; x_wconf 91' lang='lat' dir='ltr'><strong>est</strong></span> <span class='ocrx_word' id='word_1_406' title='bbox 1156 4667 1326 4724; x_wconf 82' lang='lat' dir='ltr'><strong>Filius</strong></span> <span class='ocrx_word' id='word_1_407' title='bbox 1364 4670 1482 4735; x_wconf 90' lang='lat' dir='ltr'><strong>Dei,</strong></span> <span class='ocrx_word' id='word_1_408' title='bbox 1517 4685 1615 4739; x_wconf 86' lang='lat' dir='ltr'><strong>per</strong></span> <span class='ocrx_word' id='word_1_409' title='bbox 1643 4685 1810 4738; x_wconf 83' lang='lat' dir='ltr'><strong>quem</strong></span> 
     </span>
    </p>
   </div>
   <div class='ocr_carea' id='block_1_61' title="bbox 224 4754 1812 4829">
    <p class='ocr_par' dir='ltr' id='par_1_61' title="bbox 224 4754 1812 4829">
     <span class='ocr_line' id='line_1_61' title="bbox 224 4754 1812 4829; baseline 0.004 -22"><span class='ocrx_word' id='word_1_410' title='bbox 224 4755 398 4825; x_wconf 77' lang='lat' dir='ltr'><strong>gloria</strong></span> <span class='ocrx_word' id='word_1_411' title='bbox 441 4756 495 4809; x_wconf 91' lang='lat' dir='ltr'><strong>in</strong></span> <span class='ocrx_word' id='word_1_412' title='bbox 534 4754 765 4809; x_wconf 79' lang='lat' dir='ltr'><strong>excelsis</strong></span> <span class='ocrx_word' id='word_1_413' title='bbox 808 4756 916 4810; x_wconf 91' lang='lat' dir='ltr'><strong>Deo</strong></span> <span class='ocrx_word' id='word_1_414' title='bbox 959 4764 1230 4821; x_wconf 88' lang='lat' dir='ltr'><strong>cantatur,</strong></span> <span class='ocrx_word' id='word_1_415' title='bbox 1259 4766 1315 4812; x_wconf 92' lang='lat' dir='ltr'><strong>et</strong></span> <span class='ocrx_word' id='word_1_416' title='bbox 1342 4758 1395 4811; x_wconf 93' lang='lat' dir='ltr'><strong>in</strong></span> <span class='ocrx_word' id='word_1_417' title='bbox 1425 4766 1567 4812; x_wconf 91' lang='lat' dir='ltr'><strong>terra</strong></span> <span class='ocrx_word' id='word_1_418' title='bbox 1592 4774 1698 4829; x_wconf 94' lang='lat' dir='ltr'><strong>pax</strong></span> <span class='ocrx_word' id='word_1_419' title='bbox 1727 4765 1812 4813; x_wconf 90' lang='lat' dir='ltr'><strong>est</strong></span> 
     </span>
    </p>
   </div>
   <div class='ocr_carea' id='block_1_62' title="bbox 226 4844 1813 4917">
    <p class='ocr_par' dir='ltr' id='par_1_62' title="bbox 226 4844 1813 4917">
     <span class='ocr_line' id='line_1_62' title="bbox 226 4844 1813 4917; baseline 0.003 -18"><span class='ocrx_word' id='word_1_420' title='bbox 226 4844 540 4900; x_wconf 88' lang='lat' dir='ltr'><strong>hominibus</strong></span> <span class='ocrx_word' id='word_1_421' title='bbox 578 4844 734 4899; x_wconf 71' lang='lat' dir='ltr'><strong>honre</strong></span> <span class='ocrx_word' id='word_1_422' title='bbox 773 4846 1100 4911; x_wconf 84' lang='lat' dir='ltr'><strong>voluntatis;</strong></span> <span class='ocrx_word' id='word_1_423' title='bbox 1152 4848 1243 4917; x_wconf 89' lang='lat' dir='ltr'><strong>qui</strong></span> <span class='ocrx_word' id='word_1_424' title='bbox 1271 4856 1354 4901; x_wconf 90' lang='lat' dir='ltr'><strong>est</strong></span> <span class='ocrx_word' id='word_1_425' title='bbox 1379 4847 1546 4903; x_wconf 88' lang='lat' dir='ltr'><strong>Filius</strong></span> <span class='ocrx_word' id='word_1_426' title='bbox 1583 4849 1813 4905; x_wconf 89' lang='lat' dir='ltr'><strong>dilectus</strong></span> 
     </span>
    </p>
   </div>
   <div class='ocr_carea' id='block_1_63' title="bbox 226 4934 1814 5008">
    <p class='ocr_par' dir='ltr' id='par_1_63' title="bbox 226 4934 1814 5008">
     <span class='ocr_line' id='line_1_63' title="bbox 226 4934 1814 5008; baseline 0.005 -20"><span class='ocrx_word' id='word_1_427' title='bbox 226 4934 282 4988; x_wconf 92' lang='lat' dir='ltr'><strong>in</strong></span> <span class='ocrx_word' id='word_1_428' title='bbox 320 4950 430 5004; x_wconf 85' lang='lat' dir='ltr'><strong>quo</strong></span> <span class='ocrx_word' id='word_1_429' title='bbox 468 4934 614 4990; x_wconf 87' lang='lat' dir='ltr'><strong>Patri</strong></span> <span class='ocrx_word' id='word_1_430' title='bbox 652 4937 789 4990; x_wconf 87' lang='lat' dir='ltr'><strong>bene</strong></span> <span class='ocrx_word' id='word_1_431' title='bbox 823 4937 1177 5008; x_wconf 86' lang='lat' dir='ltr'><strong>complacuit,</strong></span> <span class='ocrx_word' id='word_1_432' title='bbox 1213 4946 1268 4993; x_wconf 91' lang='lat' dir='ltr'><strong>et</strong></span> <span class='ocrx_word' id='word_1_433' title='bbox 1307 4955 1337 4993; x_wconf 93' lang='lat' dir='ltr'><strong>a</strong></span> <span class='ocrx_word' id='word_1_434' title='bbox 1374 4937 1526 5007; x_wconf 86' lang='lat' dir='ltr'><strong>cujus</strong></span> <span class='ocrx_word' id='word_1_435' title='bbox 1559 4939 1697 4996; x_wconf 89' lang='lat' dir='ltr'><strong>facie</strong></span> <span class='ocrx_word' id='word_1_436' title='bbox 1728 4949 1814 4996; x_wconf 89' lang='lat' dir='ltr'><strong>est</strong></span> 
     </span>
    </p>
   </div>
   <div class='ocr_carea' id='block_1_64' title="bbox 221 5027 1817 5099">
    <p class='ocr_par' dir='ltr' id='par_1_64' title="bbox 221 5027 1817 5099">
     <span class='ocr_line' id='line_1_64' title="bbox 221 5027 1817 5099; baseline 0.003 -18"><span class='ocrx_word' id='word_1_437' title='bbox 221 5027 457 5082; x_wconf 89' lang='lat' dir='ltr'><strong>scientia</strong></span> <span class='ocrx_word' id='word_1_438' title='bbox 491 5038 547 5082; x_wconf 91' lang='lat' dir='ltr'><strong>et</strong></span> <span class='ocrx_word' id='word_1_439' title='bbox 579 5029 906 5092; x_wconf 89' lang='lat' dir='ltr'><strong>intellectus,</strong></span> <span class='ocrx_word' id='word_1_440' title='bbox 934 5038 989 5083; x_wconf 91' lang='lat' dir='ltr'><strong>et</strong></span> <span class='ocrx_word' id='word_1_441' title='bbox 1021 5030 1111 5099; x_wconf 87' lang='lat' dir='ltr'><strong>qui</strong></span> <span class='ocrx_word' id='word_1_442' title='bbox 1148 5031 1309 5085; x_wconf 88' lang='lat' dir='ltr'><strong>docet</strong></span> <span class='ocrx_word' id='word_1_443' title='bbox 1340 5030 1614 5085; x_wconf 88' lang='lat' dir='ltr'><strong>hominem</strong></span> <span class='ocrx_word' id='word_1_444' title='bbox 1639 5030 1817 5085; x_wconf 86' lang='lat' dir='ltr'><strong>scien-</strong></span> 
     </span>
    </p>
   </div>
   <div class='ocr_carea' id='block_1_65' title="bbox 219 5114 1814 5187">
    <p class='ocr_par' dir='ltr' id='par_1_65' title="bbox 219 5114 1814 5187">
     <span class='ocr_line' id='line_1_65' title="bbox 219 5114 1814 5187; baseline 0.004 -18"><span class='ocrx_word' id='word_1_445' title='bbox 219 5114 386 5180; x_wconf 89' lang='lat' dir='ltr'><strong>tiam,</strong></span> <span class='ocrx_word' id='word_1_446' title='bbox 424 5124 482 5170; x_wconf 90' lang='lat' dir='ltr'><strong>et</strong></span> <span class='ocrx_word' id='word_1_447' title='bbox 518 5116 723 5187; x_wconf 89' lang='lat' dir='ltr'><strong>Spiritu</strong></span> <span class='ocrx_word' id='word_1_448' title='bbox 751 5126 942 5173; x_wconf 89' lang='lat' dir='ltr'><strong>sancto</strong></span> <span class='ocrx_word' id='word_1_449' title='bbox 965 5134 1062 5173; x_wconf 89' lang='lat' dir='ltr'><strong>suo</strong></span> <span class='ocrx_word' id='word_1_450' title='bbox 1085 5119 1243 5177; x_wconf 90' lang='lat' dir='ltr'><strong>docet</strong></span> <span class='ocrx_word' id='word_1_451' title='bbox 1268 5120 1566 5176; x_wconf 78' lang='lat' dir='ltr'><strong>Ecclesium</strong></span> <span class='ocrx_word' id='word_1_452' title='bbox 1594 5135 1814 5176; x_wconf 91' lang='lat' dir='ltr'><strong>omnem</strong></span> 
     </span>
    </p>
   </div>
   <div class='ocr_carea' id='block_1_66' title="bbox 221 5204 1815 5267">
    <p class='ocr_par' dir='ltr' id='par_1_66' title="bbox 221 5204 1815 5267">
     <span class='ocr_line' id='line_1_66' title="bbox 221 5204 1815 5267; baseline 0.007 -11"><span class='ocrx_word' id='word_1_453' title='bbox 221 5204 537 5259; x_wconf 85' lang='lat' dir='ltr'><strong>veritatem.</strong></span> <span class='ocrx_word' id='word_1_454' title='bbox 580 5205 732 5261; x_wconf 86' lang='lat' dir='ltr'><strong>Fecit</strong></span> <span class='ocrx_word' id='word_1_455' title='bbox 768 5217 947 5263; x_wconf 90' lang='lat' dir='ltr'><strong>autem</strong></span> <span class='ocrx_word' id='word_1_456' title='bbox 988 5210 1090 5264; x_wconf 90' lang='lat' dir='ltr'><strong>hoc</strong></span> <span class='ocrx_word' id='word_1_457' title='bbox 1129 5209 1391 5265; x_wconf 90' lang='lat' dir='ltr'><strong>ferculum</strong></span> <span class='ocrx_word' id='word_1_458' title='bbox 1428 5210 1531 5264; x_wconf 87' lang='lat' dir='ltr'><strong>sibi</strong></span> <span class='ocrx_word' id='word_1_459' title='bbox 1568 5209 1672 5266; x_wconf 90' lang='lat' dir='ltr'><strong>iste</strong></span> <span class='ocrx_word' id='word_1_460' title='bbox 1698 5210 1815 5267; x_wconf 80' lang='lat' dir='ltr'><strong>Rex</strong></span> 
     </span>
    </p>
   </div>
   <div class='ocr_carea' id='block_1_67' title="bbox 226 5296 1813 5372">
    <p class='ocr_par' dir='ltr' id='par_1_67' title="bbox 226 5296 1813 5372">
     <span class='ocr_line' id='line_1_67' title="bbox 226 5296 1813 5372; baseline 0.006 -25"><span class='ocrx_word' id='word_1_461' title='bbox 226 5308 417 5363; x_wconf 77' lang='lat' dir='ltr'><strong>regum</strong></span> <span class='ocrx_word' id='word_1_462' title='bbox 467 5302 523 5350; x_wconf 90' lang='lat' dir='ltr'><strong>et</strong></span> <span class='ocrx_word' id='word_1_463' title='bbox 570 5296 830 5352; x_wconf 87' lang='lat' dir='ltr'><strong>Dominus</strong></span> <span class='ocrx_word' id='word_1_464' title='bbox 871 5299 1213 5355; x_wconf 88' lang='lat' dir='ltr'><strong>dominorum</strong></span> <span class='ocrx_word' id='word_1_465' title='bbox 1269 5302 1335 5356; x_wconf 90' lang='lat' dir='ltr'><strong>de</strong></span> <span class='ocrx_word' id='word_1_466' title='bbox 1383 5300 1542 5372; x_wconf 79' lang='lat' dir='ltr'><strong>lignis</strong></span> <span class='ocrx_word' id='word_1_467' title='bbox 1580 5302 1813 5370; x_wconf 90' lang='lat' dir='ltr'><strong>Libani,</strong></span> 
     </span>
    </p>
   </div>
   <div class='ocr_carea' id='block_1_68' title="bbox 225 5382 1815 5453">
    <p class='ocr_par' dir='ltr' id='par_1_68' title="bbox 225 5382 1815 5453">
     <span class='ocr_line' id='line_1_68' title="bbox 225 5382 1815 5453; baseline 0.007 -17"><span class='ocrx_word' id='word_1_468' title='bbox 225 5382 357 5453; x_wconf 84' lang='lat' dir='ltr'><strong>quia</strong></span> <span class='ocrx_word' id='word_1_469' title='bbox 382 5383 679 5451; x_wconf 82' lang='lat' dir='ltr'><strong>Ecclesiam</strong></span> <span class='ocrx_word' id='word_1_470' title='bbox 705 5389 770 5443; x_wconf 93' lang='lat' dir='ltr'><strong>de</strong></span> <span class='ocrx_word' id='word_1_471' title='bbox 793 5386 1024 5443; x_wconf 88' lang='lat' dir='ltr'><strong>fortibus</strong></span> <span class='ocrx_word' id='word_1_472' title='bbox 1050 5389 1230 5444; x_wconf 89' lang='lat' dir='ltr'><strong>animo</strong></span> <span class='ocrx_word' id='word_1_473' title='bbox 1269 5399 1325 5444; x_wconf 86' lang='lat' dir='ltr'><strong>et</strong></span> <span class='ocrx_word' id='word_1_474' title='bbox 1363 5392 1668 5446; x_wconf 87' lang='lat' dir='ltr'><strong>constantia</strong></span> <span class='ocrx_word' id='word_1_475' title='bbox 1699 5393 1815 5447; x_wconf 89' lang='lat' dir='ltr'><strong>ani-</strong></span> 
     </span>
    </p>
   </div>
   <div class='ocr_carea' id='block_1_69' title="bbox 1910 4212 3499 4284">
    <p class='ocr_par' dir='ltr' id='par_1_69' title="bbox 1910 4212 3499 4284">
     <span class='ocr_line' id='line_1_69' title="bbox 1910 4212 3499 4284; baseline 0.001 -18"><span class='ocrx_word' id='word_1_476' title='bbox 1910 4229 2017 4284; x_wconf 86' lang='lat' dir='ltr'><strong>qua</strong></span> <span class='ocrx_word' id='word_1_477' title='bbox 2043 4228 2141 4283; x_wconf 91' lang='lat' dir='ltr'><strong>per</strong></span> <span class='ocrx_word' id='word_1_478' title='bbox 2169 4212 2460 4269; x_wconf 87' lang='lat' dir='ltr'><strong>salutarem</strong></span> <span class='ocrx_word' id='word_1_479' title='bbox 2489 4228 2641 4283; x_wconf 89' lang='lat' dir='ltr'><strong>spem</strong></span> <span class='ocrx_word' id='word_1_480' title='bbox 2668 4213 2854 4270; x_wconf 80' lang='lat' dir='ltr'><strong>fideles</strong></span> <span class='ocrx_word' id='word_1_481' title='bbox 2888 4213 2957 4268; x_wconf 87' lang='lat' dir='ltr'><strong>ad</strong></span> <span class='ocrx_word' id='word_1_482' title='bbox 2992 4212 3237 4282; x_wconf 85' lang='lat' dir='ltr'><strong>requiem</strong></span> <span class='ocrx_word' id='word_1_483' title='bbox 3266 4212 3499 4268; x_wconf 89' lang='lat' dir='ltr'><strong>tendunt</strong></span> 
     </span>
    </p>
   </div>
   <div class='ocr_carea' id='block_1_70' title="bbox 1909 4305 3121 4377">
    <p class='ocr_par' dir='ltr' id='par_1_70' title="bbox 1909 4305 3121 4377">
     <span class='ocr_line' id='line_1_70' title="bbox 1909 4305 3121 4377; baseline 0 -18"><span class='ocrx_word' id='word_1_484' title='bbox 1909 4314 2263 4377; x_wconf 91' lang='lat' dir='ltr'><strong>perpetuam;</strong></span> <span class='ocrx_word' id='word_1_485' title='bbox 2295 4321 2391 4374; x_wconf 89' lang='lat' dir='ltr'><strong>spe</strong></span> <span class='ocrx_word' id='word_1_486' title='bbox 2416 4306 2562 4361; x_wconf 90' lang='lat' dir='ltr'><strong>enim</strong></span> <span class='ocrx_word' id='word_1_487' title='bbox 2590 4305 2722 4363; x_wconf 86' lang='lat' dir='ltr'><strong>salvi</strong></span> <span class='ocrx_word' id='word_1_488' title='bbox 2750 4306 2884 4363; x_wconf 88' lang='lat' dir='ltr'><strong>facti</strong></span> <span class='ocrx_word' id='word_1_489' title='bbox 2910 4319 3121 4361; x_wconf 85' lang='lat' dir='ltr'><strong>sumus.</strong></span> 
     </span>
    </p>
   </div>
   <div class='ocr_carea' id='block_1_71' title="bbox 1982 4392 3501 4464">
    <p class='ocr_par' dir='ltr' id='par_1_71' title="bbox 1982 4392 3501 4464">
     <span class='ocr_line' id='line_1_71' title="bbox 1982 4392 3501 4464; baseline 0.001 -16"><span class='ocrx_word' id='word_1_490' title='bbox 1982 4392 2152 4463; x_wconf 82' lang='lat' dir='ltr'><strong>Hujus</strong></span> <span class='ocrx_word' id='word_1_491' title='bbox 2180 4393 2369 4449; x_wconf 88' lang='lat' dir='ltr'><strong>ferenli</strong></span> <span class='ocrx_word' id='word_1_492' title='bbox 2397 4394 2661 4450; x_wconf 72' lang='lat' dir='ltr'><strong>columna:</strong></span> <span class='ocrx_word' id='word_1_493' title='bbox 2686 4402 2816 4450; x_wconf 90' lang='lat' dir='ltr'><strong>sunt</strong></span> <span class='ocrx_word' id='word_1_494' title='bbox 2843 4395 2981 4461; x_wconf 67' lang='lat' dir='ltr'><strong>duae,</strong></span> <span class='ocrx_word' id='word_1_495' title='bbox 3010 4393 3137 4464; x_wconf 88' lang='lat' dir='ltr'><strong>quia</strong></span> <span class='ocrx_word' id='word_1_496' title='bbox 3170 4393 3346 4449; x_wconf 64' lang='lat' dir='ltr'><strong>turba</strong></span> <span class='ocrx_word' id='word_1_497' title='bbox 3373 4408 3501 4463; x_wconf 67' lang='lat' dir='ltr'><strong>quas</strong></span> 
     </span>
    </p>
   </div>
   <div class='ocr_carea' id='block_1_72' title="bbox 1909 4482 3498 4554">
    <p class='ocr_par' dir='ltr' id='par_1_72' title="bbox 1909 4482 3498 4554">
     <span class='ocr_line' id='line_1_72' title="bbox 1909 4482 3498 4554; baseline 0 -15"><span class='ocrx_word' id='word_1_498' title='bbox 1909 4492 2329 4554; x_wconf 69' lang='lat' dir='ltr'><strong>pmcesserunt,</strong></span> <span class='ocrx_word' id='word_1_499' title='bbox 2377 4492 2435 4540; x_wconf 91' lang='lat' dir='ltr'><strong>et</strong></span> <span class='ocrx_word' id='word_1_500' title='bbox 2493 4499 2617 4554; x_wconf 83' lang='lat' dir='ltr'><strong>quae</strong></span> <span class='ocrx_word' id='word_1_501' title='bbox 2678 4483 3020 4539; x_wconf 88' lang='lat' dir='ltr'><strong>Domiuieum</strong></span> <span class='ocrx_word' id='word_1_502' title='bbox 3090 4482 3498 4553; x_wconf 78' lang='lat' dir='ltr'><strong>subsequuntur</strong></span> 
     </span>
    </p>
   </div>
   <div class='ocr_carea' id='block_1_73' title="bbox 1912 4572 3501 4645">
    <p class='ocr_par' dir='ltr' id='par_1_73' title="bbox 1912 4572 3501 4645">
     <span class='ocr_line' id='line_1_73' title="bbox 1912 4572 3501 4645; baseline 0 -16"><span class='ocrx_word' id='word_1_503' title='bbox 1912 4575 2225 4641; x_wconf 86' lang='lat' dir='ltr'><strong>adventum,</strong></span> <span class='ocrx_word' id='word_1_504' title='bbox 2275 4590 2378 4645; x_wconf 90' lang='lat' dir='ltr'><strong>per</strong></span> <span class='ocrx_word' id='word_1_505' title='bbox 2442 4574 2603 4629; x_wconf 85' lang='lat' dir='ltr'><strong>fidem</strong></span> <span class='ocrx_word' id='word_1_506' title='bbox 2676 4572 2990 4631; x_wconf 83' lang='lat' dir='ltr'><strong>Mediatoris</strong></span> <span class='ocrx_word' id='word_1_507' title='bbox 3048 4575 3242 4645; x_wconf 91' lang='lat' dir='ltr'><strong>ipsius,</strong></span> <span class='ocrx_word' id='word_1_508' title='bbox 3300 4574 3501 4630; x_wconf 77' lang='lat' dir='ltr'><strong>videli-</strong></span> 
     </span>
    </p>
   </div>
   <div class='ocr_carea' id='block_1_74' title="bbox 1911 4662 3499 4735">
    <p class='ocr_par' dir='ltr' id='par_1_74' title="bbox 1911 4662 3499 4735">
     <span class='ocr_line' id='line_1_74' title="bbox 1911 4662 3499 4735; baseline 0.003 -17"><span class='ocrx_word' id='word_1_509' title='bbox 1911 4671 2000 4719; x_wconf 88' lang='lat' dir='ltr'><strong>cet</strong></span> <span class='ocrx_word' id='word_1_510' title='bbox 2046 4664 2260 4734; x_wconf 75' lang='lat' dir='ltr'><strong>pacifici</strong></span> <span class='ocrx_word' id='word_1_511' title='bbox 2315 4664 2463 4735; x_wconf 78' lang='lat' dir='ltr'><strong>regis</strong></span> <span class='ocrx_word' id='word_1_512' title='bbox 2512 4672 2568 4720; x_wconf 89' lang='lat' dir='ltr'><strong>et</strong></span> <span class='ocrx_word' id='word_1_513' title='bbox 2615 4662 2811 4721; x_wconf 89' lang='lat' dir='ltr'><strong>ferculi</strong></span> <span class='ocrx_word' id='word_1_514' title='bbox 2856 4666 3207 4721; x_wconf 80' lang='lat' dir='ltr'><strong>aedificatoris</strong></span> <span class='ocrx_word' id='word_1_515' title='bbox 3270 4665 3499 4722; x_wconf 66' lang='lat' dir='ltr'><strong>salvatte</strong></span> 
     </span>
    </p>
   </div>
   <div class='ocr_carea' id='block_1_75' title="bbox 1911 4753 3500 4833">
    <p class='ocr_par' dir='ltr' id='par_1_75' title="bbox 1911 4753 3500 4833">
     <span class='ocr_line' id='line_1_75' title="bbox 1911 4753 3500 4833; baseline 0.003 -27"><span class='ocrx_word' id='word_1_516' title='bbox 1911 4761 2077 4823; x_wconf 88' lang='lat' dir='ltr'><strong>atque</strong></span> <span class='ocrx_word' id='word_1_517' title='bbox 2112 4753 2451 4833; x_wconf 25' lang='lat' dir='ltr'><strong>lsalvandae,</strong></span> <span class='ocrx_word' id='word_1_518' title='bbox 2514 4754 2679 4811; x_wconf 90' lang='lat' dir='ltr'><strong>unius</strong></span> <span class='ocrx_word' id='word_1_519' title='bbox 2746 4755 3101 4827; x_wconf 88' lang='lat' dir='ltr'><strong>ejusdemque</strong></span> <span class='ocrx_word' id='word_1_520' title='bbox 3162 4756 3500 4811; x_wconf 88' lang='lat' dir='ltr'><strong>credulitatis</strong></span> 
     </span>
    </p>
   </div>
   <div class='ocr_carea' id='block_1_76' title="bbox 1912 4843 3500 4920">
    <p class='ocr_par' dir='ltr' id='par_1_76' title="bbox 1912 4843 3500 4920">
     <span class='ocr_line' id='line_1_76' title="bbox 1912 4843 3500 4920; baseline 0.001 -20"><span class='ocrx_word' id='word_1_521' title='bbox 1912 4843 2254 4900; x_wconf 89' lang='lat' dir='ltr'><strong>confessione</strong></span> <span class='ocrx_word' id='word_1_522' title='bbox 2282 4844 2520 4901; x_wconf 87' lang='lat' dir='ltr'><strong>clamant</strong></span> <span class='ocrx_word' id='word_1_523' title='bbox 2545 4846 2786 4902; x_wconf 90' lang='lat' dir='ltr'><strong>dicentes</strong></span> <span class='ocrx_word' id='word_1_524' title='bbox 2814 4846 3031 4904; x_wconf 87' lang='lat' dir='ltr'><strong>Osanna</strong></span> <span class='ocrx_word' id='word_1_525' title='bbox 3059 4863 3075 4903; x_wconf 90' lang='lat'><strong>:</strong></span> <span class='ocrx_word' id='word_1_526' title='bbox 3114 4846 3221 4903; x_wconf 84' lang='lat' dir='ltr'><strong>Per</strong></span> <span class='ocrx_word' id='word_1_527' title='bbox 3265 4849 3500 4920; x_wconf 83' lang='lat' dir='ltr'><strong>gratiam</strong></span> 
     </span>
    </p>
   </div>
   <div class='ocr_carea' id='block_1_77' title="bbox 1912 4933 3499 5004">
    <p class='ocr_par' dir='ltr' id='par_1_77' title="bbox 1912 4933 3499 5004">
     <span class='ocr_line' id='line_1_77' title="bbox 1912 4933 3499 5004; baseline 0.003 -16"><span class='ocrx_word' id='word_1_528' title='bbox 1912 4935 2069 4999; x_wconf 85' lang='lat' dir='ltr'><strong>enim,</strong></span> <span class='ocrx_word' id='word_1_529' title='bbox 2102 4934 2279 5004; x_wconf 85' lang='lat' dir='ltr'><strong>inquit</strong></span> <span class='ocrx_word' id='word_1_530' title='bbox 2324 4933 2535 5001; x_wconf 85' lang='lat' dir='ltr'><strong>Petrus,</strong></span> <span class='ocrx_word' id='word_1_531' title='bbox 2584 4936 2799 4992; x_wconf 80' lang='lat' dir='ltr'><strong>Domini</strong></span> <span class='ocrx_word' id='word_1_532' title='bbox 2842 4937 2973 4993; x_wconf 75' lang='lat' dir='ltr'><strong>Iesu</strong></span> <span class='ocrx_word' id='word_1_533' title='bbox 3014 4939 3272 4994; x_wconf 78' lang='lat' dir='ltr'><strong>credimus</strong></span> <span class='ocrx_word' id='word_1_534' title='bbox 3299 4938 3499 4994; x_wconf 73' lang='lat' dir='ltr'><strong>salvari</strong></span> 
     </span>
    </p>
   </div>
   <div class='ocr_carea' id='block_1_78' title="bbox 1911 5028 3494 5104">
    <p class='ocr_par' dir='ltr' id='par_1_78' title="bbox 1911 5028 3494 5104">
     <span class='ocr_line' id='line_1_78' title="bbox 1911 5028 3494 5104; baseline 0.004 -24"><span class='ocrx_word' id='word_1_535' title='bbox 1911 5028 2351 5098; x_wconf 83' lang='lat' dir='ltr'><strong>quemadmodum</strong></span> <span class='ocrx_word' id='word_1_536' title='bbox 2372 5038 2422 5082; x_wconf 82' lang='lat' dir='ltr'><strong>et</strong></span> <span class='ocrx_word' id='word_1_537' title='bbox 2461 5028 2541 5083; x_wconf 83' lang='lat' dir='ltr'><strong>illi</strong></span> <span class='ocrx_word' id='word_1_538' title='bbox 2587 5029 2727 5102; x_wconf 82' lang='lat' dir='ltr'><strong>(Act.</strong></span> <span class='ocrx_word' id='word_1_539' title='bbox 2773 5048 2862 5099; x_wconf 88' lang='lat' dir='ltr'><strong>xv,</strong></span> <span class='ocrx_word' id='word_1_540' title='bbox 2897 5034 3008 5104; x_wconf 85' lang='lat' dir='ltr'><strong>il).</strong></span> <span class='ocrx_word' id='word_1_541' title='bbox 3056 5032 3153 5089; x_wconf 74' lang='lat' dir='ltr'><strong>Vel</strong></span> <span class='ocrx_word' id='word_1_542' title='bbox 3195 5040 3343 5089; x_wconf 88' lang='lat' dir='ltr'><strong>certe</strong></span> <span class='ocrx_word' id='word_1_543' title='bbox 3371 5033 3494 5087; x_wconf 64' lang='lat' dir='ltr'><strong>dum</strong></span> 
     </span>
    </p>
   </div>
   <div class='ocr_carea' id='block_1_79' title="bbox 1914 5116 3500 5191">
    <p class='ocr_par' dir='ltr' id='par_1_79' title="bbox 1914 5116 3500 5191">
     <span class='ocr_line' id='line_1_79' title="bbox 1914 5116 3500 5191; baseline 0.003 -20"><span class='ocrx_word' id='word_1_544' title='bbox 1914 5116 2178 5172; x_wconf 82' lang='lat' dir='ltr'><strong>columnae</strong></span> <span class='ocrx_word' id='word_1_545' title='bbox 2226 5125 2356 5173; x_wconf 91' lang='lat' dir='ltr'><strong>sunt</strong></span> <span class='ocrx_word' id='word_1_546' title='bbox 2418 5118 2633 5186; x_wconf 89' lang='lat' dir='ltr'><strong>ferculi,</strong></span> <span class='ocrx_word' id='word_1_547' title='bbox 2696 5121 2823 5191; x_wconf 91' lang='lat' dir='ltr'><strong>quia</strong></span> <span class='ocrx_word' id='word_1_548' title='bbox 2870 5123 3117 5191; x_wconf 88' lang='lat' dir='ltr'><strong>quisquis</strong></span> <span class='ocrx_word' id='word_1_549' title='bbox 3175 5123 3231 5178; x_wconf 92' lang='lat' dir='ltr'><strong>in</strong></span> <span class='ocrx_word' id='word_1_550' title='bbox 3288 5122 3500 5176; x_wconf 86' lang='lat' dir='ltr'><strong>unitate</strong></span> 
     </span>
    </p>
   </div>
   <div class='ocr_carea' id='block_1_80' title="bbox 1913 5211 3494 5286">
    <p class='ocr_par' dir='ltr' id='par_1_80' title="bbox 1913 5211 3494 5286">
     <span class='ocr_line' id='line_1_80' title="bbox 1913 5211 3494 5286; baseline 0.004 -22"><span class='ocrx_word' id='word_1_551' title='bbox 1913 5211 2198 5280; x_wconf 65' lang='lat' dir='ltr'><strong>praesentis</strong></span> <span class='ocrx_word' id='word_1_552' title='bbox 2235 5211 2493 5269; x_wconf 73' lang='lat' dir='ltr'><strong>Ecclesiae</strong></span> <span class='ocrx_word' id='word_1_553' title='bbox 2523 5229 2648 5271; x_wconf 89' lang='lat' dir='ltr'><strong>cum</strong></span> <span class='ocrx_word' id='word_1_554' title='bbox 2684 5214 2790 5271; x_wconf 82' lang='lat' dir='ltr'><strong>fide</strong></span> <span class='ocrx_word' id='word_1_555' title='bbox 2818 5224 2965 5272; x_wconf 87' lang='lat' dir='ltr'><strong>recta</strong></span> <span class='ocrx_word' id='word_1_556' title='bbox 3002 5224 3058 5272; x_wconf 89' lang='lat' dir='ltr'><strong>et</strong></span> <span class='ocrx_word' id='word_1_557' title='bbox 3101 5215 3357 5286; x_wconf 88' lang='lat' dir='ltr'><strong>operibus</strong></span> <span class='ocrx_word' id='word_1_558' title='bbox 3388 5215 3494 5271; x_wconf 90' lang='lat' dir='ltr'><strong>bo-</strong></span> 
     </span>
    </p>
   </div>
   <div class='ocr_carea' id='block_1_81' title="bbox 1914 5300 3497 5372">
    <p class='ocr_par' dir='ltr' id='par_1_81' title="bbox 1914 5300 3497 5372">
     <span class='ocr_line' id='line_1_81' title="bbox 1914 5300 3497 5372; baseline 0.004 -18"><span class='ocrx_word' id='word_1_559' title='bbox 1914 5300 2000 5355; x_wconf 89' lang='lat' dir='ltr'><strong>nis</strong></span> <span class='ocrx_word' id='word_1_560' title='bbox 2024 5303 2473 5371; x_wconf 89' lang='lat' dir='ltr'><strong>perseveraverit,</strong></span> <span class='ocrx_word' id='word_1_561' title='bbox 2508 5303 2565 5358; x_wconf 91' lang='lat' dir='ltr'><strong>in</strong></span> <span class='ocrx_word' id='word_1_562' title='bbox 2618 5303 2824 5372; x_wconf 89' lang='lat' dir='ltr'><strong>futura,</strong></span> <span class='ocrx_word' id='word_1_563' title='bbox 2859 5306 2914 5361; x_wconf 89' lang='lat' dir='ltr'><strong>id</strong></span> <span class='ocrx_word' id='word_1_564' title='bbox 2964 5316 3049 5362; x_wconf 89' lang='lat' dir='ltr'><strong>est</strong></span> <span class='ocrx_word' id='word_1_565' title='bbox 3075 5306 3132 5363; x_wconf 90' lang='lat' dir='ltr'><strong>in</strong></span> <span class='ocrx_word' id='word_1_566' title='bbox 3158 5314 3360 5362; x_wconf 59' lang='grc' dir='ltr'><strong>κιαι-ηδ</strong></span> <span class='ocrx_word' id='word_1_567' title='bbox 3389 5304 3497 5360; x_wconf 85' lang='lat' dir='ltr'><strong>Ec-</strong></span> 
     </span>
    </p>
   </div>
   <div class='ocr_carea' id='block_1_82' title="bbox 1918 5391 3498 5467">
    <p class='ocr_par' dir='ltr' id='par_1_82' title="bbox 1918 5391 3498 5467">
     <span class='ocr_line' id='line_1_82' title="bbox 1918 5391 3498 5467; baseline 0.004 -21"><span class='ocrx_word' id='word_1_568' title='bbox 1918 5391 2103 5460; x_wconf 90' lang='lat' dir='ltr'><strong>clesia,</strong></span> <span class='ocrx_word' id='word_1_569' title='bbox 2150 5394 2217 5450; x_wconf 92' lang='lat' dir='ltr'><strong>de</strong></span> <span class='ocrx_word' id='word_1_570' title='bbox 2259 5396 2662 5465; x_wconf 88' lang='lat' dir='ltr'><strong>incorruptione</strong></span> <span class='ocrx_word' id='word_1_571' title='bbox 2697 5397 2893 5454; x_wconf 82' lang='lat' dir='ltr'><strong>animae</strong></span> <span class='ocrx_word' id='word_1_572' title='bbox 2938 5397 3099 5454; x_wconf 90' lang='lat' dir='ltr'><strong>simul</strong></span> <span class='ocrx_word' id='word_1_573' title='bbox 3149 5405 3206 5451; x_wconf 92' lang='lat' dir='ltr'><strong>et</strong></span> <span class='ocrx_word' id='word_1_574' title='bbox 3252 5396 3498 5467; x_wconf 89' lang='lat' dir='ltr'><strong>corporis</strong></span> 
     </span>
    </p>
   </div>
   <div class='ocr_carea' id='block_1_83' title="bbox 225 5460 3498 5559">
    <p class='ocr_par' dir='ltr' id='par_1_83' title="bbox 225 5460 3498 5559">
     <span class='ocr_line' id='line_1_83' title="bbox 225 5460 3498 5559; baseline 0.005 -34"><span class='ocrx_word' id='word_1_575' title='bbox 225 5470 423 5528; x_wconf 88' lang='lat' dir='ltr'><strong>mabus</strong></span> <span class='ocrx_word' id='word_1_576' title='bbox 465 5466 787 5532; x_wconf 82' lang='lat' dir='ltr'><strong>censtruxit.</strong></span> <span class='ocrx_word' id='word_1_577' title='bbox 836 5476 1007 5549; x_wconf 83' lang='lat' dir='ltr'><strong>Ligna</strong></span> <span class='ocrx_word' id='word_1_578' title='bbox 1049 5479 1245 5549; x_wconf 90' lang='lat' dir='ltr'><strong>quippe</strong></span> <span class='ocrx_word' id='word_1_579' title='bbox 1287 5479 1478 5535; x_wconf 90' lang='lat' dir='ltr'><strong>Libani</strong></span> <span class='ocrx_word' id='word_1_580' title='bbox 1515 5490 1570 5537; x_wconf 91' lang='lat' dir='ltr'><strong>et</strong></span> <span class='ocrx_word' id='word_1_581' title='bbox 1595 5481 1811 5537; x_wconf 86' lang='lat' dir='ltr'><strong>celsitu-</strong></span> <span class='ocrx_word' id='word_1_582' title='bbox 1841 5460 1891 5522; x_wconf 80' lang='lat' dir='ltr'><strong>D</strong></span> <span class='ocrx_word' id='word_1_583' title='bbox 1918 5483 2269 5541; x_wconf 87' lang='lat' dir='ltr'><strong>inenarrabili</strong></span> <span class='ocrx_word' id='word_1_584' title='bbox 2303 5460 2665 5542; x_wconf 80' lang='lat' dir='ltr'><strong>exsultatione</strong></span> <span class='ocrx_word' id='word_1_585' title='bbox 2703 5488 2944 5557; x_wconf 89' lang='lat' dir='ltr'><strong>repletus</strong></span> <span class='ocrx_word' id='word_1_586' title='bbox 2977 5495 3139 5557; x_wconf 90' lang='lat' dir='ltr'><strong>atque</strong></span> <span class='ocrx_word' id='word_1_587' title='bbox 3165 5460 3498 5559; x_wconf 70' lang='lat' dir='ltr'><strong>glorificatus</strong></span> 
     </span>
    </p>
   </div>
   <div class='ocr_carea' id='block_1_84' title="bbox 226 5561 3515 5653">
    <p class='ocr_par' dir='ltr' id='par_1_84' title="bbox 226 5561 3515 5653">
     <span class='ocr_line' id='line_1_84' title="bbox 226 5561 3515 5653; baseline 0.005 -36"><span class='ocrx_word' id='word_1_588' title='bbox 226 5561 357 5617; x_wconf 89' lang='lat' dir='ltr'><strong>dine</strong></span> <span class='ocrx_word' id='word_1_589' title='bbox 402 5570 459 5617; x_wconf 87' lang='lat' dir='ltr'><strong>et</strong></span> <span class='ocrx_word' id='word_1_590' title='bbox 500 5567 680 5634; x_wconf 89' lang='lat' dir='ltr'><strong>specie</strong></span> <span class='ocrx_word' id='word_1_591' title='bbox 730 5576 786 5621; x_wconf 89' lang='lat' dir='ltr'><strong>et</strong></span> <span class='ocrx_word' id='word_1_592' title='bbox 839 5570 919 5623; x_wconf 91' lang='lat' dir='ltr'><strong>sui</strong></span> <span class='ocrx_word' id='word_1_593' title='bbox 973 5579 1168 5624; x_wconf 87' lang='lat' dir='ltr'><strong>natura</strong></span> <span class='ocrx_word' id='word_1_594' title='bbox 1223 5570 1540 5642; x_wconf 90' lang='lat' dir='ltr'><strong>imputribili</strong></span> <span class='ocrx_word' id='word_1_595' title='bbox 1582 5574 1811 5629; x_wconf 87' lang='lat' dir='ltr'><strong>multum</strong></span> <span class='ocrx_word' id='word_1_596' title='bbox 1916 5576 2035 5632; x_wconf 90' lang='lat' dir='ltr'><strong>sine</strong></span> <span class='ocrx_word' id='word_1_597' title='bbox 2062 5576 2166 5632; x_wconf 84' lang='lat' dir='ltr'><strong>fine</strong></span> <span class='ocrx_word' id='word_1_598' title='bbox 2188 5576 2461 5645; x_wconf 72' lang='lat' dir='ltr'><strong>gaudebit.</strong></span> <span class='ocrx_word' id='word_1_599' title='bbox 2493 5576 2762 5644; x_wconf 90' lang='lat' dir='ltr'><strong>Quoniam</strong></span> <span class='ocrx_word' id='word_1_600' title='bbox 2788 5578 2929 5634; x_wconf 91' lang='lat' dir='ltr'><strong>Deus</strong></span> <span class='ocrx_word' id='word_1_601' title='bbox 2950 5579 3133 5653; x_wconf 88' lang='lat' dir='ltr'><strong>omnia</strong></span> <span class='ocrx_word' id='word_1_602' title='bbox 3160 5579 3212 5633; x_wconf 89' lang='lat' dir='ltr'><strong>in</strong></span> <span class='ocrx_word' id='word_1_603' title='bbox 3240 5594 3515 5635; x_wconf 70' lang='lat' dir='ltr'><strong>mensura</strong></span> 
     </span>
    </p>
   </div>
   <div class='ocr_carea' id='block_1_85' title="bbox 226 5655 3517 5743">
    <p class='ocr_par' dir='ltr' id='par_1_85' title="bbox 226 5655 3517 5743">
     <span class='ocr_line' id='line_1_85' title="bbox 226 5655 3517 5743; baseline 0.007 -36"><span class='ocrx_word' id='word_1_604' title='bbox 226 5655 604 5723; x_wconf 86' lang='lat' dir='ltr'><strong>praeeminent.</strong></span> <span class='ocrx_word' id='word_1_605' title='bbox 644 5657 733 5714; x_wconf 90' lang='lat' dir='ltr'><strong>Sic</strong></span> <span class='ocrx_word' id='word_1_606' title='bbox 766 5659 1042 5729; x_wconf 71' lang='lat' dir='ltr'><strong>haecligna</strong></span> <span class='ocrx_word' id='word_1_607' title='bbox 1070 5660 1412 5716; x_wconf 89' lang='lat' dir='ltr'><strong>rationabilia</strong></span> <span class='ocrx_word' id='word_1_608' title='bbox 1433 5671 1597 5734; x_wconf 85' lang='lat' dir='ltr'><strong>atque</strong></span> <span class='ocrx_word' id='word_1_609' title='bbox 1623 5663 1813 5721; x_wconf 84' lang='lat' dir='ltr'><strong>fructi-</strong></span> <span class='ocrx_word' id='word_1_610' title='bbox 1915 5669 1970 5725; x_wconf 94' lang='lat' dir='ltr'><strong>in</strong></span> <span class='ocrx_word' id='word_1_611' title='bbox 1997 5685 2103 5741; x_wconf 88' lang='lat' dir='ltr'><strong>qua</strong></span> <span class='ocrx_word' id='word_1_612' title='bbox 2127 5679 2339 5726; x_wconf 90' lang='lat' dir='ltr'><strong>constat</strong></span> <span class='ocrx_word' id='word_1_613' title='bbox 2381 5670 2638 5741; x_wconf 89' lang='lat' dir='ltr'><strong>qualitas,</strong></span> <span class='ocrx_word' id='word_1_614' title='bbox 2685 5671 2740 5727; x_wconf 91' lang='lat' dir='ltr'><strong>in</strong></span> <span class='ocrx_word' id='word_1_615' title='bbox 2770 5686 2995 5728; x_wconf 89' lang='lat' dir='ltr'><strong>numero</strong></span> <span class='ocrx_word' id='word_1_616' title='bbox 3039 5687 3149 5743; x_wconf 88' lang='lat' dir='ltr'><strong>quo</strong></span> <span class='ocrx_word' id='word_1_617' title='bbox 3190 5671 3517 5729; x_wconf 67' lang='lat' dir='ltr'><strong>continetur.</strong></span> 
     </span>
    </p>
   </div>
   <div class='ocr_carea' id='block_1_86' title="bbox 224 5743 3513 5839">
    <p class='ocr_par' dir='ltr' id='par_1_86' title="bbox 224 5743 3513 5839">
     <span class='ocr_line' id='line_1_86' title="bbox 224 5743 3513 5839; baseline 0.004 -33"><span class='ocrx_word' id='word_1_618' title='bbox 224 5743 369 5814; x_wconf 63' lang='lat' dir='ltr'><strong>fixa,</strong></span> <span class='ocrx_word' id='word_1_619' title='bbox 415 5747 500 5804; x_wconf 88' lang='lat' dir='ltr'><strong>his</strong></span> <span class='ocrx_word' id='word_1_620' title='bbox 526 5756 581 5806; x_wconf 90' lang='lat' dir='ltr'><strong>et</strong></span> <span class='ocrx_word' id='word_1_621' title='bbox 603 5749 724 5807; x_wconf 88' lang='lat' dir='ltr'><strong>aliis</strong></span> <span class='ocrx_word' id='word_1_622' title='bbox 762 5752 1051 5808; x_wconf 83' lang='lat' dir='ltr'><strong>virtutibus</strong></span> <span class='ocrx_word' id='word_1_623' title='bbox 1091 5753 1462 5824; x_wconf 67' lang='lat' dir='ltr'><strong>przeemineut,</strong></span> <span class='ocrx_word' id='word_1_624' title='bbox 1508 5774 1614 5814; x_wconf 90' lang='lat' dir='ltr'><strong>non</strong></span> <span class='ocrx_word' id='word_1_625' title='bbox 1654 5774 1686 5812; x_wconf 86' lang='lat' dir='ltr'><strong>a</strong></span> <span class='ocrx_word' id='word_1_626' title='bbox 1727 5774 1809 5825; x_wconf 90' lang='lat' dir='ltr'><strong>se,</strong></span> <span class='ocrx_word' id='word_1_627' title='bbox 1876 5754 2208 5833; x_wconf 61' lang='lat' dir='ltr'><strong>&#39;quantitas,</strong></span> <span class='ocrx_word' id='word_1_628' title='bbox 2259 5762 2312 5818; x_wconf 90' lang='lat' dir='ltr'><strong>in</strong></span> <span class='ocrx_word' id='word_1_629' title='bbox 2361 5762 2600 5834; x_wconf 90' lang='lat' dir='ltr'><strong>pondere</strong></span> <span class='ocrx_word' id='word_1_630' title='bbox 2649 5779 2758 5835; x_wconf 88' lang='lat' dir='ltr'><strong>quo</strong></span> <span class='ocrx_word' id='word_1_631' title='bbox 2801 5764 3138 5839; x_wconf 74' lang='lat' dir='ltr'><strong>significatur</strong></span> <span class='ocrx_word' id='word_1_632' title='bbox 3170 5765 3326 5835; x_wconf 86' lang='lat' dir='ltr'><strong>ratio</strong></span> <span class='ocrx_word' id='word_1_633' title='bbox 3373 5777 3513 5836; x_wconf 58' lang='lat' dir='ltr'><strong>pere</strong></span> 
     </span>
    </p>
   </div>
  </div>
