4006 6338
1452 256 1482 283 ἢ

603 352 707 410 819

605 477 836 540 aequata,
862 484 966 540 qua
1010 469 1219 539 pondus
1243 467 1456 524 virtutis
1500 484 1607 526 non
1647 472 1831 528 oneris
1875 472 2170 529 electorum
2198 472 2250 534 A

605 561 880 632 accipiunt
912 561 1124 626 animae,
1152 559 1244 616 illo
1272 560 1593 630 disponente
1623 563 1712 631 qui
1753 563 2046 619 secundum
2072 561 2174 619 Job

602 652 777 720 posuit
810 651 973 706 ventis
1009 650 1212 720 pondus
1258 647 1382 719 (λοι)
1423 665 1621 716 xxvm,
1647 650 1787 722 25).:
1818 660 1880 706 ut
1907 653 1975 707 ab
2003 653 2176 708 inten-

607 744 755 824 tione
779 743 873 798 Dei
908 759 1012 798 non
1038 743 1153 812 jam
1187 742 1290 797 levi
1321 749 1470 797 motu
1512 743 1800 809 dissiliant,
1831 743 1925 799 sed
1970 744 2026 799 in
2051 758 2174 798 eum
2212 738 2216 742 ⁷

610 839 716 895 ﬁxa
766 840 1076 895 constantia:
1116 838 1379 908 gravitate
1427 835 1724 894 consistant
1757 856 1769 892 :
1805 853 1904 907 per
1935 853 2054 907 qum
2083 836 2174 906 ju-

603 933 748 988 dicio
790 939 845 984 et
897 929 950 984 in
995 929 1190 984 saecula
1245 929 1386 984 illius
1427 929 1608 983 omnia
1639 937 1904 992 constant,
1935 943 2032 997 per
2055 945 2176 998 quae

605 1017 1172 1074 mundum'constituit
1200 1018 1464 1088 gubernat
1489 1028 1544 1072 et
1567 1017 1904 1088 judicaturus
1945 1028 2049 1084 est,
2081 1020 2174 1089 qui

606 1109 990 1180 comprehendi
1039 1109 1122 1162 vel
1173 1108 1496 1179 reprehendi
1553 1124 1658 1164 non
1703 1117 1904 1179 potest,
1953 1112 2174 1180 praemia

604 1200 693 1256 vel
735 1215 928 1270 poenas
995 1199 1219 1270 singulis
1269 1200 1580 1254 redditurus
1631 1209 1826 1255 cuncta
1885 1201 2170 1272 disposuit.

600 1291 783 1346 Prima
820 1291 976 1346 istius
1001 1289 1249 1346 columna
1275 1288 1467 1345 ferculi
1489 1290 1659 1346 tribus
1695 1299 1749 1345 et
1787 1290 2002 1361 triginta
2036 1305 2172 1346 con-

604 1390 712 1438 stat
734 1382 982 1453 capitulis
1027 1398 1041 1434 :
1095 1382 1219 1453 quia
1251 1381 1494 1453 quisquis
1539 1382 1592 1437 in
1629 1383 1846 1438 nomine
1896 1382 2074 1438 Patris
2119 1393 2175 1438 et

602 1474 727 1530 Filii
754 1483 811 1529 et
855 1473 1089 1544 Spiritus
1133 1474 1306 1529 sancti
1353 1474 1660 1545 baptizatus
1703 1489 1936 1546 exaqua
1966 1487 2020 1531 et
2047 1475 2173 1545 Spi-

604 1565 712 1620 ritu
742 1573 930 1620 sancto
979 1565 1304 1630 renascitur,
1341 1564 1590 1636 Decalogi
1617 1566 1864 1621 mandata
1897 1581 2018 1622 cum
2068 1565 2175 1622 ﬁde

601 1665 804 1710 sanctae
853 1655 1138 1714 Trinitatis
1184 1670 1408 1712 necesse
1431 1665 1515 1712 est
1547 1666 1957 1728 perseveranter
1987 1667 2170 1714 custo-

598 1745 728 1809 diat,
761 1746 807 1801 si
839 1747 907 1801 ad
951 1747 1120 1802 vitam
1145 1747 1259 1802 vult
1294 1748 1580 1818 pervenire
1611 1757 1947 1820 perpetuam.
1977 1750 2045 1805 Et
2075 1750 2168 1805 de-

596 1837 785 1892 narius
807 1852 1062 1892 numerus
1089 1839 1324 1893 ternario
1343 1839 1680 1908 superposito
1706 1841 1759 1894 in
1786 1841 1986 1895 eisdem
2019 1839 2166 1910 capi-
2193 1816 2241 1877 Β

596 1931 726 1986 tulis
747 1941 828 1986 ter
865 1931 1125 1991 ducitur:
1168 1931 1296 2000 quia
1339 1933 1555 1999 mulier,
1615 1933 1878 1988 catholica
1917 1933 2166 1988 videlicet

595 2021 860 2086 Ecclesia,
911 2031 1190 2092 acceptum
1235 2023 1584 2090 fermentum,
1627 2033 1828 2079 sancta:
1883 2023 2166 2079 Trinitatis

595 2112 803 2167 scilicet
841 2112 1020 2176 ﬁdem,
1071 2127 1167 2183 per
1194 2113 1533 2170 dilectionem
1553 2123 1864 2184 operantem
1893 2115 1948 2169 in
1975 2115 2165 2170 farinae

595 2211 714 2257 sata
740 2203 847 2257 tria
874 2204 1180 2268 abscondit,
1213 2206 1428 2274 quando
1447 2205 1605 2270 Asiae,
1631 2204 1826 2261 Africae
1851 2215 1904 2262 et
1933 2206 2162 2274 Europae

596 2292 744 2348 illam
769 2294 1063 2363 praedicare
1095 2304 1370 2366 procurat,
1401 2296 1570 2352 donec
1595 2296 1946 2352 fermentetur
1969 2304 2157 2360 totum,

595 2384 651 2439 id
692 2393 774 2440 est
800 2385 917 2441 orbi
952 2387 1202 2442 universo
1249 2387 1576 2457 praedicetur
1617 2386 1965 2457 Evangelium
2009 2384 2160 2456 regni

591 2485 872 2546 acceptum
899 2491 931 2530 a
962 2477 1190 2532 Domino
1214 2475 1340 2532 Jesu
1368 2476 1584 2534 Christo
1627 2479 1695 2533 de
1734 2477 1822 2534 his
1851 2493 1971 2547 qua:
1996 2477 2161 2546 coepit

589 2575 646 2622 et
673 2567 898 2638 perfecit
925 2566 1104 2623 facere
1147 2552 1215 2624 et.
1243 2571 1454 2625 docere.
1486 2569 1669 2624 Tertio
1709 2569 1796 2624 die
1836 2569 1887 2624 in
1930 2583 2162 2638 evange-

588 2657 693 2714 lica
745 2657 978 2714 lectione
1026 2668 1447 2715 commemorato
1474 2659 1622 2714 venit
1650 2659 1716 2713 ad
1756 2660 1968 2730 nuptias
2005 2678 2019 2714 :
2054 2661 2158 2714 hoc

586 2757 672 2804 est
698 2749 859 2804 tertio
903 2749 1088 2804 mundi
1116 2758 1357 2821 tempore
1401 2764 1500 2819 per
1541 2749 1925 2805 incarnationis
1958 2760 2158 2820 myste-

585 2839 726 2894 rium
752 2839 996 2894 eamdem
1026 2848 1270 2894 sanctain
1311 2838 1413 2894 sibi
1443 2837 1741 2893 Ecclesiam
1766 2839 2012 2894 sociavit.
2038 2838 2157 2892 Pri-

583 2944 734 2984 mum
760 2930 978 2999 quidem
1019 2929 1196 2984 saeculi
1242 2937 1450 2998 tempus
1499 2936 1622 2982 ante
1673 2927 1868 2999 legem,
1919 2929 2156 2998 patriar-

583 3021 814 3076 charum
847 3020 1131 3089 exemplis,
1161 3020 1452 3076 secundum
1480 3021 1579 3074 sub
1610 3019 1746 3089 lege,
1775 3021 2156 3089 prOphetarum

582 3110 827 3179 scriptis,
839 3110 1055 3165 tertium
1071 3112 1170 3166 sub
1181 3112 1378 3182 gratia,
1390 3108 2148 3180 evangelistarumprteconiis,

583 3202 737 3271 quasi
780 3202 919 3258 tertii
950 3200 1055 3256 diei
1080 3202 1200 3258 luce
1227 3201 1430 3256 mundo
1466 3199 1697 3265 refulsit,
1737 3201 1792 3254 in
1835 3213 1943 3269 quo
1980 3199 2148 3254 isdem

583 3292 846 3348 Dominus
869 3300 927 3348 et
955 3291 1203 3348 Salvator
1227 3301 1410 3349 noster
1430 3307 1530 3364 pro
1552 3291 1917 3360 redemptione
1940 3291 2157 3358 generis

580 3382 801 3437 humani
829 3382 1144 3438 incarnatus
1173 3381 1441 3452 apparuit.
1487 3381 1595 3437 Sed
1637 3389 1693 3438 et
1730 3383 1868 3437 idem
1899 3382 2154 3436 denarius

580 3487 839 3526 numerus
867 3473 921 3526 in
953 3473 1222 3542 trigonum
1261 3471 1454 3527 ductus
1477 3471 1806 3527 tricesimum
1832 3470 2017 3541 implet
2046 3486 2150 3525 nu-

577 3579 808 3626 merum,
841 3578 948 3631 qno
973 3578 1114 3618 anno
1169 3563 1418 3618 Christus
1447 3563 1749 3632 baptizatus
1779 3571 1974 3618 cuncta
2024 3577 2152 3617 san-

578 3651 838 3710 cliﬁcavit
861 3669 960 3708 suo
986 3653 1306 3724 baptismate
1330 3653 1527 3708 ﬂuenta
1564 3653 1719 3708 nobis
1771 3653 1936 3725 758
1984 3669 2152 3724 aqua-

579 3761 718 3807 rum,
745 3753 801 3799 et
828 3744 984 3814 hujus
1017 3745 1461 3801 sanctiﬁcationis
1511 3745 1683 3816 gratia
1719 3747 1995 3802 tricesimo
2024 3755 2153 3801 aeta-

578 3837 650 3890 tis
677 3850 820 3891 anno
843 3836 998 3891 Iesus
1020 3837 1165 3891 venit
1194 3836 1247 3891 in
1278 3837 1544 3906 baptisma
1568 3853 1584 3891 :
1607 3836 1733 3906 quia
1787 3835 1991 3893 scilicet
2030 3845 2150 3907 post

577 3927 845 3998 baptisma
869 3928 1010 3983 istud
1038 3928 1209 3998 legem
1239 3936 1360 3982 erat
1409 3923 1647 3982 veterem
1689 3926 1978 3982 soluturus.
2017 3928 2149 3982 Pro-

574 4029 761 4089 pterea
807 4033 978 4089 usque
1031 4020 1100 4074 ad
1149 4019 1288 4073 hanc
1328 4026 1567 4082 aetatem,
1597 4032 1716 4086 qua:
1758 4019 1940 4072 omnia
1969 4026 2148 4087 potest

575 4123 771 4179 capere
803 4118 1048 4180 peccata,
1098 4108 1152 4163 in
1195 4108 1329 4180 legis
1376 4107 1750 4163 observatione
1799 4109 2144 4178 permansit:

573 4217 642 4256 ne
661 4203 782 4273 quis
801 4203 1006 4258 diceret
1034 4201 1154 4256 ideo
1199 4216 1323 4256 eum
1373 4201 1598 4255 solvisse
1631 4200 1822 4268 legem,
1871 4202 1995 4270 quia
2024 4216 2147 4255 eam

571 4309 682 4349 non
711 4293 918 4348 valeret
968 4291 1210 4363 implere.
1259 4290 1443 4360 Neque
1494 4292 1636 4345 enim
1695 4290 1872 4346 omnis
1922 4307 2149 4360 prorsus

571 4393 702 4439 aetas
724 4387 934 4440 cunctis
963 4384 1107 4438 vitiis
1128 4390 1426 4452 opportuna
1449 4391 1549 4436 est.
1575 4381 1709 4436 Nam
1739 4383 1941 4451 primos
1965 4381 2144 4435 adhuc

573 4489 746 4530 annos
772 4474 1132 4542 imprudentia
1159 4482 1214 4527 et
1249 4471 1589 4527 imbecillitas
1625 4471 1791 4526 animi
1839 4471 1998 4526 simul
2051 4472 2144 4525 ob-
2170 4505 2223 4564 Ι)

571 4565 749 4622 sident
779 4583 794 4618 :
827 4565 1204 4620 adolescentia:
1227 4579 1359 4620 vero
1394 4573 1605 4634 tempus
1643 4563 1931 4618 ferventior
1972 4562 2146 4632 impu-

573 4665 702 4726 gnat
726 4655 890 4711 libido
924 4673 936 4710 :
965 4655 1223 4726 reliquam
1249 4671 1378 4711 vero
1415 4665 1628 4711 aetatem
1660 4656 1887 4711 habendi
1912 4656 2146 4709 maxime

571 4748 768 4819 cupido
795 4746 1070 4803 sollicitat.
1100 4746 1389 4816 Propterea
1405 4747 1572 4816 igitur
1595 4761 1810 4802 omnem
1834 4746 1973 4800 hanc
1992 4745 2147 4800 Chri-

570 4849 689 4896 stus
711 4840 1044 4911 exSpeetavit
1072 4848 1306 4904 aetatem,
1335 4855 1431 4910 per
1457 4840 1598 4910 quod
1625 4855 1785 4894 omne
1816 4847 2024 4908 tempus
2061 4836 2147 4906 ju-

569 4933 776 4988 stitiam
805 4933 940 5004 legis
961 4933 1223 5004 implevit,
1254 4948 1316 4988 ac
1345 4941 1475 4988 tunc
1530 4933 1743 4988 demum
1775 4935 1923 4987 venit
1951 4933 2017 4986 ad
2049 4932 2144 4986 ba—

569 5025 792 5094 ptisma,
815 5025 969 5094 quasi
1001 5025 1272 5080 cumulum
1297 5024 1425 5080 illud
1449 5025 1657 5080 cunctis
1677 5023 2148 5079 observationibus

566 5113 702 5185 legis
731 5114 1054 5184 adimplens.
1081 5115 1182 5181 Qui
1212 5115 1464 5185 quoniam
1496 5114 1632 5184 ipso,
1658 5114 1800 5184 quod
1826 5115 2146 5168 tricenarius

569 5205 870 5272 inchoavit,
897 5206 1165 5275 baptismo
1194 5205 1448 5261 totiussit
1473 5204 1726 5260 Ecclesiae
1754 5205 1941 5259 sordes
1959 5201 2144 5272 expia-

568 5305 744 5360 turus,
779 5295 1090 5350 eorumdem
1120 5311 1335 5366 quoque
1383 5309 1729 5349 numerorum
1774 5294 1999 5364 mystica
2053 5308 2142 5347 co-

568 5387 755 5456 gnatio
807 5386 1044 5441 declarat
1081 5405 1093 5440 ε
1143 5387 1269 5456 quia
1307 5387 1556 5442 videlicet
1585 5386 1798 5456 triginta
1844 5384 2141 5455 aequalibus

567 5481 681 5534 suis
707 5480 958 5550 partibus
983 5489 1292 5549 computata
1340 5481 1556 5549 pariunt
1605 5479 1835 5548 amplius
1886 5477 2140 5533 duodeci-

566 5585 737 5636 mum,
768 5572 861 5642 qui
890 5579 976 5628 est
1013 5572 1443 5642 patriarcharum
1472 5577 1526 5625 et
1547 5571 1916 5641 apostolorum
1947 5583 2140 5624 nume-

569 5679 682 5727 rus,
710 5673 767 5719 et
794 5665 930 5719 ﬁunt
956 5664 1313 5735 quadraginta
1346 5664 1471 5718 duo.
1509 5661 1721 5718 Habent
1743 5663 1884 5718 enim
1932 5669 2136 5732 partes,

575 5754 926 5823 vicesimam,
958 5770 1144 5823 unum,
1195 5754 1705 5824 quintamdecimam
1753 5753 1878 5818 duo,
1930 5751 2135 5807 duode-

2179 3159 2222 3221 C

1495 422 1502 429 .
1562 354 1891 414 HlNCMARl
1928 354 2315 413 RHEMENSIS
2347 355 2861 418 ARCHIEPISCOPI

3679 375 3752 434 89.0

2273 471 2469 528 cimam
2495 473 2619 538 tria,
2651 482 2861 530 sextam
2885 474 3142 545 quinque,
3174 476 3408 548 quintam
3451 497 3551 549 sex,
3594 493 3760 550 tertiam

2279 562 2484 626 decem,
2537 564 2815 618 dimidiam
2875 564 3200 634 quindecim,
3272 584 3387 638 quae
3443 574 3582 630 simul
3616 579 3760 648 junci

2277 651 2630 721 quadraginta
2655 653 2762 708 duo
2789 664 3198 710 consummant:
3228 658 3317 714 ubi
3339 662 3564 732 mystice,
3583 677 3634 720 ut
3654 668 3764 724 dixi-

2275 757 2418 808 inus,
2447 742 2688 800 innuitur
2711 753 2879 800 totam
2907 746 3165 802 Ecclesiae
3187 749 3551 819 perfectionem
3575 757 3622 811 in
3639 758 3764 816 Citrio

2275 834 2343 889 sti
2377 835 2480 889 ﬁde
2505 843 2559 890 et
2587 836 2757 906 gratia
2783 839 3102 906 consistere,
3124 856 3243 910 qua:
3264 857 3294 895 a
3317 845 3612 911 patriarchis
3629 853 3766 920 primo

2276 926 2480 996 agnita,
2501 928 2862 997 apostolorum
2893 938 2978 984 est
3022 930 3184 985 latius
3220 947 3349 987 voce
3375 934 3657 993 diﬂamata:
3693 958 3768 996 nec

2275 1030 2394 1071 esse
2422 1031 2616 1074 nomen
2641 1018 2786 1073 aliud
2814 1021 2912 1074 sub
2941 1021 3079 1076 corio
3125 1022 3178 1076 in
3203 1039 3309 1092 quo
3329 1036 3558 1094 oporteat
3584 1045 3665 1085 nos
3689 1032 3768 1084 sal-

2274 1122 2372 1162 vos
2422 1108 2564 1172 ﬁeri,
2615 1112 2883 1178 quomodo
2913 1112 2965 1165 in
3008 1112 3359 1182 quadraginta
3414 1117 3600 1172 duobus
3658 1121 3768 1174 nulla
3804 1153 3818 1172 .
3910 1119 3911 1156 l

2274 1208 2356 1255 est
2382 1201 2670 1271 particula,
2727 1218 2846 1272 qua:
2893 1220 2999 1258 non
3047 1205 3340 1274 aequalibus
3405 1208 3650 1264 tricenarii
3695 1226 3770 1266 no-

2275 1292 2413 1346 meri
2465 1293 2806 1348 contineatur
2869 1293 2923 1347 in
2987 1295 3250 1363 partibus.
3313 1295 3631 1354 Tricenarius
3672 1315 3771 1371 ergo

2273 1396 2529 1438 numerus
2586 1384 2699 1439 suis
2763 1385 3004 1454 partibus
3060 1387 3518 1458 quadragesimum
3580 1394 3764 1462 complet

2272 1483 2328 1530 et
2365 1477 2708 1543 -secundum,
2768 1479 2891 1548 quia
2940 1478 3200 1535 Dominus
3250 1480 3533 1536 Ecclesiam
3589 1485 3658 1538 sui
3705 1473 3771 1538 ba-

2271 1565 2541 1636 ptismatis
2568 1568 2924 1624 sacramentis
2945 1578 3167 1642 et'nunc
3215 1570 3536 1626 laborantem
3560 1579 3772 1644 tempora-

2269 1655 2398 1710 liter
2424 1657 2618 1722 munit,
2648 1665 2704 1712 et
2731 1657 2900 1713 ﬁnitis
2929 1658 3201 1714 laboribus
3225 1660 3293 1714 ad
3326 1662 3554 1730 requiem
3593 1672 3771 1717 eterna-

2276 1745 2400 1804 liter
2445 1749 2711 1818 perducit.
2765 1750 2832 1804 Et
2874 1751 3184 1808 tricennalis
3237 1753 3490 1823 baptizati
3533 1753 3770 1810 Salvatoris

2267 1846 2397 1893 aetas
2426 1841 2589 1894 etiam
2621 1841 2790 1896 nostri
2821 1842 3131 1911 baptimatis
3161 1843 3410 1898 intimare
3434 1852 3594 1914 potest
3619 1855 3770 1916 mystev

2264 1929 2404 1985 rium
2438 1943 2454 1982 :
2489 1939 2709 2000 propter
2735 1929 2895 1986 ﬁdem
2943 1933 3148 1988 scilicet
3173 1937 3393 1998 sancta:
3447 1935 3702 2000 Trinitatis,
3728 1939 3765 1990 et

2263 2019 2631 2090 operationem
2684 2020 2934 2092 Decalogi
2981 2023 3216 2078 revelata
3263 2022 3387 2078 ﬁdei
3445 2024 3766 2095 gratia:quol

2265 2123 2373 2177 quo
2396 2109 2677 2166 sublimius
2716 2110 3032 2182 intelligitur
3055 2125 3119 2166 eo
3153 2120 3209 2167 et
3229 2112 3472 2168 doctrina
3497 2113 3758 2184 publicator.

2263 2196 2548 2253 Duodenus
2577 2199 2795 2270 quippe,
2827 2206 2988 2270 quem
3004 2210 3212 2271 partes,
3230 2209 3290 2255 ut
3315 2201 3561 2267 diximus,
3587 2203 3763 2258 tricena-

2263 2287 2329 2340 rii
2375 2287 2608 2356 pariunt,
2659 2289 3022 2359 apostolorum
3075 2307 3357 2356 numerus,
3420 2293 3760 2362 praedicatorum

2261 2379 2509 2434 videlicet
2535 2381 2773 2435 omnium
2805 2382 3027 2447 chorus,
3058 2391 3140 2436 ter
3166 2391 3476 2453 quaternos,
3501 2385 3605 2440 sive
3622 2391 3764 2455 quater

2262 2477 2444 2525 ternos
2507 2473 2786 2528 continere
2834 2473 3208 2545 dignoscitur:
3254 2477 3381 2546 quia
3428 2477 3577 2532 ﬁdem
3614 2486 3764 2531 sancta

2259 2560 2562 2625 Trinitatis,
2585 2571 2642 2617 et
2664 2573 2896 2633 quatuor
2921 2567 3095 2620 sancti
3137 2565 3417 2636 Evangelii
3443 2567 3610 2633 libros,
3629 2567 3684 2621 ab
3703 2581 3766 2621 or-

2260 2649 2509 2705 thodoxis
2546 2651 2856 2708 doctoribus
2907 2662 3034 2708 ante
3086 2653 3249 2711 finem
3279 2657 3460 2710 mundi
3483 2665 3667 2726 oportet
3697 2669 3764 2725 per

2257 2749 2489 2810 quatuor
2514 2749 2717 2812 partes,
2767 2741 3002 2799 Orientis
3030 2744 3263 2810 scilicet,
3299 2745 3610 2810 Occidentis,
3643 2745 3764 2816 Aqui-

2255 2829 2393 2888 lonis
2418 2841 2473 2888 et
2501 2833 2707 2898 Austri,
2753 2835 3016 2904 quadrato
3067 2837 3216 2892 orbis
3261 2841 3488 2893 termino
3525 2839 3762 2909 praedicari.

2256 2924 2419 2992 Quasi
2437 2926 2580 2982 enim
2629 2928 2897 2998 quoddam
2926 2939 3340 2985 sacrosanctum
3372 2931 3575 2987 triennii
3607 2940 3764 3000 tempus

2254 3017 2606 3087 baptizandus
2638 3019 2836 3073 habere
2863 3020 3062 3086 docuit,
3093 3020 3185 3089 qui
3209 3021 3306 3086 ait,
3332 3021 3433 3087 Ite,
3454 3022 3614 3076 docete
3636 3034 3764 3073 omnes

2253 3119 2446 3180 gentes,
2503 3110 2821 3180 baptizantes
2857 3127 2942 3164 eos
2986 3112 3041 3164 in
3081 3113 3290 3166 nomine
3339 3111 3531 3177 Patris,
3571 3122 3612 3166 et
3645 3109 3763 3174 Filii,

2253 3209 2300 3252 et
2343 3197 2570 3268 Spiritus
2609 3201 2780 3254 sancti
2815 3199 3030 3266 (Matth.
3078 3217 3288 3267 xxvnr,
3311 3203 3414 3273 J9)
3445 3221 3458 3256 :
3488 3201 3623 3272 quasi
3664 3199 3766 3254 idem

2255 3290 2357 3344 hoc
2403 3291 2688 3345 triennium
2725 3307 2821 3362 per
2847 3292 3029 3348 decem
3061 3293 3408 3364 multiplicari
3435 3293 3659 3364 przecepit
3681 3304 3768 3344 cum

2254 3381 2567 3450 subiunxit,
2635 3383 2872 3437 docentes
2927 3400 3014 3437 eos
3078 3400 3290 3439 servare
3357 3387 3525 3439 omnia
3583 3397 3769 3454 quiscun-

2251 3489 2350 3543 que
2395 3473 2639 3527 mandavi
2705 3475 2842 3528 vobis
2895 3474 3095 3546 (ibid.,
3145 3474 3216 3529 20
3236 3475 3285 3546 ).
3346 3477 3445 3544 Qui
3503 3475 3650 3530 tribus
3697 3486 3766 3525 an-

2253 3565 2337 3619 nis
2385 3581 2449 3620 ac
2497 3566 2584 3621 bis
2629 3567 2793 3622 ternis
2831 3567 3105 3621 mensibus
3136 3568 3326 3639 mundi
3361 3568 3593 3624 tenebras
3631 3578 3765 3620 erem-

2251 3655 2338 3724 plo
2365 3663 2420 3710 et
2463 3657 2629 3711 verbo
2655 3672 2752 3711 suo
2779 3657 2845 3711 de
2887 3657 3175 3713 dilectione
3217 3657 3319 3712 Dei
3355 3667 3410 3714 et
3454 3657 3660 3728 proximi
3701 3667 3762 3707 sa-

2250 3763 2384 3803 nans
2443 3747 2604 3819 759
2651 3764 2879 3819 corpora
2926 3748 3084 3804 simul
3139 3757 3196 3804 et
3247 3751 3502 3815 animas,
3556 3748 3764 3803 illustrare

2251 3839 2518 3909 dignatur,
2555 3854 2652 3909 pro
2691 3840 2905 3907 generis
2934 3839 3156 3893 humani
3179 3841 3358 3896 salute
3400 3841 3450 3895 in
3475 3853 3617 3894 cruce
3647 3849 3765 3889 occu-

2249 3928 2384 3982 buit.
2425 3927 2716 3981 Evidenter
2740 3927 3050 3993 ostendens,
3099 3928 3227 3998 quia
3272 3927 3503 3999 prmlatis
3547 3921 3762 3996 apostolis,

2251 4016 2577 4087 martyribus
2601 4057 2615 4082 ,
2645 4016 3066 4082 confessoribus,
3120 4020 3438 4088 ueterisque
3473 4014 3687 4072 arctioris
3719 4025 3762 4063 ac

2248 4108 2586 4179 perfectioris
2619 4108 2747 4163 vita:
2782 4108 2948 4174 viris,
2999 4123 3227 4178 quorum
3280 4107 3660 4164 inenarrabilem
3681 4101 3762 4172 glo-

2250 4199 2384 4252 riam
2421 4198 2487 4252 de
2525 4196 2962 4251 manifestissima
3023 4197 3323 4251 divinitatis
3380 4197 3575 4251 visione
3613 4188 3762 4256 sempi-

2249 4295 2415 4341 ternae
2445 4286 2727 4341 Trinitatis
2767 4285 2844 4340 illi
2883 4295 3090 4341 tantum
3133 4286 3350 4350 sciunt,
3397 4286 3485 4355 qui
3521 4298 3577 4338 ea
3607 4274 3760 4351 perfrui

2249 4390 2582 4444 meruerunt,
2632 4388 2758 4435 sunt
2785 4379 2968 4450 plures
3012 4379 3066 4434 in
3099 4378 3342 4434 Ecclesia
3377 4377 3520 4448 justi,
3561 4375 3648 4429 ﬁde
3669 4385 3761 4426 san-

2249 4479 2349 4527 ctae
2381 4470 2682 4536 Trinitatis,
2743 4470 2798 4524 in
2827 4485 2932 4541 qua
2966 4477 3021 4525 et
3059 4470 3363 4525 incarnatio
3405 4467 3599 4524 Domini
3630 4457 3759 4516 nostri

2245 4563 2373 4618 Jesu
2419 4561 2618 4617 Christi
2660 4563 2924 4616 veraciter
2949 4561 3278 4626 continetur,
3311 4575 3412 4629 qua
3448 4573 3546 4612 non
3584 4547 3758 4608 accessit

2246 4653 2605 4723 quaternitas,
2627 4652 2719 4707 sed
2760 4652 2815 4706 in
2843 4667 2948 4707 uno
2977 4650 3114 4705 Filio
3146 4650 3254 4706 Deo
3279 4660 3335 4704 et
3361 4649 3581 4708 homine,
3607 4641 3679 4710 qui
3698 4645 3758 4690 est

2246 4745 2301 4799 in
2332 4744 2501 4814 gloria
2541 4742 2634 4796 Dei
2671 4741 2883 4806 Patris,
2932 4754 3055 4795 cum
3109 4740 3300 4794 eodem
3340 4738 3493 4792 Patre
3540 4743 3588 4789 et
3613 4735 3755 4786 saneto

2248 4834 2448 4904 Spiritu
2476 4842 2756 4903 permanet
2776 4831 3033 4895 Trinitas,
3061 4845 3177 4899 spe,
3199 4829 3461 4884 charitate
3483 4834 3532 4881 et
3556 4819 3755 4890 operibus

2245 4925 2403 4979 bonis
2444 4922 2691 4994 perfecti,
2735 4921 2825 4993 qui
2851 4930 2971 4992 post
3005 4919 3186 4974 carnis
3225 4918 3531 4974 solutionem
3552 4906 3753 5002 continuo

2247 5015 2406 5070 beata
2433 5015 2666 5084 paradisi
2698 5013 2884 5082 requie
2917 5011 3314 5080 suscipiantur,
3360 5005 3749 5093 exspectantes!!!

2245 5124 2442 5180 magno
2481 5107 2677 5178 gaudio
2701 5145 2716 5170 ,
2760 5107 2814 5160 in
2856 5103 3068 5174 magnis
3122 5099 3554 5170 congaudentium
3591 5089 3747 5144 choris,

2243 5201 2458 5271 quando
2512 5206 2726 5269 recepto
2752 5211 2978 5267 corpore
3019 5195 3239 5250 veniant
3265 5201 3320 5248 et
3361 5190 3627 5261 appareant
3651 5184 3746 5231 ante

2240 5289 2436 5346 faciem
2471 5289 2586 5344 Dei.
2641 5289 2699 5343 ln
2736 5287 2959 5342 semisse
3003 5294 3184 5340 autem
3223 5297 3365 5337 anno
3413 5277 3742 5334 demonstrans

2244 5385 2367 5455 quia
2397 5381 2636 5439 nonnulli
2660 5387 2880 5450 propter
2905 5379 3044 5434 bona
3069 5377 3284 5448 quidem
3307 5384 3464 5442 opera
3499 5365 3559 5420 ad
3583 5359 3740 5455 electos

2243 5441 2364 5530 rum
2395 5472 2610 5544 quidem
2655 5441 2848 5527 fortem
2893 5466 3259 5539 pmordinati,
3289 5463 3382 5519 sed
3405 5464 3601 5530 propter
3633 5441 3739 5544 malai

2243 5537 2442 5635 aliqua,
2495 5563 2691 5632 quibus
2742 5537 2930 5633 polluti
2985 5559 3054 5615 de
3102 5569 3342 5627 οοῐῬοτθ
3383 5550 3605 5638 ﬁdem?"

2241 5631 2470 5713 mortem
2491 5631 2681 5710 severe
2707 5631 2987 5723 castigati,
3037 5649 3371 5719 excipiuntur
3392 5634 3594 5695 ﬂammis
3617 5631 3735 5723 Δἱιζξηεν

2241 5747 2562 5820 purgatorii,
2588 5755 2645 5803 et
2669 5745 2755 5802 vel
2791 5719 2958 5815 usque
2987 5742 3064 5798 ad
3091 5742 3228 5798 diem
3252 5733 3432 5809 iudicii
3456 5731 3591 5797 longa
3615 5719 3737 5783 hujus
