4006 6338
225 306 326 364 821

214 514 372 583 prius
405 515 704 594 amicorum
746 515 982 571 fidelium
1025 518 1271 588 precibus
1297 520 1670 594 eleemosynis,
1710 524 1794 594 je-

211 604 402 674 juniis,
435 605 681 673 ﬂetibus,
710 617 770 662 et
792 609 983 664 hostia:
1021 611 1273 668 salutaris
1306 615 1664 672 oblationibus
1690 618 1789 672 ab-

209 692 380 748 soluti
423 695 617 764 pinnis,
666 708 723 751 et
766 697 866 768 ipsi
906 699 974 753 ad
1016 699 1294 757 beatorum
1344 705 1662 774 perveniunt
1707 722 1794 762 re-

201 786 421 853 quiem.
472 785 576 840 Tot
601 788 766 842 etiam
809 790 985 856 annis,
1027 791 1080 845 id
1127 802 1211 848 est
1248 795 1422 851 tribus
1465 806 1522 852 et
1549 799 1786 864 dimidio,

209 875 582 932 Anticltristus
610 881 691 934 sui
719 882 1009 936 ostentabit
1035 883 1286 954 ﬁgmenta
1302 888 1586 954 mendacii,
1608 903 1792 947 osten-

202 969 353 1024 dens
388 986 446 1026 se
475 983 726 1042 tanquam
773 975 888 1044 ipse
928 978 998 1031 sit
1030 978 1169 1034 Deus
1206 981 1373 1050 signis
1419 991 1472 1037 et
1502 985 1786 1050 mendacii,

201 1063 497 1132 prodigiis,
531 1066 791 1122 adhibens
818 1068 1082 1124 minarum
1119 1080 1279 1141 atque
1310 1089 1588 1142 poenarum
1620 1088 1790 1132 terro-

157 1149 326 1206 ‘res.
355 1153 461 1209 Sed
487 1171 592 1208 non
617 1158 924 1225 praevalebit
952 1160 1003 1214 in
1033 1177 1147 1228 eos,
1177 1165 1269 1232 qui
1303 1166 1355 1220 in
1388 1167 1506 1221 ﬁdei
1533 1180 1692 1224 rectae
1735 1180 1790 1224 et

204 1255 438 1310 cperum
492 1244 751 1299 bonorum
793 1247 1140 1316 perfectione,
1190 1255 1360 1323 gratia
1410 1256 1576 1326 ipsius
1629 1259 1788 1312 auxi-

203 1330 380 1387 liante
407 1335 715 1403 persistent.
763 1337 864 1403 Qui
895 1338 948 1392 in
996 1355 1161 1396 carne
1203 1357 1466 1413 apparens
1506 1347 1678 1404 factus
1717 1365 1786 1405 ex

200 1423 462 1488 muliere,
491 1425 664 1480 factus
703 1429 804 1484 sub
849 1429 967 1500 lege
1003 1440 1062 1486 ut
1095 1448 1191 1489 eos
1235 1436 1325 1506 qui
1357 1439 1455 1492 sub
1485 1439 1602 1508 lege
1629 1450 1785 1496 erant

199 1515 522 1581 redimeret,
553 1525 613 1572 ut
643 1517 980 1588 adoptionem
1008 1521 1236 1579 ﬁliorum
1257 1529 1637 1598 recipercmus,
1661 1542 1785 1602 post

191 1604 674 1662 circumcisionem
731 1610 1004 1666 tricesima
1067 1615 1226 1669 tertia
1279 1617 1366 1672 die
1408 1620 1475 1674 ad
1524 1623 1780 1693 templum

187 1697 422 1753 delatus
447 1707 550 1764 est,
593 1713 649 1756 et
694 1702 883 1774 legalia
935 1720 1032 1774 pro
1064 1721 1130 1761 eo
1159 1723 1381 1764 munera
1429 1711 1629 1778 oblata,
1685 1715 1778 1784 qui

1142 307 1583 368 EXPLANATIO
1617 308 1687 364 IN
1720 308 2099 370 FERCULUM
2136 315 2539 382 SALOMONIS.

217 421 618 478 examinatione
643 435 674 476 ι
697 422 955 480 vitiorum
977 423 1133 481 sorde
1159 428 1506 495 mundantur,
1531 429 1617 485 vel
1646 437 1795 486 certe
1819 430 1873 491 Α

3359 339 3467 398 ϐἓὲ

1990 427 2265 514 remains
2286 435 2552 514 Dominum
2568 446 2874 514 remeantem
2893 459 2920 495 ε
2942 447 3329 514 morte‘receplt.

1987 489 2138 560 Irina
2159 497 2267 546 dies
2289 489 2458 547 Jonam
2483 489 3094 560 tenuitisub'vi'scere-c'et'i'.

1987 550 2504 627 greshpueriprevere
2530 550 2956 627 Deumiﬁag‘ra'nte'
2969 550 3173 621 (gmina.

1987 613 2088 692 Iet-
2111 613 2318 692 S'ahaoth
2335 629 2558 692 sanctum
2582 613 3312 692 referensbenedicﬁo'psallit.

1986 673 2407 750 Ier‘mergendus
2426 695 2551 750 aqua
2571 673 2648 736 est
2667 673 2926 749 cui‘gvratia
2935 673 3308 750 ⁷ιῖιὶῖιὶὲιίἕνῖὶὲὲξ

1986 734 2290 806 Ῑρεῐίὺυείεῐ
2314 734 2501 792 stabilis
2520 734 2706 796 constat
2730 734 3247 806 tritius—actio'Eu'nct-a'.

1984 795 2148 871 Ierno
2168 813 2337 871 mense
2359 805 2459 852 suis
2476 795 2794 871 redeut’itsua
2803 795 3030 871 iéinifdi;
3056 795 3312 868 EnEi’JiEis.

1985 858 2108 932 IN'S
2128 869 2243 932 sunt
2265 870 2455 932 mtates,
2479 867 2598 932 llos,
2614 869 2776 932 robur,
2803 858 2855 920 et
2871 858 3279 932 ἐέρί-έιέἓῆέὲἱῦἐῖ

1983 919 2108 995 Ξιιθε
2126 924 2315 995 moduli
2329 926 2374 971 in
2391 919 2752 995 ca'u_sis,'judex,
2764 919 3277 995 'dereﬁé’di,‘é{§c'i6i.'

1982 979 2106 1054 Ires
2132 985 2180 1032 in
2203 984 2344 1034 saecla
2370 979 2567 1054 graius,
2583 979 3226 1054 'ortus;transcurslotﬁms:

1982 1041 2108 1092 Tres
2123 1055 2262 1106 Spem
2285 1041 2397 1109 qui
2419 1041 2632 1112 palpa'nt,
2653 1041 2870 1115 requies,
2895 1041 3326 1118 Ιιιχῆῑόἒῦῖὶιε.

1889 1140 2107 1212 Septem
2136 1161 2265 1202 vero
2300 1159 2568 1220 praecepta
2618 1152 2787 1208 altera
2822 1156 3002 1212 tabula
3035 1159 3199 1226 dedit,
3232 1179 3462 1233 quorum

1887 1235 2120 1302 primum
2144 1247 2248 1304 est,
2298 1241 2437 1296 sicut
2479 1252 2534 1298 et
2569 1243 2858 1314 Apostolus
2904 1259 3194 1318 monstrat,
3244 1253 3465 1311 Honora

1883 1335 2085 1394 patrem
2125 1337 2175 1382 et
2200 1340 2418 1385 matrem
2465 1331 2680 1404 (Ephes.
2730 1352 2816 1402 Vl,
2857 1337 2935 1409 2).
2992 1340 3164 1396 Habet
3199 1352 3466 1412 praeterea

1883 1417 2222 1482 septenarius
2248 1433 2506 1475 numerus
2534 1421 2586 1476 in
2610 1425 2888 1493 Scriptura
2917 1442 3070 1483 saera
3096 1430 3466 1499 multipliciter

1882 1515 2157 1563 ostensam
2211 1511 2596 1580 perfectionem
2661 1530 2856 1574 suam:
2919 1519 3170 1576 videlicet
3227 1537 3352 1592 quia
3397 1536 3464 1579 eo

1883 1597 2093 1652 dierum
2131 1615 2373 1667 numero,
2415 1610 2646 1658 testante
2687 1604 2988 1677 Scriptura,
3038 1610 3280 1680 perfecto
3324 1613 3464 1668 caelo

1881 1696 1936 1742 et
1958 1691 2102 1745 omni
2128 1703 2325 1748 ornatu
2369 1709 2577 1762 eorum,
2629 1699 2898 1767 requievit
2944 1701 3086 1757 Deus
3115 1702 3184 1758 ab
3208 1704 3463 1773 operibus

183 1797 401 1842 «cuncta
452 1789 707 1848 divinitus
746 1765 1052 1850 consecrat.
1099 1797 1363 1868 Trigonus
1399 1765 1569 1856 etiam?
1600 1765 1781 1858 Deca-
1811 1765 1856 1824 Β
1884 1777 1996 1833 suis
2044 1777 2196 1851 (θαι
2238 1783 2321 1855 ¹¹)’
2357 1785 2451 1840 sed
2495 1795 2551 1841 εί
2597 1801 2696 1856 per
2743 1787 2914 1860 legem
2959 1791 3236 1846 sabbatum
3277 1793 3330 1848 i"
3370 1809 3461 1848 re”

188 1875 332 1944 logi,
366 1886 420 1932 et
449 1886 558 1935 tres
591 1880 726 1947 dies,
771 1892 931 1958 atque
974 1885 1173 1941 oblatio
1205 1889 1272 1943 ad
1299 1891 1551 1960 templum
1581 1895 1776 1958 delata,

187 1965 326 2020 illos
365 1968 479 2023 dies
530 1980 585 2024 et
621 1973 945 2028 sacriﬁcium
993 1975 1263 2042 Ecclesize,
1315 1995 1433 2048 qua:
1461 1990 1542 2036 est
1585 1999 1780 2054 corpus

183 2056 424 2120 Christi,
445 2059 759 2131 designant,
782 2064 850 2118 de
871 2065 1064 2134 quibus
1095 2069 1207 2138 ipse
1227 2069 1281 2123 in
1313 2070 1598 2141 Evangelio
1625 2074 1774 2140 dicit,

189 2147 340 2202 Ecce
389 2149 541 2218 ejicio
590 2153 852 2208 daemonia
885 2166 935 2210 et
979 2159 1231 2213 sanitates
1271 2162 1481 2229 per/icio
1529 2164 1684 2218 hodie
1727 2176 1776 2219 et

189 2255 340 2304 cras,
393 2251 440 2294 et
471 2244 623 2296 tertia
657 2245 742 2299 die
772 2263 1104 2303 consummor
1127 2249 1278 2318 (Luc.
1309 2267 1430 2318 xm,
1470 2253 1560 2326 52)
1587 2272 1600 2307 :
1650 2255 1774 2325 quia

189 2331 541 2400 expelluntur
559 2334 843 2402 daemonia,
862 2352 1004 2402 cum,
1031 2338 1231 2396 relictis
1246 2345 1485 2409 paternis
1515 2347 1776 2414 supersti-

195 2421 456 2485 tionibus,
495 2423 720 2478 credunt
760 2426 814 2480 in
861 2439 985 2480 eum
1026 2436 1248 2498 gentes:
1306 2439 1363 2486 et
1423 2432 1776 2502 perﬁciuntur

191 2510 475 2576 sanitates,
526 2527 650 2566 cum
711 2515 1000 2571 secundum
1065 2518 1182 2587 ejus
1236 2531 1501 2592 praecepta
1553 2525 1771 2589 vivitur,

190 2607 549 2667 posteaquam
582 2600 741 2656 fuerit
772 2603 983 2659 diabolo
1021 2614 1076 2660 et
1101 2607 1224 2661 huic
1260 2609 1454 2665 saculo
1494 2612 1771 2665 renuntia-

194 2697 337 2752 tum,
367 2703 538 2758 usque
574 2690 626 2743 in
669 2690 830 2746 ﬁnem
875 2695 1285 2750 resurrectionis
1309 2735 1326 2761 ,
1357 2707 1462 2766 qua
1515 2708 1770 2769 tanquam

193 2782 356 2834 tertia
386 2785 860 2865 consummabitur,
893 2787 995 2843 hoc
1020 2797 1100 2844 est
1131 2791 1196 2843 ad
1232 2791 1616 2860 pienitudinem
1666 2809 1769 2848 an-

192 2872 422 2942 gelicam
467 2889 564 2942 per
607 2877 850 2945 corporis
891 2877 1051 2932 etiam
1106 2879 1561 2936 immortalitatem
1609 2884 1770 2954 perﬁ-

193 2965 370 3018 cietur
419 2965 677 3022 Ecclesia.
729 2966 1066 3039 Quapropter
1110 2969 1268 3040 hujus
1299 2975 1512 3030 numeri
1560 2976 1769 3032 ratione

192 3055 422 3111 devotus
449 3059 670 3126 quilibet
696 3061 928 3131 colligat,
957 3064 1079 3132 quia
1113 3064 1198 3119 ille
1219 3081 1249 3118 a
1276 3068 1620 3136 corruptione
1649 3085 1770 3124 cor-

192 3147 345 3214 poris
369 3155 423 3200 et
455 3150 647 3204 animae
685 3159 889 3206 tantum
923 3154 1235 3221 salvabitur,
1286 3158 1451 3228 quiin
1482 3160 1586 3216 ﬁde
1622 3171 1768 3217 recta

193 3250 317 3306 qua:
341 3240 575 3294 ternario
615 3256 861 3306 numero,
907 3251 963 3298 et
1005 3244 1058 3298 in
1105 3247 1356 3314 operibus
1403 3249 1594 3317 bonis,
1650 3267 1769 3321 qua:

194 3330 469 3399 decalogo,
503 3331 556 3385 id
581 3341 662 3388 est
690 3349 914 3390 numero
944 3345 1221 3393 constante
1242 3339 1464 3395 denario
1489 3342 1769 3412 designan-

194 3426 304 3480 tur,
333 3419 385 3472 in
410 3420 582 3474 virum
607 3422 924 3491 perfectum,
973 3425 1026 3480 in
1061 3441 1365 3482 mensuram
1405 3433 1578 3485 :etatis
1601 3433 1766 3501 pleni-

191 3509 394 3563 tudinis
446 3509 665 3577 Christi,
735 3512 788 3567 in
853 3513 940 3570 die
1005 3519 1453 3574 remunerationis
1519 3521 1766 3579 iuventus

190 3601 373 3656 fuerit.

261 3698 425 3769 760
477 3700 733 3760 Ducentis
777 3705 943 3762 etiam
997 3716 1058 3763 et
1111 3711 1295 3767 decem
1361 3714 1650 3782 versibus,
1699 3717 1765 3773 de

187 3786 528 3856 dogmatibus
585 3795 964 3854 ecclesiasticis
1007 3809 1195 3856 contra
1254 3819 1419 3873 prave
1471 3808 1764 3863 sentientes

185 3878 470 3934 doctorum
517 3882 742 3953 loquens
789 3889 1056 3955 sensibus,
1089 3892 1205 3947 haec
1234 3894 1481 3950 columna
1512 3906 1764 3952 constare

187 3971 552 4040 dignoscitur:
582 3976 733 4046 cujus
763 3988 846 4034 est
874 3985 1264 4051 supputationis
1295 3985 1396 4040 ista
1426 3987 1674 4052 intentio,
1706 3999 1766 4044 ut

185 4064 420 4130 primum
442 4067 758 4139 incipiamus
781 4088 811 4126 a
838 4074 1028 4128 minori
1053 4091 1295 4136 numero,
1327 4079 1378 4132 id
1395 4088 1477 4134 cst
1503 4096 1532 4133 a
1553 4079 1759 4148 decem,

185 4159 241 4205 et
282 4154 350 4208 ab
383 4169 449 4209 eo
496 4160 900 4229 progrediamur
936 4163 989 4216 in
1031 4166 1394 4233 postmodum.
1440 4167 1515 4223 De
1544 4170 1761 4225 denario

185 4242 383 4313 quippe
425 4261 652 4302 numero
688 4251 939 4307 catholici
997 4253 1246 4311 doctores
1310 4256 1474 4310 multa
1510 4258 1762 4312 dixerunt

187 4333 384 4387 diserta
427 4344 483 4390 et
524 4335 708 4406 fortia,
749 4355 815 4396 ex
841 4343 1034 4411 quibus
1056 4346 1298 4412 quaedam
1343 4348 1432 4403 hic
1455 4349 1758 4418 compendii

1798 3105 1860 3165 G-

1885 1869 2066 1937 quiem
2107 1873 2288 1927 datum
2336 1883 2422 1930 est
2444 1875 2637 1946 (Exod.
2667 1880 2802 1949 xvi).
2847 1879 2914 1936 Et
2961 1884 3012 1935 in
3040 1885 3216 1952 capite
3251 1892 3457 1950 nostro,

1883 1957 2174 2016 Mediatore
2207 1963 2413 2020 scilicet
2447 1965 2541 2020 Dei
2590 1974 2648 2022 et
2679 1967 2954 2024 hominum
2987 1971 3202 2027 homine
3243 1971 3460 2028 Christo

1880 2048 2031 2116 Jesu,
2062 2053 2320 2122 propheta
2350 2056 2714 2125 septiformem
2745 2060 2918 2115 sancti
2949 2060 3184 2131 Spiritus
3227 2063 3464 2133 gratiam

1879 2145 2218 2198 enumeravit
2242 2145 2375 2215 (Isa.
2401 2146 2500 2218 xi).
2538 2145 2756 2218 Septem
2800 2165 3012 2222 quoque
3034 2154 3240 2220 oculos,
3275 2161 3334 2210 et
3373 2169 3459 2210 se-

1877 2239 2022 2300 ptem
2051 2235 2399 2302 candelahra,
2446 2246 2502 2293 et
2546 2249 2752 2309 septem
2779 2241 2972 2313 sigilla,
3001 2252 3054 2299 et
3078 2253 3280 2315 septem
3319 2247 3459 2303 toni-
3539 2307 3562 2330 ⁸

1880 2327 2022 2386 trua,
2072 2338 2172 2392 pro
2192 2326 2522 2394 perfectione
2553 2327 2828 2400 Scriptura
2868 2347 3021 2387 sacra
3055 2344 3355 2402 enumerat,
3400 2345 3458 2392 et

1876 2424 1973 2480 per
1992 2422 2196 2482 septem
2241 2416 2358 2473 dies
2381 2433 2541 2474 omne
2583 2421 2840 2477 saeculum
2857 2425 3088 2479 vorvitur
3114 2427 3296 2498 (Apoc.
3325 2442 3363 2492 ι,
3395 2443 3454 2494 v,

1873 2519 1956 2571 vt,
1983 2506 2062 2576 x).
2092 2507 2160 2563 Et
2188 2509 2272 2565 his
2300 2509 2509 2568 duobus
2536 2513 2792 2582 perfectis
2827 2518 3087 2585 numeris,
3116 2520 3351 2575 ternario
3373 2521 3454 2575 vi-

1875 2594 2072 2651 delicet
2108 2606 2163 2654 et
2197 2602 2500 2669 septenario
2543 2604 2799 2661 denarius
2841 2616 3072 2663 constat.
3124 2609 3236 2664 Est.
3262 2611 3450 2677 etiam,

1874 2687 2128 2755 quoniam
2173 2692 2444 2758 geminato
2471 2694 2724 2763 quinario
2768 2711 3013 2763 numero,
3051 2699 3141 2768 qui
3183 2699 3453 2770 perfectus

1872 2785 1957 2831 est
1982 2778 2036 2832 in
2065 2781 2302 2850 quinque
2324 2784 2618 2841 notissimis
2642 2788 2886 2858 corporis
2909 2791 3080 2845 nostri
3106 2791 3368 2856 sensibus,
3395 2801 3452 2848 et

1871 2867 1929 2922 in
1957 2870 2194 2941 quinque
2221 2873 2372 2930 libris
2392 2875 2588 2947 Moysi,
2631 2886 2863 2934 constat.
2896 2880 3001 2936 Sed
3032 2891 3088 2937 et
3120 2883 3190 2938 ab
3210 2898 3316 2938 uno
3351 2899 3452 2954 per

1869 2959 2117 3015 ordinem
2184 2978 2356 3033 usque
2428 2967 2496 3020 ad
2558 2975 2790 3035 quatuor
2843 2986 3095 3026 numeros
3152 2972 3451 3042 completur

1873 3056 2030 3126 761
2067 3056 2339 3111 denarius.
2380 3055 2558 3114 Unum
2597 3060 2739 3115 enim
2774 3068 2829 3115 et
2857 3063 2962 3116 duo
2987 3071 3044 3116 et
3082 3071 3194 3119 tres
3230 3073 3286 3118 et
3313 3079 3446 3134 qua-

1875 3153 2000 3199 tuor
2028 3145 2187 3198 simul
2211 3146 2379 3211 ducti,
2407 3147 2542 3202 ﬁunt
2568 3149 2753 3204 decem
2787 3169 2800 3205 :
2835 3154 2958 3221 quia
2983 3153 3116 3223 legis
3151 3153 3448 3225 Decalogus

1870 3251 1970 3306 per
2004 3247 2238 3307 quatuor
2273 3239 2440 3295 libros
2468 3241 2642 3296 sancti
2689 3241 2962 3314 Evangelii
2998 3245 3340 3314 adimpletur.
3380 3244 3450 3300 Et

1872 3327 2102 3383 fortasse
2121 3336 2408 3398 propterea
2439 3331 2531 3401 qui
2559 3332 2932 3387 conducuntur
2954 3332 3021 3387 ad
3044 3333 3274 3399 vineam,
3302 3334 3447 3389 acci—

1871 3420 2025 3488 piunt
2059 3422 2274 3476 nomine
2337 3423 2598 3478 mercedis
2637 3424 2933 3488 denarium,
2982 3426 3072 3494 qui
3116 3441 3217 3496 per
3245 3433 3446 3481 semet-

1872 3510 2048 3579 ipsum
2096 3512 2484 3581 multiplicatus
2540 3514 2594 3568 in
2619 3515 2989 3569 centenarium
3017 3517 3210 3586 surgit,
3263 3523 3318 3570 et
3345 3529 3446 3586 per

1869 3604 2241 3658 centenarium
2271 3618 2554 3660 numerum
2586 3621 2781 3678 magna
2817 3607 3077 3677 perfectio
3109 3608 3442 3679 designatur.

1867 3690 1970 3746 Per
1997 3693 2324 3762 geminatum
2358 3703 2535 3749 autem
2559 3696 2949 3762 centenarium,
2972 3707 3030 3752 et
3050 3698 3308 3768 perfectio
3334 3701 3445 3772 spi-

1869 3780 2006 3834 ritus
2052 3781 2142 3851 qui
2191 3781 2246 3836 in
2275 3783 2378 3837 hac
2418 3785 2530 3837 vita
2577 3784 2764 3840 electis
2788 3787 3063 3854 tribuitur,
3107 3797 3163 3844 et
3185 3799 3444 3860 perpetua

1866 3871 1977 3925 vita
2007 3871 2274 3940 signatur.
2303 3872 2455 3928 Unde
2491 3874 2694 3930 eisdem
2721 3876 2912 3933 electis
2940 3879 3053 3934 suis
3077 3879 3337 3937 Dominus
3363 3883 3445 3938 di-

1864 3963 1939 4018 cit
1971 3983 1986 4017 :
2018 3963 2200 4019 Omnis
2224 3967 2314 4036 qui
2332 3967 2573 4040 relinquit
2594 3970 2808 4025 domum
2831 3973 2908 4026 vel
2930 3973 3144 4043 fratres,
3175 3988 3266 4030 aut
3295 3993 3445 4032 soro-

1857 4071 1966 4119 res,
1993 4065 2085 4109 aut
2104 4066 2323 4126 patrem,
2368 4068 2458 4112 aut
2501 4069 2739 4126 matrem,
2781 4071 2874 4117 aut
2900 4079 3138 4132 uxorem,
3165 4077 3256 4120 aut
3277 4067 3439 4137 ﬁlios,

1863 4153 1955 4197 aut
1980 4161 2134 4215 agros
2156 4157 2364 4216 propter
2389 4164 2575 4203 nomen
2605 4166 2796 4213 meum,
2822 4153 3118 4223 centuplum
3147 4157 3362 4224 accipiet
3390 4165 3442 4211 et

1861 4233 2021 4288 vitam
2063 4243 2312 4290 aeternam
2360 4238 2640 4304 possidebit
2686 4239 2901 4311 (Matth.
2951 4258 3066 4308 tux,
3115 4244 3227 4316 29).
3256 4245 3442 4316 Neque

1863 4322 2008 4376 enim
2037 4333 2259 4380 sanctus
2290 4327 2522 4397 quisque
2568 4328 2691 4385 ideo
2728 4339 2942 4386 terrena
2969 4333 3188 4401 deserit,
3223 4344 3285 4391 ut
3322 4337 3442 4393 haec

184 4422 364 4475 studio
423 4424 681 4483 adnotare
730 4431 933 4485 curavi.
999 4431 1193 4487 Dicunt
1239 4450 1471 4506 namque
1527 4413 1650 4506 quia
1702 4437 1756 4492 in
1787 4413 2142 4521 υνοξδίδίῖηξ
2181 4414 2238 4469 in
2277 4415 2620 4521 "°¢_m}}“‘¥°
2679 4418 3026 4521 πύηίιξξίοίυεξ
3071 4423 3260 4493 possm
3311 4425 3443 4494 quia

171 4509 440 4581 'decalogo
491 4516 561 4569 sit
591 4530 973 4576 consecratus:
1007 4524 1160 4593 cujus
1195 4524 1431 4596 decalogi
1457 4567 1471 4592 ,
1518 4529 1757 4598 psalterii

181 4601 435 4658 videlicet
481 4606 665 4662 decem
692 4610 1034 4678 chordarum,
1074 4614 1261 4668 decem
1295 4627 1560 4686 praecepta
1614 4620 1756 4676 Deus

181 4691 386 4747 famulo
414 4709 510 4749 suo
547 4697 714 4768 Moysi
736 4700 788 4754 in
813 4710 992 4757 monte
1012 4703 1065 4757 in
1092 4705 1294 4760 duabus
1318 4708 1510 4763 tabulis
1532 4708 1755 4778 lapideis

181 4787 486 4856 conscripta
518 4789 705 4846 dedit:
756 4792 859 4847 tria
885 4794 936 4848 in
961 4810 1066 4850 una
1096 4796 1276 4851 tabula
1306 4799 1372 4853 ad
1396 4799 1560 4855 Deum
1588 4803 1756 4871 perti-

177 4876 390 4938 nentia,
420 4879 543 4946 quia
584 4880 724 4937 Deus
771 4882 1008 4940 Trinitas
1031 4895 1145 4951 εει,
1189 4894 1242 4942 et
1292 4887 1345 4942 in
1374 4891 1754 4960 redemptionis

176 4975 382 5023 nostra:
397 4971 652 5041 mysterio
683 4982 790 5030 tres
817 4984 943 5030 sunt
965 4977 1055 5047 qui
1081 4979 1444 5034 testimonium
1469 4981 1620 5046 dant,
1651 4982 1762 5051 spi-

179 5060 338 5122 ritus,
373 5075 535 5131 aqua,
579 5069 636 5118 et
667 5067 904 5135 sanguis,
935 5075 988 5121 et
1018 5078 1127 5121 tres
1153 5083 1318 5122 unum
1343 5079 1504 5124 sunt:
1534 5072 1758 5142 spiritus

177 5149 367 5219 utique
407 5153 844 5230 sanctificationis
868 5197 882 5221 ,
910 5163 964 5210 et
1004 5157 1222 5227 sanguis
1254 5159 1657 5230 redemptionis,
1704 5171 1760 5217 et

177 5253 317 5308 aqua
342 5228 714 5309 baptismatis:
746 5260 866 5314 qua:
887 5245 988 5299 tria
1017 5261 1181 5300 unum
1218 5256 1345 5303 sunt
1389 5228 1455 5304 et
1478 5251 1753 5308 individua

177 5341 421 5392 manent,
455 5331 693 5401 nihilque
714 5335 876 5388 etiam
895 5350 923 5388 a
952 5335 1035 5388 sui
1071 5337 1402 5394 connexione
1430 5340 1751 5412 sejungitur,

173 5425 233 5473 et
259 5427 319 5474 ut
342 5419 532 5477 beatus
568 5433 749 5478 cantat
769 5425 1086 5482 Ambrosius
1113 5444 1130 5482 :

271 5556 445 5625 Quinta
469 5561 588 5610 trina
612 5563 780 5625 vigent
800 5564 890 5613 sub
913 5563 1168 5625 majestate
1191 5565 1440 5618 Tonantis.

268 5615 396 5691 Eies
417 5622 580 5691 Pater,
592 5632 646 5691 et
661 5615 894 5691 Verbum,
908 5615 1101 5676 sanctus
1117 5615 1532 5691 quoquespiritus
1548 5645 1719 5685 unum.

267 5680 418 5732 Trin:
438 5680 663 5735 salutaris
681 5690 872 5749 species
883 5680 1064 5752 crucis,
1091 5680 1184 5739 una
1203 5680 1526 5753 redemptrix.

1865 4503 2110 4573 quisquis
2127 4512 2344 4563 terreno
2364 4507 2540 4564 studio
2570 4517 2772 4564 terram
2797 4511 3072 4582 relinquit,
3105 4525 3306 4570 terram
3327 4531 3438 4572 non

1863 4592 2123 4662 relinquit
2152 4593 2246 4650 sed
2271 4597 2517 4666 appetit:
2555 4611 2731 4668 neque
2768 4600 2860 4668 qui
2884 4616 3046 4656 uuam
3079 4619 3301 4660 uxorem
3349 4606 3438 4662 de-

1861 4681 1997 4738 serit
2033 4692 2250 4740 centum
2288 4695 2610 4757 accepturus
2640 4697 2745 4745 est.
2788 4688 2895 4748 Sed
2923 4707 3021 4762 per
3063 4695 3436 4751 centenarium

1859 4789 2148 4831 numerum
2194 4776 2457 4847 perfectio
2508 4779 2822 4851 designatur
2874 4801 2888 4837 :
2934 4793 3215 4854 postquam
3267 4787 3442 4845 etiam-

1859 4864 1969 4918 vita
1999 4873 2200 4920 aeterna
2221 4869 2586 4936 promittitur;
2619 4872 2745 4940 quia
2783 4874 3028 4942 quisquis
3055 4890 3153 4944 pro
3191 4877 3287 4931 Dei
3333 4894 3433 4934 no-

1863 4955 2008 5010 mine
2052 4959 2365 5026 temporalia
2416 4969 2576 5030 atque
2602 4971 2818 5018 terrena
2873 4967 3188 5030 contemnit,
3235 4977 3292 5022 et
3340 4968 3432 5024 hic

1859 5045 2244 5115 perfectionem
2268 5051 2464 5106 mentis
2489 5053 2701 5122 recipit,
2730 5062 2790 5108 ut
2809 5055 2923 5125 jam
2946 5071 3052 5111 non
3074 5066 3292 5128 appetat
3311 5073 3432 5128 qua

1858 5138 2175 5202 contemnit,
2213 5146 2269 5194 et
2315 5139 2372 5194 in
2420 5144 2665 5211 sequenti
2700 5144 2896 5200 saeculo
2941 5145 3010 5200 ad
3048 5147 3172 5201 vitae
3211 5156 3434 5204 aeterna

1854 5227 2082 5298 gloriam
2117 5234 2384 5301 pervenit,
2434 5250 2554 5304 quae
2591 5238 2906 5296 centenario
2947 5253 3193 5305 numero,
3241 5240 3334 5312 qui
3361 5241 3429 5296 de

1855 5319 1986 5376 lteva
2012 5323 2335 5380 transfertur
2357 5326 2411 5380 in
2441 5327 2740 5394 dexteram,
2767 5329 3101 5398 designatur.
3149 5331 3299 5388 Unde
3323 5330 3428 5387 hoc

1855 5410 2142 5481 ferculum,
2189 5416 2276 5470 vel
2319 5417 2434 5472 haec
2461 5433 2667 5485 mensa,
2716 5419 2925 5477 scilicet
2952 5433 3141 5477 sancta
3184 5421 3426 5476 Ecclesia

1856 5502 1923 5556 de
1955 5502 2281 5560 fabricatore
2324 5521 2441 5572 suo,
2489 5523 2620 5563 vero
2657 5509 2910 5567 videlicet
2955 5510 3241 5568 Salomone
3269 5511 3425 5578 dicit,

1855 5591 2009 5648 Lazva
2032 5595 2147 5666 ejus
2177 5597 2272 5651 sub
2299 5600 2466 5668 capite
2501 5618 2636 5666 meo,
2663 5611 2710 5658 et
2735 5605 2950 5660 dextera
2989 5604 3134 5660 illius
3159 5604 3427 5674 amplexa-

1857 5684 1998 5740 bitur
2036 5703 2114 5740 me
2141 5686 2316 5758 (Cant.
2359 5705 2418 5757 ιι,
2451 5690 2527 5762 6).
2581 5691 2685 5749 Per
2713 5693 2900 5752 laevam
2933 5695 3128 5769 quippe
3169 5694 3287 5766 ejus
3315 5696 3425 5754 vita
