  <div class='ocr_page' id='page_1' title='image "/cluster/home/n/w/nwhite01/storage/ocr_20150623/125/hvd.32044015471667/417.png"; bbox 0 0 4006 6338; ppageno 0'>
   <div class='ocr_carea' id='block_1_1' title="bbox 567 375 676 437">
    <p class='ocr_par' dir='ltr' id='par_1_1' title="bbox 567 375 676 437">
     <span class='ocr_line' id='line_1_1' title="bbox 567 375 676 437; baseline -0.009 -1"><span class='ocrx_word' id='word_1_1' title='bbox 567 375 676 437; x_wconf 67' lang='lat'><strong>893</strong></span> 
     </span>
    </p>
   </div>
   <div class='ocr_carea' id='block_1_2' title="bbox 1557 363 2868 427">
    <p class='ocr_par' dir='ltr' id='par_1_2' title="bbox 1557 363 2868 427">
     <span class='ocr_line' id='line_1_2' title="bbox 1557 363 2868 427; baseline -0.003 0"><span class='ocrx_word' id='word_1_2' title='bbox 1557 367 1887 427; x_wconf 82' lang='lat' dir='ltr'><strong>IllNCMARI</strong></span> <span class='ocrx_word' id='word_1_3' title='bbox 1926 363 2317 423; x_wconf 78' lang='lat' dir='ltr'><strong>RlIEMENSlS</strong></span> <span class='ocrx_word' id='word_1_4' title='bbox 2355 363 2868 426; x_wconf 78' lang='lat' dir='ltr'><strong>ARCHIEPISCOPI</strong></span> 
     </span>
    </p>
   </div>
   <div class='ocr_carea' id='block_1_3' title="bbox 3715 369 3810 432">
    <p class='ocr_par' dir='ltr' id='par_1_3' title="bbox 3715 369 3810 432">
     <span class='ocr_line' id='line_1_3' title="bbox 3715 369 3810 432; baseline 0 -4"><span class='ocrx_word' id='word_1_5' title='bbox 3715 369 3810 432; x_wconf 64' lang='lat'><strong>824</strong></span> 
     </span>
    </p>
   </div>
   <div class='ocr_carea' id='block_1_4' title="bbox 565 481 3810 568">
    <p class='ocr_par' dir='ltr' id='par_1_4' title="bbox 565 481 3810 568">
     <span class='ocr_line' id='line_1_4' title="bbox 565 481 3810 568; baseline -0.002 -18"><span class='ocrx_word' id='word_1_6' title='bbox 565 510 826 568; x_wconf 66' lang='lat' dir='ltr'><strong>praesens,</strong></span> <span class='ocrx_word' id='word_1_7' title='bbox 871 501 928 550; x_wconf 93' lang='lat' dir='ltr'><strong>et</strong></span> <span class='ocrx_word' id='word_1_8' title='bbox 956 499 1296 550; x_wconf 86' lang='lat' dir='ltr'><strong>sacramenta</strong></span> <span class='ocrx_word' id='word_1_9' title='bbox 1325 489 1712 547; x_wconf 77' lang='lat' dir='ltr'><strong>incarnationis</strong></span> <span class='ocrx_word' id='word_1_10' title='bbox 1748 488 1884 559; x_wconf 86' lang='lat' dir='ltr'><strong>ejus,</strong></span> <span class='ocrx_word' id='word_1_11' title='bbox 1922 495 1978 542; x_wconf 92' lang='lat' dir='ltr'><strong>et</strong></span> <span class='ocrx_word' id='word_1_12' title='bbox 2006 501 2143 556; x_wconf 70' lang='grc' dir='ltr'><strong>βιω-</strong></span> <span class='ocrx_word' id='word_1_13' title='bbox 2173 486 2373 547; x_wconf 82' lang='lat' dir='ltr'><strong>Adam</strong></span> <span class='ocrx_word' id='word_1_14' title='bbox 2418 501 2578 555; x_wconf 89' lang='lat' dir='ltr'><strong>quam</strong></span> <span class='ocrx_word' id='word_1_15' title='bbox 2622 485 2954 556; x_wconf 83' lang='lat' dir='ltr'><strong>perdidimus</strong></span> <span class='ocrx_word' id='word_1_16' title='bbox 3003 481 3189 538; x_wconf 86' lang='lat' dir='ltr'><strong>vitam.</strong></span> <span class='ocrx_word' id='word_1_17' title='bbox 3227 481 3330 552; x_wconf 92' lang='lat' dir='ltr'><strong>Qui</strong></span> <span class='ocrx_word' id='word_1_18' title='bbox 3375 482 3530 555; x_wconf 80' lang='lat' dir='ltr'><strong>juxta</strong></span> <span class='ocrx_word' id='word_1_19' title='bbox 3581 485 3810 558; x_wconf 84' lang='lat' dir='ltr'><strong>Symboli</strong></span> 
     </span>
    </p>
   </div>
   <div class='ocr_carea' id='block_1_5' title="bbox 567 585 2144 659">
    <p class='ocr_par' dir='ltr' id='par_1_5' title="bbox 567 585 2144 659">
     <span class='ocr_line' id='line_1_5' title="bbox 567 585 2144 659; baseline -0.007 -14"><span class='ocrx_word' id='word_1_20' title='bbox 567 589 754 644; x_wconf 70' lang='lat' dir='ltr'><strong>sentite</strong></span> <span class='ocrx_word' id='word_1_21' title='bbox 795 588 962 659; x_wconf 91' lang='lat' dir='ltr'><strong>ipsius</strong></span> <span class='ocrx_word' id='word_1_22' title='bbox 1006 587 1145 643; x_wconf 89' lang='lat' dir='ltr'><strong>dona</strong></span> <span class='ocrx_word' id='word_1_23' title='bbox 1183 586 1471 656; x_wconf 89' lang='lat' dir='ltr'><strong>signantur</strong></span> <span class='ocrx_word' id='word_1_24' title='bbox 1519 602 1534 638; x_wconf 86' lang='lat'><strong>:</strong></span> <span class='ocrx_word' id='word_1_25' title='bbox 1575 597 1671 653; x_wconf 89' lang='lat' dir='ltr'><strong>per</strong></span> <span class='ocrx_word' id='word_1_26' title='bbox 1705 585 1984 638; x_wconf 75' lang='lat' dir='ltr'><strong>dexteram</strong></span> <span class='ocrx_word' id='word_1_27' title='bbox 2016 594 2144 634; x_wconf 90' lang='lat' dir='ltr'><strong>vero</strong></span> 
     </span>
    </p>
   </div>
   <div class='ocr_carea' id='block_1_6' title="bbox 566 672 2146 746">
    <p class='ocr_par' dir='ltr' id='par_1_6' title="bbox 566 672 2146 746">
     <span class='ocr_line' id='line_1_6' title="bbox 566 672 2146 746; baseline -0.005 -12"><span class='ocrx_word' id='word_1_28' title='bbox 566 680 681 736; x_wconf 86' lang='lat' dir='ltr'><strong>vita</strong></span> <span class='ocrx_word' id='word_1_29' title='bbox 709 679 910 745; x_wconf 77' lang='lat' dir='ltr'><strong>futura,</strong></span> <span class='ocrx_word' id='word_1_30' title='bbox 963 688 1020 734; x_wconf 92' lang='lat' dir='ltr'><strong>ct</strong></span> <span class='ocrx_word' id='word_1_31' title='bbox 1059 693 1121 733; x_wconf 91' lang='lat' dir='ltr'><strong>ea</strong></span> <span class='ocrx_word' id='word_1_32' title='bbox 1167 693 1287 746; x_wconf 75' lang='lat' dir='ltr'><strong>quae</strong></span> <span class='ocrx_word' id='word_1_33' title='bbox 1332 677 1387 730; x_wconf 94' lang='lat' dir='ltr'><strong>in</strong></span> <span class='ocrx_word' id='word_1_34' title='bbox 1430 675 1614 731; x_wconf 79' lang='lat' dir='ltr'><strong>futuro</strong></span> <span class='ocrx_word' id='word_1_35' title='bbox 1656 675 1958 744; x_wconf 76' lang='lat' dir='ltr'><strong>percipient</strong></span> <span class='ocrx_word' id='word_1_36' title='bbox 1988 672 2146 728; x_wconf 91' lang='lat' dir='ltr'><strong>electi</strong></span> 
     </span>
    </p>
   </div>
   <div class='ocr_carea' id='block_1_7' title="bbox 566 764 2146 840">
    <p class='ocr_par' dir='ltr' id='par_1_7' title="bbox 566 764 2146 840">
     <span class='ocr_line' id='line_1_7' title="bbox 566 764 2146 840; baseline -0.006 -15"><span class='ocrx_word' id='word_1_37' title='bbox 566 769 790 840; x_wconf 63' lang='lat' dir='ltr'><strong>praemia</strong></span> <span class='ocrx_word' id='word_1_38' title='bbox 814 769 1129 840; x_wconf 87' lang='lat' dir='ltr'><strong>ﬁgurantur.</strong></span> <span class='ocrx_word' id='word_1_39' title='bbox 1157 768 1212 822; x_wconf 90' lang='lat' dir='ltr'><strong>ln</strong></span> <span class='ocrx_word' id='word_1_40' title='bbox 1238 767 1433 836; x_wconf 84' lang='lat' dir='ltr'><strong>quibus</strong></span> <span class='ocrx_word' id='word_1_41' title='bbox 1458 783 1567 822; x_wconf 91' lang='lat' dir='ltr'><strong>non</strong></span> <span class='ocrx_word' id='word_1_42' title='bbox 1585 766 1758 820; x_wconf 90' lang='lat' dir='ltr'><strong>solum</strong></span> <span class='ocrx_word' id='word_1_43' title='bbox 1788 765 1924 819; x_wconf 91' lang='lat' dir='ltr'><strong>visio</strong></span> <span class='ocrx_word' id='word_1_44' title='bbox 1951 764 2146 818; x_wconf 80' lang='lat' dir='ltr'><strong>divinae</strong></span> 
     </span>
    </p>
   </div>
   <div class='ocr_carea' id='block_1_8' title="bbox 566 850 2145 925">
    <p class='ocr_par' dir='ltr' id='par_1_8' title="bbox 566 850 2145 925">
     <span class='ocr_line' id='line_1_8' title="bbox 566 850 2145 925; baseline -0.005 -14"><span class='ocrx_word' id='word_1_45' title='bbox 566 855 891 925; x_wconf 82' lang='lat' dir='ltr'><strong>majestatis,</strong></span> <span class='ocrx_word' id='word_1_46' title='bbox 921 854 1014 909; x_wconf 92' lang='lat' dir='ltr'><strong>sed</strong></span> <span class='ocrx_word' id='word_1_47' title='bbox 1039 862 1094 908; x_wconf 93' lang='lat' dir='ltr'><strong>et</strong></span> <span class='ocrx_word' id='word_1_48' title='bbox 1126 853 1298 922; x_wconf 79' lang='lat' dir='ltr'><strong>gloria</strong></span> <span class='ocrx_word' id='word_1_49' title='bbox 1319 861 1402 908; x_wconf 84' lang='lat' dir='ltr'><strong>est</strong></span> <span class='ocrx_word' id='word_1_50' title='bbox 1430 851 1744 908; x_wconf 76' lang='lat' dir='ltr'><strong>clariﬁcatas</strong></span> <span class='ocrx_word' id='word_1_51' title='bbox 1775 850 2145 914; x_wconf 85' lang='lat' dir='ltr'><strong>humanitatis,</strong></span> 
     </span>
    </p>
   </div>
   <div class='ocr_carea' id='block_1_9' title="bbox 567 941 2146 1014">
    <p class='ocr_par' dir='ltr' id='par_1_9' title="bbox 567 941 2146 1014">
     <span class='ocr_line' id='line_1_9' title="bbox 567 941 2146 1014; baseline -0.003 -13"><span class='ocrx_word' id='word_1_52' title='bbox 567 947 730 1002; x_wconf 90' lang='lat' dir='ltr'><strong>unius</strong></span> <span class='ocrx_word' id='word_1_53' title='bbox 753 945 1100 1014; x_wconf 84' lang='lat' dir='ltr'><strong>ejusdemque</strong></span> <span class='ocrx_word' id='word_1_54' title='bbox 1125 944 1433 999; x_wconf 85' lang='lat' dir='ltr'><strong>Mediatoris</strong></span> <span class='ocrx_word' id='word_1_55' title='bbox 1460 945 1555 999; x_wconf 88' lang='lat' dir='ltr'><strong>Dei</strong></span> <span class='ocrx_word' id='word_1_56' title='bbox 1585 953 1642 999; x_wconf 87' lang='lat' dir='ltr'><strong>et</strong></span> <span class='ocrx_word' id='word_1_57' title='bbox 1662 943 1960 998; x_wconf 85' lang='lat' dir='ltr'><strong>hominum.</strong></span> <span class='ocrx_word' id='word_1_58' title='bbox 1992 941 2146 998; x_wconf 89' lang='lat' dir='ltr'><strong>Unde</strong></span> 
     </span>
    </p>
   </div>
   <div class='ocr_carea' id='block_1_10' title="bbox 565 1031 2148 1105">
    <p class='ocr_par' dir='ltr' id='par_1_10' title="bbox 565 1031 2148 1105">
     <span class='ocr_line' id='line_1_10' title="bbox 565 1031 2148 1105; baseline -0.006 -13"><span class='ocrx_word' id='word_1_59' title='bbox 565 1038 704 1092; x_wconf 85' lang='lat' dir='ltr'><strong>bene</strong></span> <span class='ocrx_word' id='word_1_60' title='bbox 724 1035 914 1092; x_wconf 70' lang='lat' dir='ltr'><strong>laevam</strong></span> <span class='ocrx_word' id='word_1_61' title='bbox 941 1034 1056 1103; x_wconf 88' lang='lat' dir='ltr'><strong>ejus</strong></span> <span class='ocrx_word' id='word_1_62' title='bbox 1099 1049 1296 1105; x_wconf 89' lang='lat' dir='ltr'><strong>sponsa</strong></span> <span class='ocrx_word' id='word_1_63' title='bbox 1323 1034 1424 1089; x_wconf 90' lang='lat' dir='ltr'><strong>sub</strong></span> <span class='ocrx_word' id='word_1_64' title='bbox 1454 1034 1632 1104; x_wconf 89' lang='lat' dir='ltr'><strong>capite</strong></span> <span class='ocrx_word' id='word_1_65' title='bbox 1657 1049 1758 1088; x_wconf 91' lang='lat' dir='ltr'><strong>suo</strong></span> <span class='ocrx_word' id='word_1_66' title='bbox 1783 1032 1930 1102; x_wconf 89' lang='lat' dir='ltr'><strong>poni,</strong></span> <span class='ocrx_word' id='word_1_67' title='bbox 1962 1031 2148 1086; x_wconf 83' lang='lat' dir='ltr'><strong>dexte-</strong></span> 
     </span>
    </p>
   </div>
   <div class='ocr_carea' id='block_1_11' title="bbox 563 1126 2148 1196">
    <p class='ocr_par' dir='ltr' id='par_1_11' title="bbox 563 1126 2148 1196">
     <span class='ocr_line' id='line_1_11' title="bbox 563 1126 2148 1196; baseline -0.004 -12"><span class='ocrx_word' id='word_1_68' title='bbox 563 1145 685 1184; x_wconf 85' lang='lat' dir='ltr'><strong>ram</strong></span> <span class='ocrx_word' id='word_1_69' title='bbox 715 1138 897 1184; x_wconf 90' lang='lat' dir='ltr'><strong>autem</strong></span> <span class='ocrx_word' id='word_1_70' title='bbox 925 1143 982 1183; x_wconf 89' lang='lat' dir='ltr'><strong>se</strong></span> <span class='ocrx_word' id='word_1_71' title='bbox 1010 1127 1155 1182; x_wconf 90' lang='lat' dir='ltr'><strong>illius</strong></span> <span class='ocrx_word' id='word_1_72' title='bbox 1177 1127 1472 1196; x_wconf 81' lang='lat' dir='ltr'><strong>amplexari</strong></span> <span class='ocrx_word' id='word_1_73' title='bbox 1494 1126 1787 1191; x_wconf 86' lang='lat' dir='ltr'><strong>desiderat,</strong></span> <span class='ocrx_word' id='word_1_74' title='bbox 1813 1133 1873 1179; x_wconf 90' lang='lat' dir='ltr'><strong>ut</strong></span> <span class='ocrx_word' id='word_1_75' title='bbox 1911 1134 1968 1178; x_wconf 89' lang='lat' dir='ltr'><strong>et</strong></span> <span class='ocrx_word' id='word_1_76' title='bbox 2005 1139 2148 1178; x_wconf 92' lang='lat' dir='ltr'><strong>nunc</strong></span> 
     </span>
    </p>
   </div>
   <div class='ocr_carea' id='block_1_12' title="bbox 561 1218 2148 1293">
    <p class='ocr_par' dir='ltr' id='par_1_12' title="bbox 561 1218 2148 1293">
     <span class='ocr_line' id='line_1_12' title="bbox 561 1218 2148 1293; baseline -0.003 -17"><span class='ocrx_word' id='word_1_77' title='bbox 561 1236 664 1293; x_wconf 89' lang='lat' dir='ltr'><strong>per</strong></span> <span class='ocrx_word' id='word_1_78' title='bbox 701 1221 1015 1292; x_wconf 87' lang='lat' dir='ltr'><strong>temporalia</strong></span> <span class='ocrx_word' id='word_1_79' title='bbox 1041 1220 1211 1290; x_wconf 89' lang='lat' dir='ltr'><strong>ipsius</strong></span> <span class='ocrx_word' id='word_1_80' title='bbox 1236 1219 1473 1275; x_wconf 88' lang='lat' dir='ltr'><strong>subsidia</strong></span> <span class='ocrx_word' id='word_1_81' title='bbox 1503 1235 1535 1274; x_wconf 91' lang='lat' dir='ltr'><strong>a</strong></span> <span class='ocrx_word' id='word_1_82' title='bbox 1564 1219 1751 1275; x_wconf 88' lang='lat' dir='ltr'><strong>mundi</strong></span> <span class='ocrx_word' id='word_1_83' title='bbox 1787 1218 2148 1289; x_wconf 86' lang='lat' dir='ltr'><strong>perturbatio-</strong></span> 
     </span>
    </p>
   </div>
   <div class='ocr_carea' id='block_1_13' title="bbox 561 1309 2149 1380">
    <p class='ocr_par' dir='ltr' id='par_1_13' title="bbox 561 1309 2149 1380">
     <span class='ocr_line' id='line_1_13' title="bbox 561 1309 2149 1380; baseline -0.003 -14"><span class='ocrx_word' id='word_1_84' title='bbox 561 1310 725 1366; x_wconf 88' lang='lat' dir='ltr'><strong>nibus</strong></span> <span class='ocrx_word' id='word_1_85' title='bbox 755 1311 1020 1380; x_wconf 90' lang='lat' dir='ltr'><strong>quiescat,</strong></span> <span class='ocrx_word' id='word_1_86' title='bbox 1050 1319 1106 1364; x_wconf 91' lang='lat' dir='ltr'><strong>et</strong></span> <span class='ocrx_word' id='word_1_87' title='bbox 1129 1320 1255 1366; x_wconf 91' lang='lat' dir='ltr'><strong>tunc</strong></span> <span class='ocrx_word' id='word_1_88' title='bbox 1285 1309 1570 1364; x_wconf 78' lang='lat' dir='ltr'><strong>manifesta</strong></span> <span class='ocrx_word' id='word_1_89' title='bbox 1598 1310 1768 1380; x_wconf 91' lang='lat' dir='ltr'><strong>ipsius</strong></span> <span class='ocrx_word' id='word_1_90' title='bbox 1796 1309 2003 1364; x_wconf 85' lang='lat' dir='ltr'><strong>visione</strong></span> <span class='ocrx_word' id='word_1_91' title='bbox 2031 1323 2149 1378; x_wconf 88' lang='lat' dir='ltr'><strong>per-</strong></span> 
     </span>
    </p>
   </div>
   <div class='ocr_carea' id='block_1_14' title="bbox 561 1399 2147 1472">
    <p class='ocr_par' dir='ltr' id='par_1_14' title="bbox 561 1399 2147 1472">
     <span class='ocr_line' id='line_1_14' title="bbox 561 1399 2147 1472; baseline 0 -18"><span class='ocrx_word' id='word_1_92' title='bbox 561 1407 730 1472; x_wconf 85' lang='lat' dir='ltr'><strong>petuo</strong></span> <span class='ocrx_word' id='word_1_93' title='bbox 756 1399 985 1454; x_wconf 83' lang='lat' dir='ltr'><strong>fruatur.</strong></span> <span class='ocrx_word' id='word_1_94' title='bbox 1003 1399 1288 1455; x_wconf 63' lang='lat' dir='ltr'><strong>Eternam</strong></span> <span class='ocrx_word' id='word_1_95' title='bbox 1303 1401 1552 1470; x_wconf 85' lang='lat' dir='ltr'><strong>equidem</strong></span> <span class='ocrx_word' id='word_1_96' title='bbox 1577 1410 1888 1456; x_wconf 89' lang='lat' dir='ltr'><strong>sanctorum</strong></span> <span class='ocrx_word' id='word_1_97' title='bbox 1905 1400 2147 1470; x_wconf 85' lang='lat' dir='ltr'><strong>requiem</strong></span> 
     </span>
    </p>
   </div>
   <div class='ocr_carea' id='block_1_15' title="bbox 563 1489 2146 1560">
    <p class='ocr_par' dir='ltr' id='par_1_15' title="bbox 563 1489 2146 1560">
     <span class='ocr_line' id='line_1_15' title="bbox 563 1489 2146 1560; baseline -0.001 -16"><span class='ocrx_word' id='word_1_98' title='bbox 563 1489 743 1546; x_wconf 88' lang='lat' dir='ltr'><strong>nullus</strong></span> <span class='ocrx_word' id='word_1_99' title='bbox 771 1505 1009 1560; x_wconf 86' lang='lat' dir='ltr'><strong>unquam</strong></span> <span class='ocrx_word' id='word_1_100' title='bbox 1054 1491 1211 1546; x_wconf 91' lang='lat' dir='ltr'><strong>turbo</strong></span> <span class='ocrx_word' id='word_1_101' title='bbox 1242 1489 1547 1560; x_wconf 88' lang='lat' dir='ltr'><strong>interpolat.</strong></span> <span class='ocrx_word' id='word_1_102' title='bbox 1584 1490 1739 1546; x_wconf 91' lang='lat' dir='ltr'><strong>Unde</strong></span> <span class='ocrx_word' id='word_1_103' title='bbox 1762 1501 1817 1544; x_wconf 85' lang='lat' dir='ltr'><strong>et</strong></span> <span class='ocrx_word' id='word_1_104' title='bbox 1867 1490 2012 1546; x_wconf 84' lang='lat' dir='ltr'><strong>recte</strong></span> <span class='ocrx_word' id='word_1_105' title='bbox 2063 1490 2146 1544; x_wconf 89' lang='lat' dir='ltr'><strong>di-</strong></span> 
     </span>
    </p>
   </div>
   <div class='ocr_carea' id='block_1_16' title="bbox 563 1579 2148 1651">
    <p class='ocr_par' dir='ltr' id='par_1_16' title="bbox 563 1579 2148 1651">
     <span class='ocr_line' id='line_1_16' title="bbox 563 1579 2148 1651; baseline 0.001 -17"><span class='ocrx_word' id='word_1_106' title='bbox 563 1579 726 1646; x_wconf 87' lang='lat' dir='ltr'><strong>citur,</strong></span> <span class='ocrx_word' id='word_1_107' title='bbox 760 1579 988 1634; x_wconf 77' lang='lat' dir='ltr'><strong>Dextera</strong></span> <span class='ocrx_word' id='word_1_108' title='bbox 1013 1580 1158 1635; x_wconf 82' lang='lat' dir='ltr'><strong>illius</strong></span> <span class='ocrx_word' id='word_1_109' title='bbox 1192 1581 1578 1651; x_wconf 75' lang='lat' dir='ltr'><strong>amplexabitur</strong></span> <span class='ocrx_word' id='word_1_110' title='bbox 1603 1599 1702 1636; x_wconf 89' lang='lat' dir='ltr'><strong>me.</strong></span> <span class='ocrx_word' id='word_1_111' title='bbox 1732 1581 1868 1649; x_wconf 87' lang='lat' dir='ltr'><strong>Quia</strong></span> <span class='ocrx_word' id='word_1_112' title='bbox 1893 1582 2148 1636; x_wconf 89' lang='lat' dir='ltr'><strong>nimirum</strong></span> 
     </span>
    </p>
   </div>
   <div class='ocr_carea' id='block_1_17' title="bbox 563 1669 2149 1744">
    <p class='ocr_par' dir='ltr' id='par_1_17' title="bbox 563 1669 2149 1744">
     <span class='ocr_line' id='line_1_17' title="bbox 563 1669 2149 1744; baseline 0.001 -20"><span class='ocrx_word' id='word_1_113' title='bbox 563 1669 760 1726; x_wconf 76' lang='lat' dir='ltr'><strong>divina:</strong></span> <span class='ocrx_word' id='word_1_114' title='bbox 798 1671 1085 1741; x_wconf 77' lang='lat' dir='ltr'><strong>przesentia</strong></span> <span class='ocrx_word' id='word_1_115' title='bbox 1142 1672 1442 1743; x_wconf 86' lang='lat' dir='ltr'><strong>majestatis</strong></span> <span class='ocrx_word' id='word_1_116' title='bbox 1470 1674 1706 1744; x_wconf 90' lang='lat' dir='ltr'><strong>undique</strong></span> <span class='ocrx_word' id='word_1_117' title='bbox 1763 1688 1889 1728; x_wconf 92' lang='lat' dir='ltr'><strong>suos</strong></span> <span class='ocrx_word' id='word_1_118' title='bbox 1939 1671 2149 1728; x_wconf 75' lang='lat' dir='ltr'><strong>ccelesti</strong></span> 
     </span>
    </p>
   </div>
   <div class='ocr_carea' id='block_1_18' title="bbox 538 1759 2150 1834">
    <p class='ocr_par' dir='ltr' id='par_1_18' title="bbox 538 1759 2150 1834">
     <span class='ocr_line' id='line_1_18' title="bbox 538 1759 2150 1834; baseline 0.004 -20"><span class='ocrx_word' id='word_1_119' title='bbox 538 1759 618 1814; x_wconf 81' lang='lat' dir='ltr'><strong>~in</strong></span> <span class='ocrx_word' id='word_1_120' title='bbox 668 1776 836 1832; x_wconf 89' lang='lat' dir='ltr'><strong>regno</strong></span> <span class='ocrx_word' id='word_1_121' title='bbox 879 1763 1252 1832; x_wconf 88' lang='lat' dir='ltr'><strong>circumteget,</strong></span> <span class='ocrx_word' id='word_1_122' title='bbox 1285 1779 1353 1818; x_wconf 89' lang='lat' dir='ltr'><strong>ne</strong></span> <span class='ocrx_word' id='word_1_123' title='bbox 1399 1764 1634 1834; x_wconf 82' lang='lat' dir='ltr'><strong>aliquam</strong></span> <span class='ocrx_word' id='word_1_124' title='bbox 1682 1764 2000 1820; x_wconf 85' lang='lat' dir='ltr'><strong>felicitatem</strong></span> <span class='ocrx_word' id='word_1_125' title='bbox 2039 1766 2150 1820; x_wconf 91' lang='lat' dir='ltr'><strong>Deo</strong></span> 
     </span>
    </p>
   </div>
   <div class='ocr_carea' id='block_1_19' title="bbox 2247 571 3815 644">
    <p class='ocr_par' dir='ltr' id='par_1_19' title="bbox 2247 571 3815 644">
     <span class='ocr_line' id='line_1_19' title="bbox 2247 571 3815 644; baseline 0.001 -14"><span class='ocrx_word' id='word_1_126' title='bbox 2247 576 2530 630; x_wconf 83' lang='lat' dir='ltr'><strong>veritatem</strong></span> <span class='ocrx_word' id='word_1_127' title='bbox 2552 583 2845 644; x_wconf 89' lang='lat' dir='ltr'><strong>conceptus</strong></span> <span class='ocrx_word' id='word_1_128' title='bbox 2875 574 2941 628; x_wconf 91' lang='lat' dir='ltr'><strong>de</strong></span> <span class='ocrx_word' id='word_1_129' title='bbox 2963 571 3164 642; x_wconf 88' lang='lat' dir='ltr'><strong>Spiritu</strong></span> <span class='ocrx_word' id='word_1_130' title='bbox 3188 581 3397 637; x_wconf 87' lang='lat' dir='ltr'><strong>sancto,</strong></span> <span class='ocrx_word' id='word_1_131' title='bbox 3428 583 3590 630; x_wconf 89' lang='lat' dir='ltr'><strong>natus</strong></span> <span class='ocrx_word' id='word_1_132' title='bbox 3609 591 3678 630; x_wconf 75' lang='lat' dir='ltr'><strong>ex</strong></span> <span class='ocrx_word' id='word_1_133' title='bbox 3709 577 3815 632; x_wconf 60' lang='lat' dir='ltr'><strong>bia-</strong></span> 
     </span>
    </p>
   </div>
   <div class='ocr_carea' id='block_1_20' title="bbox 2251 667 3810 739">
    <p class='ocr_par' dir='ltr' id='par_1_20' title="bbox 2251 667 3810 739">
     <span class='ocr_line' id='line_1_20' title="bbox 2251 667 3810 739; baseline 0.003 -17"><span class='ocrx_word' id='word_1_134' title='bbox 2251 669 2330 722; x_wconf 91' lang='lat' dir='ltr'><strong>ria</strong></span> <span class='ocrx_word' id='word_1_135' title='bbox 2355 667 2594 738; x_wconf 78' lang='lat' dir='ltr'><strong>Virgine,</strong></span> <span class='ocrx_word' id='word_1_136' title='bbox 2636 667 2832 722; x_wconf 89' lang='lat' dir='ltr'><strong>ancilla</strong></span> <span class='ocrx_word' id='word_1_137' title='bbox 2874 667 3043 737; x_wconf 91' lang='lat' dir='ltr'><strong>ipsius</strong></span> <span class='ocrx_word' id='word_1_138' title='bbox 3071 667 3307 722; x_wconf 83' lang='lat' dir='ltr'><strong>hominis</strong></span> <span class='ocrx_word' id='word_1_139' title='bbox 3334 682 3432 738; x_wconf 87' lang='lat' dir='ltr'><strong>per</strong></span> <span class='ocrx_word' id='word_1_140' title='bbox 3456 669 3810 739; x_wconf 79' lang='lat' dir='ltr'><strong>divinitatem,</strong></span> 
     </span>
    </p>
   </div>
   <div class='ocr_carea' id='block_1_21' title="bbox 2249 745 3816 830">
    <p class='ocr_par' dir='ltr' id='par_1_21' title="bbox 2249 745 3816 830">
     <span class='ocr_line' id='line_1_21' title="bbox 2249 745 3816 830; baseline 0.004 -18"><span class='ocrx_word' id='word_1_141' title='bbox 2249 767 2304 812; x_wconf 92' lang='lat' dir='ltr'><strong>et</strong></span> <span class='ocrx_word' id='word_1_142' title='bbox 2339 745 2512 812; x_wconf 88' lang='lat' dir='ltr'><strong>matre</strong></span> <span class='ocrx_word' id='word_1_143' title='bbox 2543 757 2705 812; x_wconf 87' lang='lat' dir='ltr'><strong>Verbi</strong></span> <span class='ocrx_word' id='word_1_144' title='bbox 2736 773 2832 827; x_wconf 89' lang='lat' dir='ltr'><strong>per</strong></span> <span class='ocrx_word' id='word_1_145' title='bbox 2869 773 3087 813; x_wconf 87' lang='lat' dir='ltr'><strong>carnem</strong></span> <span class='ocrx_word' id='word_1_146' title='bbox 3129 776 3142 811; x_wconf 94' lang='lat'>:</span> <span class='ocrx_word' id='word_1_147' title='bbox 3197 775 3322 812; x_wconf 91' lang='lat' dir='ltr'><strong>nam</strong></span> <span class='ocrx_word' id='word_1_148' title='bbox 3353 767 3649 830; x_wconf 88' lang='lat' dir='ltr'><strong>utrumque</strong></span> <span class='ocrx_word' id='word_1_149' title='bbox 3678 761 3816 818; x_wconf 81' lang='lat' dir='ltr'><strong>illam</strong></span> 
     </span>
    </p>
   </div>
   <div class='ocr_carea' id='block_1_22' title="bbox 2249 850 3816 923">
    <p class='ocr_par' dir='ltr' id='par_1_22' title="bbox 2249 850 3816 923">
     <span class='ocr_line' id='line_1_22' title="bbox 2249 850 3816 923; baseline 0.001 -17"><span class='ocrx_word' id='word_1_150' title='bbox 2249 860 2304 906; x_wconf 91' lang='lat' dir='ltr'><strong>et</strong></span> <span class='ocrx_word' id='word_1_151' title='bbox 2333 852 2580 906; x_wconf 88' lang='lat' dir='ltr'><strong>ancillam</strong></span> <span class='ocrx_word' id='word_1_152' title='bbox 2615 860 2672 906; x_wconf 86' lang='lat' dir='ltr'><strong>et</strong></span> <span class='ocrx_word' id='word_1_153' title='bbox 2695 859 2922 905; x_wconf 89' lang='lat' dir='ltr'><strong>matrem</strong></span> <span class='ocrx_word' id='word_1_154' title='bbox 2952 866 3071 906; x_wconf 87' lang='lat' dir='ltr'><strong>esse</strong></span> <span class='ocrx_word' id='word_1_155' title='bbox 3101 850 3314 906; x_wconf 91' lang='lat' dir='ltr'><strong>Domini</strong></span> <span class='ocrx_word' id='word_1_156' title='bbox 3355 852 3558 907; x_wconf 84' lang='lat' dir='ltr'><strong>veritas</strong></span> <span class='ocrx_word' id='word_1_157' title='bbox 3582 852 3816 923; x_wconf 78' lang='lat' dir='ltr'><strong>Evange-</strong></span> 
     </span>
    </p>
   </div>
   <div class='ocr_carea' id='block_1_23' title="bbox 2249 940 3819 1010">
    <p class='ocr_par' dir='ltr' id='par_1_23' title="bbox 2249 940 3819 1010">
     <span class='ocr_line' id='line_1_23' title="bbox 2249 940 3819 1010; baseline 0.001 -14"><span class='ocrx_word' id='word_1_158' title='bbox 2249 942 2326 1006; x_wconf 91' lang='lat' dir='ltr'><strong>lii,</strong></span> <span class='ocrx_word' id='word_1_159' title='bbox 2356 940 2592 1010; x_wconf 89' lang='lat' dir='ltr'><strong>ejusdem</strong></span> <span class='ocrx_word' id='word_1_160' title='bbox 2619 953 2676 996; x_wconf 90' lang='lat' dir='ltr'><strong>et</strong></span> <span class='ocrx_word' id='word_1_161' title='bbox 2695 940 2972 996; x_wconf 87' lang='lat' dir='ltr'><strong>Elisabeth</strong></span> <span class='ocrx_word' id='word_1_162' title='bbox 3000 957 3135 998; x_wconf 89' lang='lat' dir='ltr'><strong>voce</strong></span> <span class='ocrx_word' id='word_1_163' title='bbox 3157 943 3498 998; x_wconf 88' lang='lat' dir='ltr'><strong>demonstrat</strong></span> <span class='ocrx_word' id='word_1_164' title='bbox 3525 961 3537 996; x_wconf 93' lang='lat'><strong>:</strong></span> <span class='ocrx_word' id='word_1_165' title='bbox 3573 957 3677 996; x_wconf 87' lang='lat' dir='ltr'><strong>nec</strong></span> <span class='ocrx_word' id='word_1_166' title='bbox 3695 943 3819 998; x_wconf 85' lang='lat' dir='ltr'><strong>alte-</strong></span> 
     </span>
    </p>
   </div>
   <div class='ocr_carea' id='block_1_24' title="bbox 2250 1031 3817 1102">
    <p class='ocr_par' dir='ltr' id='par_1_24' title="bbox 2250 1031 3817 1102">
     <span class='ocr_line' id='line_1_24' title="bbox 2250 1031 3817 1102; baseline 0.001 -16"><span class='ocrx_word' id='word_1_167' title='bbox 2250 1032 2366 1086; x_wconf 90' lang='lat' dir='ltr'><strong>rius</strong></span> <span class='ocrx_word' id='word_1_168' title='bbox 2403 1031 2679 1096; x_wconf 86' lang='lat' dir='ltr'><strong>ancillam,</strong></span> <span class='ocrx_word' id='word_1_169' title='bbox 2723 1031 2948 1087; x_wconf 92' lang='lat' dir='ltr'><strong>alterins</strong></span> <span class='ocrx_word' id='word_1_170' title='bbox 2985 1040 3237 1098; x_wconf 87' lang='lat' dir='ltr'><strong>matrem,</strong></span> <span class='ocrx_word' id='word_1_171' title='bbox 3273 1033 3399 1102; x_wconf 83' lang='lat' dir='ltr'><strong>quia</strong></span> <span class='ocrx_word' id='word_1_172' title='bbox 3446 1047 3554 1086; x_wconf 91' lang='lat' dir='ltr'><strong>non</strong></span> <span class='ocrx_word' id='word_1_173' title='bbox 3585 1033 3732 1102; x_wconf 86' lang='lat' dir='ltr'><strong>prius</strong></span> <span class='ocrx_word' id='word_1_174' title='bbox 3769 1033 3817 1087; x_wconf 90' lang='lat' dir='ltr'><strong>in</strong></span> 
     </span>
    </p>
   </div>
   <div class='ocr_carea' id='block_1_25' title="bbox 2249 1123 3824 1195">
    <p class='ocr_par' dir='ltr' id='par_1_25' title="bbox 2249 1123 3824 1195">
     <span class='ocr_line' id='line_1_25' title="bbox 2249 1123 3824 1195; baseline -0.001 -17"><span class='ocrx_word' id='word_1_175' title='bbox 2249 1134 2407 1180; x_wconf 90' lang='lat' dir='ltr'><strong>utero</strong></span> <span class='ocrx_word' id='word_1_176' title='bbox 2443 1124 2667 1195; x_wconf 76' lang='lat' dir='ltr'><strong>virginis</strong></span> <span class='ocrx_word' id='word_1_177' title='bbox 2705 1139 2833 1179; x_wconf 91' lang='lat' dir='ltr'><strong>caro</strong></span> <span class='ocrx_word' id='word_1_178' title='bbox 2857 1132 3117 1192; x_wconf 90' lang='lat' dir='ltr'><strong>concepta</strong></span> <span class='ocrx_word' id='word_1_179' title='bbox 3139 1132 3241 1187; x_wconf 92' lang='lat' dir='ltr'><strong>est,</strong></span> <span class='ocrx_word' id='word_1_180' title='bbox 3271 1135 3327 1178; x_wconf 90' lang='lat' dir='ltr'><strong>et</strong></span> <span class='ocrx_word' id='word_1_181' title='bbox 3357 1123 3703 1194; x_wconf 85' lang='lat' dir='ltr'><strong>postmodum</strong></span> <span class='ocrx_word' id='word_1_182' title='bbox 3743 1123 3824 1177; x_wconf 78' lang='lat' dir='ltr'><strong>di-</strong></span> 
     </span>
    </p>
   </div>
   <div class='ocr_carea' id='block_1_26' title="bbox 2249 1215 3822 1271">
    <p class='ocr_par' dir='ltr' id='par_1_26' title="bbox 2249 1215 3822 1271">
     <span class='ocr_line' id='line_1_26' title="bbox 2249 1215 3822 1271; baseline 0.001 -1"><span class='ocrx_word' id='word_1_183' title='bbox 2249 1217 2446 1270; x_wconf 90' lang='lat' dir='ltr'><strong>vinitas</strong></span> <span class='ocrx_word' id='word_1_184' title='bbox 2467 1216 2613 1270; x_wconf 83' lang='lat' dir='ltr'><strong>venit</strong></span> <span class='ocrx_word' id='word_1_185' title='bbox 2643 1216 2696 1270; x_wconf 94' lang='lat' dir='ltr'><strong>in</strong></span> <span class='ocrx_word' id='word_1_186' title='bbox 2723 1231 2940 1270; x_wconf 89' lang='lat' dir='ltr'><strong>carnem</strong></span> <span class='ocrx_word' id='word_1_187' title='bbox 2971 1234 2985 1269; x_wconf 89' lang='lat'><strong>:</strong></span> <span class='ocrx_word' id='word_1_188' title='bbox 3027 1217 3121 1270; x_wconf 92' lang='lat' dir='ltr'><strong>sed</strong></span> <span class='ocrx_word' id='word_1_189' title='bbox 3149 1232 3274 1270; x_wconf 81' lang='lat' dir='ltr'><strong>mox</strong></span> <span class='ocrx_word' id='word_1_190' title='bbox 3304 1215 3541 1270; x_wconf 79' lang='lat' dir='ltr'><strong>Verbum</strong></span> <span class='ocrx_word' id='word_1_191' title='bbox 3572 1225 3699 1270; x_wconf 88' lang='lat' dir='ltr'><strong>ante</strong></span> <span class='ocrx_word' id='word_1_192' title='bbox 3731 1231 3822 1271; x_wconf 68' lang='lat' dir='ltr'><strong>sa-</strong></span> 
     </span>
    </p>
   </div>
   <div class='ocr_carea' id='block_1_27' title="bbox 2249 1310 3821 1382">
    <p class='ocr_par' dir='ltr' id='par_1_27' title="bbox 2249 1310 3821 1382">
     <span class='ocr_line' id='line_1_27' title="bbox 2249 1310 3821 1382; baseline -0.002 -15"><span class='ocrx_word' id='word_1_193' title='bbox 2249 1311 2369 1367; x_wconf 91' lang='lat' dir='ltr'><strong>cnla</strong></span> <span class='ocrx_word' id='word_1_194' title='bbox 2398 1311 2708 1382; x_wconf 87' lang='lat' dir='ltr'><strong>unigenitus</strong></span> <span class='ocrx_word' id='word_1_195' title='bbox 2746 1311 2970 1381; x_wconf 65' lang='lat' dir='ltr'><strong>aequalis</strong></span> <span class='ocrx_word' id='word_1_196' title='bbox 2999 1310 3146 1365; x_wconf 90' lang='lat' dir='ltr'><strong>Patri</strong></span> <span class='ocrx_word' id='word_1_197' title='bbox 3177 1311 3326 1364; x_wconf 90' lang='lat' dir='ltr'><strong>venit</strong></span> <span class='ocrx_word' id='word_1_198' title='bbox 3354 1310 3409 1364; x_wconf 92' lang='lat' dir='ltr'><strong>in</strong></span> <span class='ocrx_word' id='word_1_199' title='bbox 3438 1321 3682 1374; x_wconf 89' lang='lat' dir='ltr'><strong>uterum,</strong></span> <span class='ocrx_word' id='word_1_200' title='bbox 3704 1326 3821 1365; x_wconf 76' lang='lat' dir='ltr'><strong>mox</strong></span> 
     </span>
    </p>
   </div>
   <div class='ocr_carea' id='block_1_28' title="bbox 2251 1401 3822 1472">
    <p class='ocr_par' dir='ltr' id='par_1_28' title="bbox 2251 1401 3822 1472">
     <span class='ocr_line' id='line_1_28' title="bbox 2251 1401 3822 1472; baseline -0.001 -16"><span class='ocrx_word' id='word_1_201' title='bbox 2251 1401 2512 1468; x_wconf 89' lang='lat' dir='ltr'><strong>Verbum,</strong></span> <span class='ocrx_word' id='word_1_202' title='bbox 2549 1411 2761 1458; x_wconf 89' lang='lat' dir='ltr'><strong>servata</strong></span> <span class='ocrx_word' id='word_1_203' title='bbox 2804 1403 3035 1472; x_wconf 69' lang='lat' dir='ltr'><strong>preprite</strong></span> <span class='ocrx_word' id='word_1_204' title='bbox 3068 1403 3302 1458; x_wconf 87' lang='lat' dir='ltr'><strong>veritate</strong></span> <span class='ocrx_word' id='word_1_205' title='bbox 3351 1411 3582 1466; x_wconf 65' lang='lat' dir='ltr'><strong>naturae,</strong></span> <span class='ocrx_word' id='word_1_206' title='bbox 3628 1401 3822 1456; x_wconf 82' lang='lat' dir='ltr'><strong>factum</strong></span> 
     </span>
    </p>
   </div>
   <div class='ocr_carea' id='block_1_29' title="bbox 2251 1493 3823 1563">
    <p class='ocr_par' dir='ltr' id='par_1_29' title="bbox 2251 1493 3823 1563">
     <span class='ocr_line' id='line_1_29' title="bbox 2251 1493 3823 1563; baseline 0 -16"><span class='ocrx_word' id='word_1_207' title='bbox 2251 1501 2335 1549; x_wconf 89' lang='lat' dir='ltr'><strong>est</strong></span> <span class='ocrx_word' id='word_1_208' title='bbox 2360 1507 2508 1559; x_wconf 90' lang='lat' dir='ltr'><strong>caro,</strong></span> <span class='ocrx_word' id='word_1_209' title='bbox 2553 1503 2607 1549; x_wconf 88' lang='lat' dir='ltr'><strong>et</strong></span> <span class='ocrx_word' id='word_1_210' title='bbox 2636 1493 2911 1563; x_wconf 83' lang='lat' dir='ltr'><strong>perfectus</strong></span> <span class='ocrx_word' id='word_1_211' title='bbox 2937 1494 3100 1548; x_wconf 92' lang='lat' dir='ltr'><strong>homo</strong></span> <span class='ocrx_word' id='word_1_212' title='bbox 3131 1493 3270 1548; x_wconf 90' lang='lat' dir='ltr'><strong>idem</strong></span> <span class='ocrx_word' id='word_1_213' title='bbox 3305 1493 3359 1548; x_wconf 93' lang='lat' dir='ltr'><strong>in</strong></span> <span class='ocrx_word' id='word_1_214' title='bbox 3391 1494 3628 1548; x_wconf 85' lang='lat' dir='ltr'><strong>veritate</strong></span> <span class='ocrx_word' id='word_1_215' title='bbox 3656 1493 3823 1548; x_wconf 87' lang='lat' dir='ltr'><strong>carnis</strong></span> 
     </span>
    </p>
   </div>
   <div class='ocr_carea' id='block_1_30' title="bbox 2251 1585 3822 1657">
    <p class='ocr_par' dir='ltr' id='par_1_30' title="bbox 2251 1585 3822 1657">
     <span class='ocr_line' id='line_1_30' title="bbox 2251 1585 3822 1657; baseline -0.002 -15"><span class='ocrx_word' id='word_1_216' title='bbox 2251 1595 2306 1642; x_wconf 89' lang='lat' dir='ltr'><strong>et</strong></span> <span class='ocrx_word' id='word_1_217' title='bbox 2334 1589 2529 1642; x_wconf 71' lang='lat' dir='ltr'><strong>anima:</strong></span> <span class='ocrx_word' id='word_1_218' title='bbox 2555 1587 2850 1649; x_wconf 87' lang='lat' dir='ltr'><strong>rationalis,</strong></span> <span class='ocrx_word' id='word_1_219' title='bbox 2891 1595 3152 1657; x_wconf 86' lang='lat' dir='ltr'><strong>operante</strong></span> <span class='ocrx_word' id='word_1_220' title='bbox 3198 1585 3404 1656; x_wconf 89' lang='lat' dir='ltr'><strong>Spiritu</strong></span> <span class='ocrx_word' id='word_1_221' title='bbox 3437 1594 3652 1649; x_wconf 89' lang='lat' dir='ltr'><strong>sancto,</strong></span> <span class='ocrx_word' id='word_1_222' title='bbox 3681 1585 3822 1639; x_wconf 86' lang='lat' dir='ltr'><strong>inve-</strong></span> 
     </span>
    </p>
   </div>
   <div class='ocr_carea' id='block_1_31' title="bbox 2252 1674 3824 1751">
    <p class='ocr_par' dir='ltr' id='par_1_31' title="bbox 2252 1674 3824 1751">
     <span class='ocr_line' id='line_1_31' title="bbox 2252 1674 3824 1751; baseline -0.004 -16"><span class='ocrx_word' id='word_1_223' title='bbox 2252 1680 2488 1751; x_wconf 90' lang='lat' dir='ltr'><strong>stigabili</strong></span> <span class='ocrx_word' id='word_1_224' title='bbox 2521 1679 2782 1734; x_wconf 89' lang='lat' dir='ltr'><strong>miraculo</strong></span> <span class='ocrx_word' id='word_1_225' title='bbox 2811 1687 2970 1733; x_wconf 89' lang='lat' dir='ltr'><strong>natus</strong></span> <span class='ocrx_word' id='word_1_226' title='bbox 3000 1687 3082 1733; x_wconf 88' lang='lat' dir='ltr'><strong>est</strong></span> <span class='ocrx_word' id='word_1_227' title='bbox 3110 1693 3208 1745; x_wconf 90' lang='lat' dir='ltr'><strong>per</strong></span> <span class='ocrx_word' id='word_1_228' title='bbox 3229 1687 3445 1732; x_wconf 87' lang='lat' dir='ltr'><strong>uterum</strong></span> <span class='ocrx_word' id='word_1_229' title='bbox 3469 1677 3710 1746; x_wconf 79' lang='lat' dir='ltr'><strong>Virginis</strong></span> <span class='ocrx_word' id='word_1_230' title='bbox 3736 1674 3824 1729; x_wconf 73' lang='lat' dir='ltr'><strong>Fi-</strong></span> 
     </span>
    </p>
   </div>
   <div class='ocr_carea' id='block_1_32' title="bbox 2252 1766 3828 1835">
    <p class='ocr_par' dir='ltr' id='par_1_32' title="bbox 2252 1766 3828 1835">
     <span class='ocr_line' id='line_1_32' title="bbox 2252 1766 3828 1835; baseline -0.001 -13"><span class='ocrx_word' id='word_1_231' title='bbox 2252 1768 2359 1824; x_wconf 87' lang='lat' dir='ltr'><strong>lius</strong></span> <span class='ocrx_word' id='word_1_232' title='bbox 2403 1769 2520 1835; x_wconf 90' lang='lat' dir='ltr'><strong>Dei,</strong></span> <span class='ocrx_word' id='word_1_233' title='bbox 2561 1767 2737 1823; x_wconf 82' lang='lat' dir='ltr'><strong>factus</strong></span> <span class='ocrx_word' id='word_1_234' title='bbox 2779 1767 2921 1822; x_wconf 92' lang='lat' dir='ltr'><strong>ﬁlius</strong></span> <span class='ocrx_word' id='word_1_235' title='bbox 2948 1768 3184 1822; x_wconf 91' lang='lat' dir='ltr'><strong>hominis</strong></span> <span class='ocrx_word' id='word_1_236' title='bbox 3231 1783 3369 1823; x_wconf 91' lang='lat' dir='ltr'><strong>unus</strong></span> <span class='ocrx_word' id='word_1_237' title='bbox 3420 1766 3690 1822; x_wconf 88' lang='lat' dir='ltr'><strong>Christus.</strong></span> <span class='ocrx_word' id='word_1_238' title='bbox 3729 1766 3828 1833; x_wconf 94' lang='lat' dir='ltr'><strong>Qui</strong></span> 
     </span>
    </p>
   </div>
   <div class='ocr_carea' id='block_1_33' title="bbox 561 1838 3827 1927">
    <p class='ocr_par' dir='ltr' id='par_1_33' title="bbox 561 1838 3827 1927">
     <span class='ocr_line' id='line_1_33' title="bbox 561 1838 3827 1927; baseline 0.001 -20"><span class='ocrx_word' id='word_1_239' title='bbox 561 1852 806 1925; x_wconf 85' lang='lat' dir='ltr'><strong>dignam,</strong></span> <span class='ocrx_word' id='word_1_240' title='bbox 835 1855 922 1910; x_wconf 86' lang='lat' dir='ltr'><strong>vel</strong></span> <span class='ocrx_word' id='word_1_241' title='bbox 950 1856 1210 1910; x_wconf 86' lang='lat' dir='ltr'><strong>memoria</strong></span> <span class='ocrx_word' id='word_1_242' title='bbox 1241 1857 1473 1911; x_wconf 71' lang='lat' dir='ltr'><strong>miserim</strong></span> <span class='ocrx_word' id='word_1_243' title='bbox 1502 1857 1678 1920; x_wconf 88' lang='lat' dir='ltr'><strong>violet,</strong></span> <span class='ocrx_word' id='word_1_244' title='bbox 1712 1857 1798 1913; x_wconf 91' lang='lat' dir='ltr'><strong>vel</strong></span> <span class='ocrx_word' id='word_1_245' title='bbox 1819 1866 1999 1912; x_wconf 91' lang='lat' dir='ltr'><strong>metus</strong></span> <span class='ocrx_word' id='word_1_246' title='bbox 2026 1857 2150 1912; x_wconf 91' lang='lat' dir='ltr'><strong>ﬁnis</strong></span> <span class='ocrx_word' id='word_1_247' title='bbox 2181 1838 2226 1897; x_wconf 77' lang='grc' dir='ltr'><strong>Β</strong></span> <span class='ocrx_word' id='word_1_248' title='bbox 2255 1866 2502 1913; x_wconf 89' lang='lat' dir='ltr'><strong>mortuus</strong></span> <span class='ocrx_word' id='word_1_249' title='bbox 2544 1869 2630 1914; x_wconf 90' lang='lat' dir='ltr'><strong>est</strong></span> <span class='ocrx_word' id='word_1_250' title='bbox 2675 1857 2789 1913; x_wconf 90' lang='lat' dir='ltr'><strong>sola</strong></span> <span class='ocrx_word' id='word_1_251' title='bbox 2819 1872 2986 1912; x_wconf 90' lang='lat' dir='ltr'><strong>carne</strong></span> <span class='ocrx_word' id='word_1_252' title='bbox 3014 1867 3236 1927; x_wconf 88' lang='lat' dir='ltr'><strong>propter</strong></span> <span class='ocrx_word' id='word_1_253' title='bbox 3283 1867 3503 1927; x_wconf 88' lang='lat' dir='ltr'><strong>peccata</strong></span> <span class='ocrx_word' id='word_1_254' title='bbox 3539 1866 3746 1920; x_wconf 89' lang='lat' dir='ltr'><strong>nostra,</strong></span> <span class='ocrx_word' id='word_1_255' title='bbox 3777 1866 3827 1910; x_wconf 88' lang='lat' dir='ltr'><strong>et</strong></span> 
     </span>
    </p>
   </div>
   <div class='ocr_carea' id='block_1_34' title="bbox 561 1945 2144 2020">
    <p class='ocr_par' dir='ltr' id='par_1_34' title="bbox 561 1945 2144 2020">
     <span class='ocr_line' id='line_1_34' title="bbox 561 1945 2144 2020; baseline 0.004 -22"><span class='ocrx_word' id='word_1_256' title='bbox 561 1955 837 2015; x_wconf 77' lang='lat' dir='ltr'><strong>angustet.</strong></span> <span class='ocrx_word' id='word_1_257' title='bbox 875 1945 1192 2002; x_wconf 86' lang='lat' dir='ltr'><strong>Geminatus</strong></span> <span class='ocrx_word' id='word_1_258' title='bbox 1219 1948 1385 2003; x_wconf 91' lang='lat' dir='ltr'><strong>etiam</strong></span> <span class='ocrx_word' id='word_1_259' title='bbox 1413 1949 1758 2005; x_wconf 87' lang='lat' dir='ltr'><strong>centenarius</strong></span> <span class='ocrx_word' id='word_1_260' title='bbox 1792 1950 1989 2016; x_wconf 91' lang='lat' dir='ltr'><strong>innuit,</strong></span> <span class='ocrx_word' id='word_1_261' title='bbox 2019 1949 2144 2020; x_wconf 88' lang='lat' dir='ltr'><strong>quia</strong></span> 
     </span>
    </p>
   </div>
   <div class='ocr_carea' id='block_1_35' title="bbox 562 2029 2144 2112">
    <p class='ocr_par' dir='ltr' id='par_1_35' title="bbox 562 2029 2144 2112">
     <span class='ocr_line' id='line_1_35' title="bbox 562 2029 2144 2112; baseline 0.004 -22"><span class='ocrx_word' id='word_1_262' title='bbox 562 2037 900 2107; x_wconf 88' lang='lat' dir='ltr'><strong>quiscunque</strong></span> <span class='ocrx_word' id='word_1_263' title='bbox 920 2039 985 2093; x_wconf 90' lang='lat' dir='ltr'><strong>ad</strong></span> <span class='ocrx_word' id='word_1_264' title='bbox 1008 2029 1182 2094; x_wconf 88' lang='lat' dir='ltr'><strong>vitam</strong></span> <span class='ocrx_word' id='word_1_265' title='bbox 1208 2039 1478 2096; x_wconf 89' lang='lat' dir='ltr'><strong>desideret</strong></span> <span class='ocrx_word' id='word_1_266' title='bbox 1497 2041 1780 2112; x_wconf 89' lang='lat' dir='ltr'><strong>pervenire</strong></span> <span class='ocrx_word' id='word_1_267' title='bbox 1804 2050 2144 2111; x_wconf 80' lang='lat' dir='ltr'><strong>perpetuam,</strong></span> 
     </span>
    </p>
   </div>
   <div class='ocr_carea' id='block_1_36' title="bbox 563 2125 2144 2202">
    <p class='ocr_par' dir='ltr' id='par_1_36' title="bbox 563 2125 2144 2202">
     <span class='ocr_line' id='line_1_36' title="bbox 563 2125 2144 2202; baseline 0.006 -22"><span class='ocrx_word' id='word_1_268' title='bbox 563 2125 854 2184; x_wconf 85' lang='lat' dir='ltr'><strong>dilectione</strong></span> <span class='ocrx_word' id='word_1_269' title='bbox 878 2129 976 2184; x_wconf 90' lang='lat' dir='ltr'><strong>Dei</strong></span> <span class='ocrx_word' id='word_1_270' title='bbox 1024 2129 1212 2201; x_wconf 84' lang='lat' dir='ltr'><strong>ﬂagret</strong></span> <span class='ocrx_word' id='word_1_271' title='bbox 1240 2146 1303 2186; x_wconf 89' lang='lat' dir='ltr'><strong>ac</strong></span> <span class='ocrx_word' id='word_1_272' title='bbox 1330 2133 1584 2202; x_wconf 79' lang='lat' dir='ltr'><strong>proximi,</strong></span> <span class='ocrx_word' id='word_1_273' title='bbox 1635 2141 1690 2188; x_wconf 89' lang='lat' dir='ltr'><strong>et</strong></span> <span class='ocrx_word' id='word_1_274' title='bbox 1733 2133 1837 2188; x_wconf 91' lang='lat' dir='ltr'><strong>ﬁde</strong></span> <span class='ocrx_word' id='word_1_275' title='bbox 1877 2134 2144 2190; x_wconf 88' lang='lat' dir='ltr'><strong>catholica</strong></span> 
     </span>
    </p>
   </div>
   <div class='ocr_carea' id='block_1_37' title="bbox 563 2221 2146 2287">
    <p class='ocr_par' dir='ltr' id='par_1_37' title="bbox 563 2221 2146 2287">
     <span class='ocr_line' id='line_1_37' title="bbox 563 2221 2146 2287; baseline 0.006 -16"><span class='ocrx_word' id='word_1_276' title='bbox 563 2224 726 2287; x_wconf 89' lang='lat' dir='ltr'><strong>atque</strong></span> <span class='ocrx_word' id='word_1_277' title='bbox 762 2221 1077 2286; x_wconf 83' lang='lat' dir='ltr'><strong>operatione</strong></span> <span class='ocrx_word' id='word_1_278' title='bbox 1119 2230 1266 2276; x_wconf 89' lang='lat' dir='ltr'><strong>recta</strong></span> <span class='ocrx_word' id='word_1_279' title='bbox 1304 2223 1558 2278; x_wconf 90' lang='lat' dir='ltr'><strong>continue</strong></span> <span class='ocrx_word' id='word_1_280' title='bbox 1606 2225 1673 2279; x_wconf 88' lang='lat' dir='ltr'><strong>ad</strong></span> <span class='ocrx_word' id='word_1_281' title='bbox 1714 2240 1836 2281; x_wconf 92' lang='lat' dir='ltr'><strong>eam</strong></span> <span class='ocrx_word' id='word_1_282' title='bbox 1885 2226 2146 2281; x_wconf 80' lang='lat' dir='ltr'><strong>festinare</strong></span> 
     </span>
    </p>
   </div>
   <div class='ocr_carea' id='block_1_38' title="bbox 561 2308 2148 2378">
    <p class='ocr_par' dir='ltr' id='par_1_38' title="bbox 561 2308 2148 2378">
     <span class='ocr_line' id='line_1_38' title="bbox 561 2308 2148 2378; baseline 0.006 -16"><span class='ocrx_word' id='word_1_283' title='bbox 561 2308 875 2363; x_wconf 89' lang='lat' dir='ltr'><strong>contendat.</strong></span> <span class='ocrx_word' id='word_1_284' title='bbox 918 2309 976 2363; x_wconf 90' lang='lat' dir='ltr'><strong>In</strong></span> <span class='ocrx_word' id='word_1_285' title='bbox 1021 2309 1125 2364; x_wconf 91' lang='lat' dir='ltr'><strong>ﬁde</strong></span> <span class='ocrx_word' id='word_1_286' title='bbox 1173 2311 1380 2367; x_wconf 90' lang='lat' dir='ltr'><strong>scilicet</strong></span> <span class='ocrx_word' id='word_1_287' title='bbox 1420 2313 1741 2378; x_wconf 81' lang='lat' dir='ltr'><strong>orthodoxa,</strong></span> <span class='ocrx_word' id='word_1_288' title='bbox 1771 2316 1838 2371; x_wconf 92' lang='lat' dir='ltr'><strong>de</strong></span> <span class='ocrx_word' id='word_1_289' title='bbox 1883 2325 2068 2372; x_wconf 89' lang='lat' dir='ltr'><strong>sancta</strong></span> <span class='ocrx_word' id='word_1_290' title='bbox 2093 2325 2148 2371; x_wconf 93' lang='lat' dir='ltr'><strong>et</strong></span> 
     </span>
    </p>
   </div>
   <div class='ocr_carea' id='block_1_39' title="bbox 562 2395 2147 2466">
    <p class='ocr_par' dir='ltr' id='par_1_39' title="bbox 562 2395 2147 2466">
     <span class='ocr_line' id='line_1_39' title="bbox 562 2395 2147 2466; baseline 0.008 -16"><span class='ocrx_word' id='word_1_291' title='bbox 562 2395 910 2466; x_wconf 81' lang='lat' dir='ltr'><strong>inseparabili</strong></span> <span class='ocrx_word' id='word_1_292' title='bbox 939 2399 1220 2465; x_wconf 89' lang='lat' dir='ltr'><strong>Trinitate,</strong></span> <span class='ocrx_word' id='word_1_293' title='bbox 1250 2402 1408 2457; x_wconf 93' lang='lat' dir='ltr'><strong>simul</strong></span> <span class='ocrx_word' id='word_1_294' title='bbox 1443 2413 1498 2458; x_wconf 90' lang='lat' dir='ltr'><strong>et</strong></span> <span class='ocrx_word' id='word_1_295' title='bbox 1531 2405 1596 2458; x_wconf 91' lang='lat' dir='ltr'><strong>de</strong></span> <span class='ocrx_word' id='word_1_296' title='bbox 1633 2403 2014 2460; x_wconf 89' lang='lat' dir='ltr'><strong>lncarnatione</strong></span> <span class='ocrx_word' id='word_1_297' title='bbox 2043 2407 2147 2462; x_wconf 85' lang='lat' dir='ltr'><strong>Do-</strong></span> 
     </span>
    </p>
   </div>
   <div class='ocr_carea' id='block_1_40' title="bbox 561 2489 2144 2568">
    <p class='ocr_par' dir='ltr' id='par_1_40' title="bbox 561 2489 2144 2568">
     <span class='ocr_line' id='line_1_40' title="bbox 561 2489 2144 2568; baseline 0.006 -25"><span class='ocrx_word' id='word_1_298' title='bbox 561 2489 706 2544; x_wconf 80' lang='lat' dir='ltr'><strong>mini</strong></span> <span class='ocrx_word' id='word_1_299' title='bbox 734 2491 903 2546; x_wconf 89' lang='lat' dir='ltr'><strong>nostri</strong></span> <span class='ocrx_word' id='word_1_300' title='bbox 936 2491 1064 2547; x_wconf 87' lang='lat' dir='ltr'><strong>Jesu</strong></span> <span class='ocrx_word' id='word_1_301' title='bbox 1096 2492 1318 2559; x_wconf 88' lang='lat' dir='ltr'><strong>Christi,</strong></span> <span class='ocrx_word' id='word_1_302' title='bbox 1349 2495 1511 2550; x_wconf 89' lang='lat' dir='ltr'><strong>corde</strong></span> <span class='ocrx_word' id='word_1_303' title='bbox 1532 2497 1763 2553; x_wconf 90' lang='lat' dir='ltr'><strong>credens</strong></span> <span class='ocrx_word' id='word_1_304' title='bbox 1785 2498 1851 2552; x_wconf 90' lang='lat' dir='ltr'><strong>ad</strong></span> <span class='ocrx_word' id='word_1_305' title='bbox 1874 2498 2144 2568; x_wconf 87' lang='lat' dir='ltr'><strong>justitiam</strong></span> 
     </span>
    </p>
   </div>
   <div class='ocr_carea' id='block_1_41' title="bbox 562 2585 2146 2660">
    <p class='ocr_par' dir='ltr' id='par_1_41' title="bbox 562 2585 2146 2660">
     <span class='ocr_line' id='line_1_41' title="bbox 562 2585 2146 2660; baseline 0.006 -22"><span class='ocrx_word' id='word_1_306' title='bbox 562 2591 618 2638; x_wconf 87' lang='lat' dir='ltr'><strong>et</strong></span> <span class='ocrx_word' id='word_1_307' title='bbox 656 2599 750 2640; x_wconf 89' lang='lat' dir='ltr'><strong>ore</strong></span> <span class='ocrx_word' id='word_1_308' title='bbox 784 2585 1048 2642; x_wconf 90' lang='lat' dir='ltr'><strong>conﬁtens</strong></span> <span class='ocrx_word' id='word_1_309' title='bbox 1073 2589 1140 2643; x_wconf 83' lang='lat' dir='ltr'><strong>ad</strong></span> <span class='ocrx_word' id='word_1_310' title='bbox 1167 2588 1419 2655; x_wconf 89' lang='lat' dir='ltr'><strong>salutem,</strong></span> <span class='ocrx_word' id='word_1_311' title='bbox 1446 2591 1573 2660; x_wconf 88' lang='lat' dir='ltr'><strong>quia</strong></span> <span class='ocrx_word' id='word_1_312' title='bbox 1621 2592 1675 2646; x_wconf 90' lang='lat' dir='ltr'><strong>in</strong></span> <span class='ocrx_word' id='word_1_313' title='bbox 1719 2591 1909 2647; x_wconf 89' lang='lat' dir='ltr'><strong>eadem</strong></span> <span class='ocrx_word' id='word_1_314' title='bbox 1955 2600 2146 2647; x_wconf 89' lang='lat' dir='ltr'><strong>sancta</strong></span> 
     </span>
    </p>
   </div>
   <div class='ocr_carea' id='block_1_42' title="bbox 564 2673 2147 2754">
    <p class='ocr_par' dir='ltr' id='par_1_42' title="bbox 564 2673 2147 2754">
     <span class='ocr_line' id='line_1_42' title="bbox 564 2673 2147 2754; baseline 0.008 -27"><span class='ocrx_word' id='word_1_315' title='bbox 564 2673 831 2732; x_wconf 89' lang='lat' dir='ltr'><strong>Trinitate</strong></span> <span class='ocrx_word' id='word_1_316' title='bbox 869 2678 1004 2732; x_wconf 90' lang='lat' dir='ltr'><strong>nihil</strong></span> <span class='ocrx_word' id='word_1_317' title='bbox 1047 2688 1131 2735; x_wconf 89' lang='lat' dir='ltr'><strong>est</strong></span> <span class='ocrx_word' id='word_1_318' title='bbox 1162 2681 1312 2750; x_wconf 91' lang='lat' dir='ltr'><strong>prius</strong></span> <span class='ocrx_word' id='word_1_319' title='bbox 1341 2692 1435 2737; x_wconf 89' lang='lat' dir='ltr'><strong>ant</strong></span> <span class='ocrx_word' id='word_1_320' title='bbox 1477 2684 1777 2752; x_wconf 88' lang='lat' dir='ltr'><strong>posterius,</strong></span> <span class='ocrx_word' id='word_1_321' title='bbox 1808 2685 1942 2739; x_wconf 91' lang='lat' dir='ltr'><strong>nihil</strong></span> <span class='ocrx_word' id='word_1_322' title='bbox 1973 2683 2147 2754; x_wconf 88' lang='lat' dir='ltr'><strong>majus</strong></span> 
     </span>
    </p>
   </div>
   <div class='ocr_carea' id='block_1_43' title="bbox 561 2767 2148 2843">
    <p class='ocr_par' dir='ltr' id='par_1_43' title="bbox 561 2767 2148 2843">
     <span class='ocr_line' id='line_1_43' title="bbox 561 2767 2148 2843; baseline 0.008 -23"><span class='ocrx_word' id='word_1_323' title='bbox 561 2775 658 2821; x_wconf 89' lang='lat' dir='ltr'><strong>aut.</strong></span> <span class='ocrx_word' id='word_1_324' title='bbox 680 2767 879 2834; x_wconf 87' lang='lat' dir='ltr'><strong>minus,</strong></span> <span class='ocrx_word' id='word_1_325' title='bbox 912 2771 1004 2826; x_wconf 88' lang='lat' dir='ltr'><strong>sed</strong></span> <span class='ocrx_word' id='word_1_326' title='bbox 1031 2780 1155 2826; x_wconf 76' lang='lat' dir='ltr'><strong>tota:</strong></span> <span class='ocrx_word' id='word_1_327' title='bbox 1179 2781 1286 2828; x_wconf 91' lang='lat' dir='ltr'><strong>tres</strong></span> <span class='ocrx_word' id='word_1_328' title='bbox 1312 2788 1552 2843; x_wconf 74' lang='lat' dir='ltr'><strong>personae</strong></span> <span class='ocrx_word' id='word_1_329' title='bbox 1582 2785 1863 2832; x_wconf 69' lang='lat' dir='ltr'><strong>coaeternte</strong></span> <span class='ocrx_word' id='word_1_330' title='bbox 1889 2777 1990 2832; x_wconf 90' lang='lat' dir='ltr'><strong>sibi</strong></span> <span class='ocrx_word' id='word_1_331' title='bbox 2020 2785 2148 2832; x_wconf 89' lang='lat' dir='ltr'><strong>sunt</strong></span> 
     </span>
    </p>
   </div>
   <div class='ocr_carea' id='block_1_44' title="bbox 559 2861 2146 2934">
    <p class='ocr_par' dir='ltr' id='par_1_44' title="bbox 559 2861 2146 2934">
     <span class='ocr_line' id='line_1_44' title="bbox 559 2861 2146 2934; baseline 0.006 -21"><span class='ocrx_word' id='word_1_332' title='bbox 559 2864 620 2913; x_wconf 79' lang='lat' dir='ltr'><strong>et</strong></span> <span class='ocrx_word' id='word_1_333' title='bbox 651 2861 970 2928; x_wconf 64' lang='lat' dir='ltr'><strong>coaequales,</strong></span> <span class='ocrx_word' id='word_1_334' title='bbox 1003 2862 1075 2916; x_wconf 88' lang='lat' dir='ltr'><strong>ita</strong></span> <span class='ocrx_word' id='word_1_335' title='bbox 1110 2875 1170 2916; x_wconf 89' lang='lat' dir='ltr'><strong>ut</strong></span> <span class='ocrx_word' id='word_1_336' title='bbox 1199 2880 1294 2934; x_wconf 88' lang='lat' dir='ltr'><strong>per</strong></span> <span class='ocrx_word' id='word_1_337' title='bbox 1324 2867 1505 2920; x_wconf 91' lang='lat' dir='ltr'><strong>omnia</strong></span> <span class='ocrx_word' id='word_1_338' title='bbox 1529 2874 1585 2921; x_wconf 88' lang='lat' dir='ltr'><strong>et</strong></span> <span class='ocrx_word' id='word_1_339' title='bbox 1625 2867 1806 2922; x_wconf 91' lang='lat' dir='ltr'><strong>unitas</strong></span> <span class='ocrx_word' id='word_1_340' title='bbox 1845 2868 2063 2923; x_wconf 88' lang='lat' dir='ltr'><strong>deitatis</strong></span> <span class='ocrx_word' id='word_1_341' title='bbox 2093 2869 2146 2922; x_wconf 91' lang='lat' dir='ltr'><strong>in</strong></span> 
     </span>
    </p>
   </div>
   <div class='ocr_carea' id='block_1_45' title="bbox 565 2946 2144 3028">
    <p class='ocr_par' dir='ltr' id='par_1_45' title="bbox 565 2946 2144 3028">
     <span class='ocr_line' id='line_1_45' title="bbox 565 2946 2144 3028; baseline 0.007 -27"><span class='ocrx_word' id='word_1_342' title='bbox 565 2946 829 3004; x_wconf 85' lang='lat' dir='ltr'><strong>Trinitate</strong></span> <span class='ocrx_word' id='word_1_343' title='bbox 855 2951 930 3004; x_wconf 87' lang='lat' dir='ltr'><strong>sit</strong></span> <span class='ocrx_word' id='word_1_344' title='bbox 955 2967 1330 3020; x_wconf 87' lang='lat' dir='ltr'><strong>personarum,</strong></span> <span class='ocrx_word' id='word_1_345' title='bbox 1361 2963 1418 3009; x_wconf 92' lang='lat' dir='ltr'><strong>et</strong></span> <span class='ocrx_word' id='word_1_346' title='bbox 1463 2955 1679 3012; x_wconf 89' lang='lat' dir='ltr'><strong>trinitas</strong></span> <span class='ocrx_word' id='word_1_347' title='bbox 1706 2973 2060 3028; x_wconf 90' lang='lat' dir='ltr'><strong>personarum</strong></span> <span class='ocrx_word' id='word_1_348' title='bbox 2091 2958 2144 3013; x_wconf 91' lang='lat' dir='ltr'><strong>in</strong></span> 
     </span>
    </p>
   </div>
   <div class='ocr_carea' id='block_1_46' title="bbox 565 3039 2145 3120">
    <p class='ocr_par' dir='ltr' id='par_1_46' title="bbox 565 3039 2145 3120">
     <span class='ocr_line' id='line_1_46' title="bbox 565 3039 2145 3120; baseline 0.009 -29"><span class='ocrx_word' id='word_1_349' title='bbox 565 3039 771 3093; x_wconf 85' lang='lat' dir='ltr'><strong>unitate</strong></span> <span class='ocrx_word' id='word_1_350' title='bbox 798 3041 869 3094; x_wconf 90' lang='lat' dir='ltr'><strong>sit</strong></span> <span class='ocrx_word' id='word_1_351' title='bbox 891 3041 1109 3098; x_wconf 86' lang='lat' dir='ltr'><strong>deitatis</strong></span> <span class='ocrx_word' id='word_1_352' title='bbox 1135 3061 1148 3096; x_wconf 91' lang='lat'><strong>:</strong></span> <span class='ocrx_word' id='word_1_353' title='bbox 1183 3044 1308 3113; x_wconf 81' lang='lat' dir='ltr'><strong>quia</strong></span> <span class='ocrx_word' id='word_1_354' title='bbox 1339 3059 1407 3100; x_wconf 83' lang='lat' dir='ltr'><strong>ex</strong></span> <span class='ocrx_word' id='word_1_355' title='bbox 1434 3046 1548 3102; x_wconf 92' lang='lat' dir='ltr'><strong>solo</strong></span> <span class='ocrx_word' id='word_1_356' title='bbox 1578 3047 1758 3113; x_wconf 87' lang='lat' dir='ltr'><strong>Patre,</strong></span> <span class='ocrx_word' id='word_1_357' title='bbox 1790 3049 1842 3103; x_wconf 92' lang='lat' dir='ltr'><strong>id</strong></span> <span class='ocrx_word' id='word_1_358' title='bbox 1871 3058 1953 3104; x_wconf 89' lang='lat' dir='ltr'><strong>est</strong></span> <span class='ocrx_word' id='word_1_359' title='bbox 1983 3051 2145 3120; x_wconf 79' lang='lat'><strong>762</strong></span> 
     </span>
    </p>
   </div>
   <div class='ocr_carea' id='block_1_47' title="bbox 561 3127 2146 3208">
    <p class='ocr_par' dir='ltr' id='par_1_47' title="bbox 561 3127 2146 3208">
     <span class='ocr_line' id='line_1_47' title="bbox 561 3127 2146 3208; baseline 0.008 -27"><span class='ocrx_word' id='word_1_360' title='bbox 561 3145 630 3183; x_wconf 82' lang='lat' dir='ltr'><strong>ex</strong></span> <span class='ocrx_word' id='word_1_361' title='bbox 658 3127 958 3185; x_wconf 88' lang='lat' dir='ltr'><strong>substantia</strong></span> <span class='ocrx_word' id='word_1_362' title='bbox 996 3131 1196 3199; x_wconf 87' lang='lat' dir='ltr'><strong>Patris,</strong></span> <span class='ocrx_word' id='word_1_363' title='bbox 1223 3135 1448 3204; x_wconf 84' lang='lat' dir='ltr'><strong>aequalis</strong></span> <span class='ocrx_word' id='word_1_364' title='bbox 1473 3145 1528 3190; x_wconf 91' lang='lat' dir='ltr'><strong>et</strong></span> <span class='ocrx_word' id='word_1_365' title='bbox 1556 3137 2032 3193; x_wconf 89' lang='lat' dir='ltr'><strong>consubstantialis</strong></span> <span class='ocrx_word' id='word_1_366' title='bbox 2055 3156 2146 3208; x_wconf 85' lang='lat' dir='ltr'><strong>ge-</strong></span> 
     </span>
    </p>
   </div>
   <div class='ocr_carea' id='block_1_48' title="bbox 2251 1948 3830 2018">
    <p class='ocr_par' dir='ltr' id='par_1_48' title="bbox 2251 1948 3830 2018">
     <span class='ocr_line' id='line_1_48' title="bbox 2251 1948 3830 2018; baseline -0.001 -15"><span class='ocrx_word' id='word_1_367' title='bbox 2251 1949 2554 2004; x_wconf 81' lang='lat' dir='ltr'><strong>rcsurrexit</strong></span> <span class='ocrx_word' id='word_1_368' title='bbox 2581 1948 2692 2004; x_wconf 90' lang='lat' dir='ltr'><strong>sola</strong></span> <span class='ocrx_word' id='word_1_369' title='bbox 2721 1963 2904 2014; x_wconf 92' lang='lat' dir='ltr'><strong>carne,</strong></span> <span class='ocrx_word' id='word_1_370' title='bbox 2938 1950 3064 2018; x_wconf 89' lang='lat' dir='ltr'><strong>quia</strong></span> <span class='ocrx_word' id='word_1_371' title='bbox 3093 1957 3374 2018; x_wconf 79' lang='lat' dir='ltr'><strong>peccaturo</strong></span> <span class='ocrx_word' id='word_1_372' title='bbox 3402 1964 3508 2004; x_wconf 91' lang='lat' dir='ltr'><strong>non</strong></span> <span class='ocrx_word' id='word_1_373' title='bbox 3550 1949 3700 2014; x_wconf 80' lang='lat' dir='ltr'><strong>fecit,</strong></span> <span class='ocrx_word' id='word_1_374' title='bbox 3731 1963 3830 2003; x_wconf 88' lang='lat' dir='ltr'><strong>nec</strong></span> 
     </span>
    </p>
   </div>
   <div class='ocr_carea' id='block_1_49' title="bbox 2251 2040 3828 2110">
    <p class='ocr_par' dir='ltr' id='par_1_49' title="bbox 2251 2040 3828 2110">
     <span class='ocr_line' id='line_1_49' title="bbox 2251 2040 3828 2110; baseline -0.001 -15"><span class='ocrx_word' id='word_1_375' title='bbox 2251 2040 2405 2095; x_wconf 91' lang='lat' dir='ltr'><strong>dolus</strong></span> <span class='ocrx_word' id='word_1_376' title='bbox 2440 2041 2688 2095; x_wconf 90' lang='lat' dir='ltr'><strong>inventus</strong></span> <span class='ocrx_word' id='word_1_377' title='bbox 2725 2049 2810 2095; x_wconf 88' lang='lat' dir='ltr'><strong>est</strong></span> <span class='ocrx_word' id='word_1_378' title='bbox 2855 2041 2905 2094; x_wconf 90' lang='lat' dir='ltr'><strong>in</strong></span> <span class='ocrx_word' id='word_1_379' title='bbox 2936 2055 3031 2095; x_wconf 91' lang='lat' dir='ltr'><strong>ore</strong></span> <span class='ocrx_word' id='word_1_380' title='bbox 3071 2040 3210 2108; x_wconf 91' lang='lat' dir='ltr'><strong>ejus,</strong></span> <span class='ocrx_word' id='word_1_381' title='bbox 3251 2049 3368 2094; x_wconf 87' lang='lat' dir='ltr'><strong>uta</strong></span> <span class='ocrx_word' id='word_1_382' title='bbox 3404 2040 3616 2110; x_wconf 85' lang='lat' dir='ltr'><strong>peccati</strong></span> <span class='ocrx_word' id='word_1_383' title='bbox 3660 2049 3828 2094; x_wconf 89' lang='lat' dir='ltr'><strong>morte</strong></span> 
     </span>
    </p>
   </div>
   <div class='ocr_carea' id='block_1_50' title="bbox 2251 2130 3831 2202">
    <p class='ocr_par' dir='ltr' id='par_1_50' title="bbox 2251 2130 3831 2202">
     <span class='ocr_line' id='line_1_50' title="bbox 2251 2130 3831 2202; baseline 0 -18"><span class='ocrx_word' id='word_1_384' title='bbox 2251 2147 2570 2200; x_wconf 89' lang='lat' dir='ltr'><strong>quocunque</strong></span> <span class='ocrx_word' id='word_1_385' title='bbox 2600 2131 2758 2186; x_wconf 93' lang='lat' dir='ltr'><strong>modo</strong></span> <span class='ocrx_word' id='word_1_386' title='bbox 2772 2140 3052 2186; x_wconf 89' lang='lat' dir='ltr'><strong>contracta</strong></span> <span class='ocrx_word' id='word_1_387' title='bbox 3071 2133 3250 2186; x_wconf 89' lang='lat' dir='ltr'><strong>anima</strong></span> <span class='ocrx_word' id='word_1_388' title='bbox 3283 2140 3610 2202; x_wconf 84' lang='lat' dir='ltr'><strong>resurgeret.</strong></span> <span class='ocrx_word' id='word_1_389' title='bbox 3630 2130 3831 2185; x_wconf 74' lang='lat' dir='ltr'><strong>Ascen-</strong></span> 
     </span>
    </p>
   </div>
   <div class='ocr_carea' id='block_1_51' title="bbox 2250 2217 3827 2290">
    <p class='ocr_par' dir='ltr' id='par_1_51' title="bbox 2250 2217 3827 2290">
     <span class='ocr_line' id='line_1_51' title="bbox 2250 2217 3827 2290; baseline -0.003 -15"><span class='ocrx_word' id='word_1_390' title='bbox 2250 2221 2330 2275; x_wconf 88' lang='lat' dir='ltr'><strong>dit</strong></span> <span class='ocrx_word' id='word_1_391' title='bbox 2357 2235 2571 2290; x_wconf 89' lang='lat' dir='ltr'><strong>quoque</strong></span> <span class='ocrx_word' id='word_1_392' title='bbox 2601 2220 2654 2273; x_wconf 93' lang='lat' dir='ltr'><strong>in</strong></span> <span class='ocrx_word' id='word_1_393' title='bbox 2685 2221 2908 2285; x_wconf 87' lang='lat' dir='ltr'><strong>coelum,</strong></span> <span class='ocrx_word' id='word_1_394' title='bbox 2939 2230 2996 2274; x_wconf 88' lang='lat' dir='ltr'><strong>et</strong></span> <span class='ocrx_word' id='word_1_395' title='bbox 3030 2221 3182 2274; x_wconf 88' lang='lat' dir='ltr'><strong>sedet</strong></span> <span class='ocrx_word' id='word_1_396' title='bbox 3215 2220 3282 2273; x_wconf 91' lang='lat' dir='ltr'><strong>ad</strong></span> <span class='ocrx_word' id='word_1_397' title='bbox 3320 2221 3601 2274; x_wconf 76' lang='lat' dir='ltr'><strong>dexteram</strong></span> <span class='ocrx_word' id='word_1_398' title='bbox 3629 2217 3827 2281; x_wconf 84' lang='lat' dir='ltr'><strong>Patris,</strong></span> 
     </span>
    </p>
   </div>
   <div class='ocr_carea' id='block_1_52' title="bbox 2252 2310 3828 2380">
    <p class='ocr_par' dir='ltr' id='par_1_52' title="bbox 2252 2310 3828 2380">
     <span class='ocr_line' id='line_1_52' title="bbox 2252 2310 3828 2380; baseline -0.001 -15"><span class='ocrx_word' id='word_1_399' title='bbox 2252 2311 2304 2365; x_wconf 90' lang='lat' dir='ltr'><strong>id</strong></span> <span class='ocrx_word' id='word_1_400' title='bbox 2329 2319 2433 2375; x_wconf 87' lang='lat' dir='ltr'><strong>est,</strong></span> <span class='ocrx_word' id='word_1_401' title='bbox 2463 2310 2518 2364; x_wconf 93' lang='lat' dir='ltr'><strong>in</strong></span> <span class='ocrx_word' id='word_1_402' title='bbox 2549 2310 2718 2380; x_wconf 85' lang='lat' dir='ltr'><strong>gloria</strong></span> <span class='ocrx_word' id='word_1_403' title='bbox 2749 2319 2989 2380; x_wconf 68' lang='lat' dir='ltr'><strong>paterna:</strong></span> <span class='ocrx_word' id='word_1_404' title='bbox 3016 2311 3314 2380; x_wconf 87' lang='lat' dir='ltr'><strong>majestatis</strong></span> <span class='ocrx_word' id='word_1_405' title='bbox 3365 2327 3379 2362; x_wconf 91' lang='lat'>:</span> <span class='ocrx_word' id='word_1_406' title='bbox 3423 2311 3546 2363; x_wconf 89' lang='lat' dir='ltr'><strong>inde</strong></span> <span class='ocrx_word' id='word_1_407' title='bbox 3573 2318 3828 2363; x_wconf 84' lang='lat' dir='ltr'><strong>venturus</strong></span> 
     </span>
    </p>
   </div>
   <div class='ocr_carea' id='block_1_53' title="bbox 2243 2399 3829 2470">
    <p class='ocr_par' dir='ltr' id='par_1_53' title="bbox 2243 2399 3829 2470">
     <span class='ocr_line' id='line_1_53' title="bbox 2243 2399 3829 2470; baseline -0.002 -14"><span class='ocrx_word' id='word_1_408' title='bbox 2243 2399 2490 2470; x_wconf 89' lang='lat' dir='ltr'><strong>judicare</strong></span> <span class='ocrx_word' id='word_1_409' title='bbox 2525 2402 2674 2455; x_wconf 86' lang='lat' dir='ltr'><strong>vivos</strong></span> <span class='ocrx_word' id='word_1_410' title='bbox 2702 2411 2757 2455; x_wconf 93' lang='lat' dir='ltr'><strong>et</strong></span> <span class='ocrx_word' id='word_1_411' title='bbox 2783 2410 3043 2456; x_wconf 91' lang='lat' dir='ltr'><strong>mortuos.</strong></span> <span class='ocrx_word' id='word_1_412' title='bbox 3075 2401 3158 2456; x_wconf 89' lang='lat' dir='ltr'><strong>Ad</strong></span> <span class='ocrx_word' id='word_1_413' title='bbox 3194 2400 3349 2470; x_wconf 92' lang='lat' dir='ltr'><strong>cujus</strong></span> <span class='ocrx_word' id='word_1_414' title='bbox 3393 2401 3681 2455; x_wconf 87' lang='lat' dir='ltr'><strong>adventum</strong></span> <span class='ocrx_word' id='word_1_415' title='bbox 3715 2415 3829 2454; x_wconf 83' lang='lat' dir='ltr'><strong>om-</strong></span> 
     </span>
    </p>
   </div>
   <div class='ocr_carea' id='block_1_54' title="bbox 2249 2493 3828 2564">
    <p class='ocr_par' dir='ltr' id='par_1_54' title="bbox 2249 2493 3828 2564">
     <span class='ocr_line' id='line_1_54' title="bbox 2249 2493 3828 2564; baseline -0.001 -17"><span class='ocrx_word' id='word_1_416' title='bbox 2249 2508 2346 2548; x_wconf 90' lang='lat' dir='ltr'><strong>nes</strong></span> <span class='ocrx_word' id='word_1_417' title='bbox 2371 2493 2619 2548; x_wconf 90' lang='lat' dir='ltr'><strong>homines</strong></span> <span class='ocrx_word' id='word_1_418' title='bbox 2645 2502 2927 2564; x_wconf 87' lang='lat' dir='ltr'><strong>resurgent</strong></span> <span class='ocrx_word' id='word_1_419' title='bbox 2955 2509 3077 2547; x_wconf 91' lang='lat' dir='ltr'><strong>cum</strong></span> <span class='ocrx_word' id='word_1_420' title='bbox 3104 2495 3426 2563; x_wconf 88' lang='lat' dir='ltr'><strong>corporibus</strong></span> <span class='ocrx_word' id='word_1_421' title='bbox 3454 2493 3588 2557; x_wconf 90' lang='lat' dir='ltr'><strong>suis,</strong></span> <span class='ocrx_word' id='word_1_422' title='bbox 3619 2501 3676 2547; x_wconf 87' lang='lat' dir='ltr'><strong>et</strong></span> <span class='ocrx_word' id='word_1_423' title='bbox 3703 2493 3828 2546; x_wconf 83' lang='lat' dir='ltr'><strong>red—</strong></span> 
     </span>
    </p>
   </div>
   <div class='ocr_carea' id='block_1_55' title="bbox 2250 2579 3826 2651">
    <p class='ocr_par' dir='ltr' id='par_1_55' title="bbox 2250 2579 3826 2651">
     <span class='ocr_line' id='line_1_55' title="bbox 2250 2579 3826 2651; baseline -0.003 -14"><span class='ocrx_word' id='word_1_424' title='bbox 2250 2581 2378 2637; x_wconf 90' lang='lat' dir='ltr'><strong>dent</strong></span> <span class='ocrx_word' id='word_1_425' title='bbox 2406 2581 2472 2636; x_wconf 89' lang='lat' dir='ltr'><strong>de</strong></span> <span class='ocrx_word' id='word_1_426' title='bbox 2503 2580 2660 2636; x_wconf 82' lang='lat' dir='ltr'><strong>factis</strong></span> <span class='ocrx_word' id='word_1_427' title='bbox 2689 2582 2924 2650; x_wconf 82' lang='lat' dir='ltr'><strong>prOpriis</strong></span> <span class='ocrx_word' id='word_1_428' title='bbox 2963 2581 3250 2636; x_wconf 88' lang='lat' dir='ltr'><strong>rationem.</strong></span> <span class='ocrx_word' id='word_1_429' title='bbox 3284 2582 3356 2636; x_wconf 84' lang='lat' dir='ltr'><strong>Et</strong></span> <span class='ocrx_word' id='word_1_430' title='bbox 3384 2582 3476 2651; x_wconf 90' lang='lat' dir='ltr'><strong>qui</strong></span> <span class='ocrx_word' id='word_1_431' title='bbox 3503 2581 3676 2650; x_wconf 86' lang='lat' dir='ltr'><strong>gratia</strong></span> <span class='ocrx_word' id='word_1_432' title='bbox 3712 2579 3826 2644; x_wconf 86' lang='lat' dir='ltr'><strong>Dei,</strong></span> 
     </span>
    </p>
   </div>
   <div class='ocr_carea' id='block_1_56' title="bbox 2249 2669 3830 2739">
    <p class='ocr_par' dir='ltr' id='par_1_56' title="bbox 2249 2669 3830 2739">
     <span class='ocr_line' id='line_1_56' title="bbox 2249 2669 3830 2739; baseline -0.001 -15"><span class='ocrx_word' id='word_1_433' title='bbox 2249 2681 2304 2724; x_wconf 92' lang='lat' dir='ltr'><strong>et</strong></span> <span class='ocrx_word' id='word_1_434' title='bbox 2333 2672 2694 2739; x_wconf 89' lang='lat' dir='ltr'><strong>subsequente</strong></span> <span class='ocrx_word' id='word_1_435' title='bbox 2737 2671 2984 2724; x_wconf 89' lang='lat' dir='ltr'><strong>eamdem</strong></span> <span class='ocrx_word' id='word_1_436' title='bbox 3035 2671 3266 2739; x_wconf 86' lang='lat' dir='ltr'><strong>gratiam</strong></span> <span class='ocrx_word' id='word_1_437' title='bbox 3300 2671 3473 2726; x_wconf 89' lang='lat' dir='ltr'><strong>libero</strong></span> <span class='ocrx_word' id='word_1_438' title='bbox 3499 2670 3747 2734; x_wconf 89' lang='lat' dir='ltr'><strong>arbitrio,</strong></span> <span class='ocrx_word' id='word_1_439' title='bbox 3778 2669 3830 2723; x_wconf 85' lang='lat' dir='ltr'><strong>in</strong></span> 
     </span>
    </p>
   </div>
   <div class='ocr_carea' id='block_1_57' title="bbox 2251 2759 3830 2830">
    <p class='ocr_par' dir='ltr' id='par_1_57' title="bbox 2251 2759 3830 2830">
     <span class='ocr_line' id='line_1_57' title="bbox 2251 2759 3830 2830; baseline -0.001 -16"><span class='ocrx_word' id='word_1_440' title='bbox 2251 2761 2355 2815; x_wconf 90' lang='lat' dir='ltr'><strong>ﬁde</strong></span> <span class='ocrx_word' id='word_1_441' title='bbox 2396 2769 2542 2816; x_wconf 86' lang='lat' dir='ltr'><strong>recta</strong></span> <span class='ocrx_word' id='word_1_442' title='bbox 2589 2771 2644 2814; x_wconf 91' lang='lat' dir='ltr'><strong>ct</strong></span> <span class='ocrx_word' id='word_1_443' title='bbox 2681 2760 2936 2829; x_wconf 87' lang='lat' dir='ltr'><strong>operibus</strong></span> <span class='ocrx_word' id='word_1_444' title='bbox 2974 2760 3132 2815; x_wconf 89' lang='lat' dir='ltr'><strong>bonis</strong></span> <span class='ocrx_word' id='word_1_445' title='bbox 3161 2759 3652 2830; x_wconf 87' lang='lat' dir='ltr'><strong>perseveraverint,</strong></span> <span class='ocrx_word' id='word_1_446' title='bbox 3686 2774 3830 2828; x_wconf 70' lang='lat' dir='ltr'><strong>pra:-</strong></span> 
     </span>
    </p>
   </div>
   <div class='ocr_carea' id='block_1_58' title="bbox 2251 2848 3831 2921">
    <p class='ocr_par' dir='ltr' id='par_1_58' title="bbox 2251 2848 3831 2921">
     <span class='ocr_line' id='line_1_58' title="bbox 2251 2848 3831 2921; baseline -0.001 -17"><span class='ocrx_word' id='word_1_447' title='bbox 2251 2851 2371 2904; x_wconf 89' lang='lat' dir='ltr'><strong>sciti</strong></span> <span class='ocrx_word' id='word_1_448' title='bbox 2399 2858 2453 2903; x_wconf 90' lang='lat' dir='ltr'><strong>et</strong></span> <span class='ocrx_word' id='word_1_449' title='bbox 2481 2851 2846 2920; x_wconf 68' lang='lat' dir='ltr'><strong>prtedestinati</strong></span> <span class='ocrx_word' id='word_1_450' title='bbox 2893 2866 2922 2904; x_wconf 91' lang='lat' dir='ltr'><strong>a</strong></span> <span class='ocrx_word' id='word_1_451' title='bbox 2971 2851 3172 2905; x_wconf 50' lang='lat' dir='ltr'><strong>Deo-in</strong></span> <span class='ocrx_word' id='word_1_452' title='bbox 3196 2850 3446 2921; x_wconf 87' lang='lat' dir='ltr'><strong>gloriam,</strong></span> <span class='ocrx_word' id='word_1_453' title='bbox 3477 2849 3632 2904; x_wconf 89' lang='lat' dir='ltr'><strong>ibunt</strong></span> <span class='ocrx_word' id='word_1_454' title='bbox 3657 2848 3712 2902; x_wconf 91' lang='lat' dir='ltr'><strong>in</strong></span> <span class='ocrx_word' id='word_1_455' title='bbox 3755 2848 3831 2902; x_wconf 85' lang='lat' dir='ltr'><strong>vi-</strong></span> 
     </span>
    </p>
   </div>
   <div class='ocr_carea' id='block_1_59' title="bbox 2251 2945 3830 3016">
    <p class='ocr_par' dir='ltr' id='par_1_59' title="bbox 2251 2945 3830 3016">
     <span class='ocr_line' id='line_1_59' title="bbox 2251 2945 3830 3016; baseline 0 -17"><span class='ocrx_word' id='word_1_456' title='bbox 2251 2953 2360 2999; x_wconf 91' lang='lat' dir='ltr'><strong>tam</strong></span> <span class='ocrx_word' id='word_1_457' title='bbox 2384 2953 2642 2999; x_wconf 67' lang='lat' dir='ltr'><strong>aeternam</strong></span> <span class='ocrx_word' id='word_1_458' title='bbox 2671 2945 2879 3010; x_wconf 89' lang='lat' dir='ltr'><strong>electis,</strong></span> <span class='ocrx_word' id='word_1_459' title='bbox 2910 2946 2963 3000; x_wconf 93' lang='lat' dir='ltr'><strong>id</strong></span> <span class='ocrx_word' id='word_1_460' title='bbox 2991 2954 3074 2999; x_wconf 91' lang='lat' dir='ltr'><strong>est</strong></span> <span class='ocrx_word' id='word_1_461' title='bbox 3099 2946 3166 3000; x_wconf 90' lang='lat' dir='ltr'><strong>de</strong></span> <span class='ocrx_word' id='word_1_462' title='bbox 3194 2961 3372 3001; x_wconf 87' lang='lat' dir='ltr'><strong>massa</strong></span> <span class='ocrx_word' id='word_1_463' title='bbox 3402 2946 3725 3016; x_wconf 89' lang='lat' dir='ltr'><strong>perditionis</strong></span> <span class='ocrx_word' id='word_1_464' title='bbox 3754 2955 3830 2999; x_wconf 86' lang='lat' dir='ltr'><strong>to-</strong></span> 
     </span>
    </p>
   </div>
   <div class='ocr_carea' id='block_1_60' title="bbox 2251 3037 3830 3110">
    <p class='ocr_par' dir='ltr' id='par_1_60' title="bbox 2251 3037 3830 3110">
     <span class='ocr_line' id='line_1_60' title="bbox 2251 3037 3830 3110; baseline 0.001 -20"><span class='ocrx_word' id='word_1_465' title='bbox 2251 3037 2357 3092; x_wconf 90' lang='lat' dir='ltr'><strong>tius</strong></span> <span class='ocrx_word' id='word_1_466' title='bbox 2391 3037 2610 3091; x_wconf 87' lang='lat' dir='ltr'><strong>humani</strong></span> <span class='ocrx_word' id='word_1_467' title='bbox 2649 3039 2863 3108; x_wconf 86' lang='lat' dir='ltr'><strong>generis</strong></span> <span class='ocrx_word' id='word_1_468' title='bbox 2891 3039 3052 3110; x_wconf 76' lang='lat'><strong>763</strong></span> <span class='ocrx_word' id='word_1_469' title='bbox 3093 3038 3235 3093; x_wconf 82' lang='lat' dir='ltr'><strong>facta</strong></span> <span class='ocrx_word' id='word_1_470' title='bbox 3278 3040 3331 3094; x_wconf 91' lang='lat' dir='ltr'><strong>in</strong></span> <span class='ocrx_word' id='word_1_471' title='bbox 3357 3041 3528 3094; x_wconf 84' lang='lat' dir='ltr'><strong>Adam</strong></span> <span class='ocrx_word' id='word_1_472' title='bbox 3555 3039 3674 3110; x_wconf 92' lang='lat' dir='ltr'><strong>ipso</strong></span> <span class='ocrx_word' id='word_1_473' title='bbox 3700 3055 3830 3108; x_wconf 83' lang='lat' dir='ltr'><strong>pec-</strong></span> 
     </span>
    </p>
   </div>
   <div class='ocr_carea' id='block_1_61' title="bbox 2252 3131 3834 3205">
    <p class='ocr_par' dir='ltr' id='par_1_61' title="bbox 2252 3131 3834 3205">
     <span class='ocr_line' id='line_1_61' title="bbox 2252 3131 3834 3205; baseline 0.003 -22"><span class='ocrx_word' id='word_1_474' title='bbox 2252 3139 2427 3196; x_wconf 90' lang='lat' dir='ltr'><strong>cante,</strong></span> <span class='ocrx_word' id='word_1_475' title='bbox 2453 3132 2708 3200; x_wconf 89' lang='lat' dir='ltr'><strong>quoniam</strong></span> <span class='ocrx_word' id='word_1_476' title='bbox 2737 3140 2792 3186; x_wconf 93' lang='lat' dir='ltr'><strong>et</strong></span> <span class='ocrx_word' id='word_1_477' title='bbox 2830 3131 2940 3186; x_wconf 87' lang='lat' dir='ltr'><strong>Eva</strong></span> <span class='ocrx_word' id='word_1_478' title='bbox 2966 3133 3079 3202; x_wconf 88' lang='lat' dir='ltr'><strong>ipsa</strong></span> <span class='ocrx_word' id='word_1_479' title='bbox 3109 3143 3193 3188; x_wconf 91' lang='lat' dir='ltr'><strong>est</strong></span> <span class='ocrx_word' id='word_1_480' title='bbox 3211 3134 3407 3199; x_wconf 88' lang='lat' dir='ltr'><strong>Adam,</strong></span> <span class='ocrx_word' id='word_1_481' title='bbox 3446 3145 3622 3205; x_wconf 80' lang='lat' dir='ltr'><strong>gratia</strong></span> <span class='ocrx_word' id='word_1_482' title='bbox 3657 3133 3834 3196; x_wconf 87' lang='lat' dir='ltr'><strong>lectis,</strong></span> 
     </span>
    </p>
   </div>
   <div class='ocr_carea' id='block_1_62' title="bbox 563 3190 3833 3292">
    <p class='ocr_par' dir='ltr' id='par_1_62' title="bbox 563 3190 3833 3292">
     <span class='ocr_line' id='line_1_62' title="bbox 563 3190 3833 3292; baseline 0.004 -16"><span class='ocrx_word' id='word_1_483' title='bbox 563 3220 714 3276; x_wconf 86' lang='lat' dir='ltr'><strong>nitus</strong></span> <span class='ocrx_word' id='word_1_484' title='bbox 746 3237 852 3277; x_wconf 87' lang='lat' dir='ltr'><strong>non</strong></span> <span class='ocrx_word' id='word_1_485' title='bbox 889 3222 1065 3280; x_wconf 79' lang='lat' dir='ltr'><strong>factus</strong></span> <span class='ocrx_word' id='word_1_486' title='bbox 1091 3233 1174 3280; x_wconf 86' lang='lat' dir='ltr'><strong>est</strong></span> <span class='ocrx_word' id='word_1_487' title='bbox 1196 3190 1382 3290; x_wconf 73' lang='lat' dir='ltr'><strong>Filius,</strong></span> <span class='ocrx_word' id='word_1_488' title='bbox 1414 3237 1468 3282; x_wconf 90' lang='lat' dir='ltr'><strong>et</strong></span> <span class='ocrx_word' id='word_1_489' title='bbox 1491 3243 1558 3283; x_wconf 77' lang='lat' dir='ltr'><strong>ex</strong></span> <span class='ocrx_word' id='word_1_490' title='bbox 1589 3228 1751 3283; x_wconf 81' lang='lat' dir='ltr'><strong>Patre</strong></span> <span class='ocrx_word' id='word_1_491' title='bbox 1774 3230 1935 3284; x_wconf 88' lang='lat' dir='ltr'><strong>simul</strong></span> <span class='ocrx_word' id='word_1_492' title='bbox 1959 3246 2024 3284; x_wconf 89' lang='lat' dir='ltr'><strong>ac</strong></span> <span class='ocrx_word' id='word_1_493' title='bbox 2052 3190 2144 3284; x_wconf 57' lang='grc' dir='ltr'><strong>ἕί-</strong></span> <span class='ocrx_word' id='word_1_494' title='bbox 2175 3190 2220 3252; x_wconf 77' lang='lat' dir='ltr'>C</span> <span class='ocrx_word' id='word_1_495' title='bbox 2255 3237 2284 3274; x_wconf 72' lang='grc' dir='ltr'>ει</span> <span class='ocrx_word' id='word_1_496' title='bbox 2315 3221 2423 3275; x_wconf 85' lang='lat' dir='ltr'><strong>Deo</strong></span> <span class='ocrx_word' id='word_1_497' title='bbox 2453 3231 2719 3290; x_wconf 78' lang='lat' dir='ltr'><strong>paratam.</strong></span> <span class='ocrx_word' id='word_1_498' title='bbox 2765 3222 2905 3277; x_wconf 78' lang='lat' dir='ltr'><strong>sicut</strong></span> <span class='ocrx_word' id='word_1_499' title='bbox 2934 3223 3046 3292; x_wconf 79' lang='lat' dir='ltr'><strong>ipsa</strong></span> <span class='ocrx_word' id='word_1_500' title='bbox 3080 3225 3295 3279; x_wconf 71' lang='lat' dir='ltr'><strong>Veritas</strong></span> <span class='ocrx_word' id='word_1_501' title='bbox 3319 3190 3476 3288; x_wconf 52' lang='lat' dir='ltr'><strong>dicit:</strong></span> <span class='ocrx_word' id='word_1_502' title='bbox 3511 3223 3718 3288; x_wconf 70' lang='lat' dir='ltr'><strong>Venite.</strong></span> <span class='ocrx_word' id='word_1_503' title='bbox 3754 3227 3833 3278; x_wconf 77' lang='lat' dir='ltr'><strong>be-</strong></span> 
     </span>
    </p>
   </div>
   <div class='ocr_carea' id='block_1_63' title="bbox 561 3311 2151 3393">
    <p class='ocr_par' dir='ltr' id='par_1_63' title="bbox 561 3311 2151 3393">
     <span class='ocr_line' id='line_1_63' title="bbox 561 3311 2151 3393; baseline 0.008 -26"><span class='ocrx_word' id='word_1_504' title='bbox 561 3311 656 3376; x_wconf 86' lang='lat' dir='ltr'><strong>lio,</strong></span> <span class='ocrx_word' id='word_1_505' title='bbox 680 3316 967 3387; x_wconf 74' lang='lat' dir='ltr'><strong>cozequalis</strong></span> <span class='ocrx_word' id='word_1_506' title='bbox 998 3332 1062 3374; x_wconf 90' lang='lat' dir='ltr'><strong>ac</strong></span> <span class='ocrx_word' id='word_1_507' title='bbox 1087 3319 1566 3377; x_wconf 88' lang='lat' dir='ltr'><strong>consubstantialis</strong></span> <span class='ocrx_word' id='word_1_508' title='bbox 1603 3324 1884 3393; x_wconf 66' lang='lat' dir='ltr'><strong>aequaliter</strong></span> <span class='ocrx_word' id='word_1_509' title='bbox 1905 3325 2151 3392; x_wconf 91' lang='lat' dir='ltr'><strong>procedit</strong></span> 
     </span>
    </p>
   </div>
   <div class='ocr_carea' id='block_1_64' title="bbox 563 3403 2153 3487">
    <p class='ocr_par' dir='ltr' id='par_1_64' title="bbox 563 3403 2153 3487">
     <span class='ocr_line' id='line_1_64' title="bbox 563 3403 2153 3487; baseline 0.007 -27"><span class='ocrx_word' id='word_1_510' title='bbox 563 3403 802 3477; x_wconf 88' lang='lat' dir='ltr'><strong>Spiritus</strong></span> <span class='ocrx_word' id='word_1_511' title='bbox 842 3418 1084 3475; x_wconf 87' lang='lat' dir='ltr'><strong>sanctus,</strong></span> <span class='ocrx_word' id='word_1_512' title='bbox 1133 3411 1226 3480; x_wconf 90' lang='lat' dir='ltr'><strong>qui</strong></span> <span class='ocrx_word' id='word_1_513' title='bbox 1269 3425 1392 3466; x_wconf 92' lang='lat' dir='ltr'><strong>cum</strong></span> <span class='ocrx_word' id='word_1_514' title='bbox 1426 3412 1586 3470; x_wconf 89' lang='lat' dir='ltr'><strong>Patre</strong></span> <span class='ocrx_word' id='word_1_515' title='bbox 1610 3425 1666 3470; x_wconf 89' lang='lat' dir='ltr'><strong>et</strong></span> <span class='ocrx_word' id='word_1_516' title='bbox 1706 3415 1843 3472; x_wconf 86' lang='lat' dir='ltr'><strong>Filio</strong></span> <span class='ocrx_word' id='word_1_517' title='bbox 1873 3418 2153 3487; x_wconf 64' lang='lat' dir='ltr'><strong>mqualiter</strong></span> 
     </span>
    </p>
   </div>
   <div class='ocr_carea' id='block_1_65' title="bbox 564 3497 2151 3571">
    <p class='ocr_par' dir='ltr' id='par_1_65' title="bbox 564 3497 2151 3571">
     <span class='ocr_line' id='line_1_65' title="bbox 564 3497 2151 3571; baseline 0.008 -20"><span class='ocrx_word' id='word_1_518' title='bbox 564 3497 845 3564; x_wconf 84' lang='lat' dir='ltr'><strong>adoratur,</strong></span> <span class='ocrx_word' id='word_1_519' title='bbox 897 3501 1021 3569; x_wconf 88' lang='lat' dir='ltr'><strong>quia</strong></span> <span class='ocrx_word' id='word_1_520' title='bbox 1063 3501 1345 3570; x_wconf 66' lang='lat' dir='ltr'><strong>aequaliter</strong></span> <span class='ocrx_word' id='word_1_521' title='bbox 1369 3512 1453 3558; x_wconf 92' lang='lat' dir='ltr'><strong>est</strong></span> <span class='ocrx_word' id='word_1_522' title='bbox 1480 3505 1642 3571; x_wconf 91' lang='lat' dir='ltr'><strong>Deus,</strong></span> <span class='ocrx_word' id='word_1_523' title='bbox 1694 3515 1835 3562; x_wconf 89' lang='lat' dir='ltr'><strong>totus</strong></span> <span class='ocrx_word' id='word_1_524' title='bbox 1867 3509 2046 3564; x_wconf 87' lang='lat' dir='ltr'><strong>Patris</strong></span> <span class='ocrx_word' id='word_1_525' title='bbox 2095 3519 2151 3564; x_wconf 83' lang='lat' dir='ltr'><strong>et</strong></span> 
     </span>
    </p>
   </div>
   <div class='ocr_carea' id='block_1_66' title="bbox 565 3589 2151 3668">
    <p class='ocr_par' dir='ltr' id='par_1_66' title="bbox 565 3589 2151 3668">
     <span class='ocr_line' id='line_1_66' title="bbox 565 3589 2151 3668; baseline 0.008 -27"><span class='ocrx_word' id='word_1_526' title='bbox 565 3597 713 3644; x_wconf 90' lang='lat' dir='ltr'><strong>totus</strong></span> <span class='ocrx_word' id='word_1_527' title='bbox 751 3589 872 3644; x_wconf 85' lang='lat' dir='ltr'><strong>Filii</strong></span> <span class='ocrx_word' id='word_1_528' title='bbox 907 3590 1160 3662; x_wconf 91' lang='lat' dir='ltr'><strong>Spiritus,</strong></span> <span class='ocrx_word' id='word_1_529' title='bbox 1191 3594 1318 3662; x_wconf 88' lang='lat' dir='ltr'><strong>quia</strong></span> <span class='ocrx_word' id='word_1_530' title='bbox 1359 3611 1498 3650; x_wconf 88' lang='lat' dir='ltr'><strong>unus</strong></span> <span class='ocrx_word' id='word_1_531' title='bbox 1545 3599 1870 3653; x_wconf 89' lang='lat' dir='ltr'><strong>naturaliter</strong></span> <span class='ocrx_word' id='word_1_532' title='bbox 1915 3599 2151 3668; x_wconf 86' lang='lat' dir='ltr'><strong>Spiritus</strong></span> 
     </span>
    </p>
   </div>
   <div class='ocr_carea' id='block_1_67' title="bbox 566 3679 2154 3760">
    <p class='ocr_par' dir='ltr' id='par_1_67' title="bbox 566 3679 2154 3760">
     <span class='ocr_line' id='line_1_67' title="bbox 566 3679 2154 3760; baseline 0.009 -29"><span class='ocrx_word' id='word_1_533' title='bbox 566 3686 650 3732; x_wconf 86' lang='lat' dir='ltr'><strong>est</strong></span> <span class='ocrx_word' id='word_1_534' title='bbox 674 3688 730 3732; x_wconf 92' lang='lat' dir='ltr'><strong>et</strong></span> <span class='ocrx_word' id='word_1_535' title='bbox 750 3679 929 3736; x_wconf 84' lang='lat' dir='ltr'><strong>Patris</strong></span> <span class='ocrx_word' id='word_1_536' title='bbox 950 3690 1004 3735; x_wconf 90' lang='lat' dir='ltr'><strong>et</strong></span> <span class='ocrx_word' id='word_1_537' title='bbox 1032 3681 1172 3736; x_wconf 86' lang='lat' dir='ltr'><strong>Filii.</strong></span> <span class='ocrx_word' id='word_1_538' title='bbox 1199 3683 1433 3740; x_wconf 90' lang='lat' dir='ltr'><strong>Proinde</strong></span> <span class='ocrx_word' id='word_1_539' title='bbox 1463 3695 1606 3743; x_wconf 88' lang='lat' dir='ltr'><strong>totus</strong></span> <span class='ocrx_word' id='word_1_540' title='bbox 1633 3690 1698 3744; x_wconf 88' lang='lat' dir='ltr'><strong>de</strong></span> <span class='ocrx_word' id='word_1_541' title='bbox 1723 3689 1880 3744; x_wconf 87' lang='lat' dir='ltr'><strong>Patre</strong></span> <span class='ocrx_word' id='word_1_542' title='bbox 1907 3692 2154 3760; x_wconf 85' lang='lat' dir='ltr'><strong>procedit</strong></span> 
     </span>
    </p>
   </div>
   <div class='ocr_carea' id='block_1_68' title="bbox 565 3771 2151 3846">
    <p class='ocr_par' dir='ltr' id='par_1_68' title="bbox 565 3771 2151 3846">
     <span class='ocr_line' id='line_1_68' title="bbox 565 3771 2151 3846; baseline 0.009 -24"><span class='ocrx_word' id='word_1_543' title='bbox 565 3776 624 3823; x_wconf 87' lang='lat' dir='ltr'><strong>et</strong></span> <span class='ocrx_word' id='word_1_544' title='bbox 672 3777 816 3825; x_wconf 88' lang='lat' dir='ltr'><strong>totus</strong></span> <span class='ocrx_word' id='word_1_545' title='bbox 853 3771 920 3827; x_wconf 90' lang='lat' dir='ltr'><strong>de</strong></span> <span class='ocrx_word' id='word_1_546' title='bbox 948 3771 1105 3838; x_wconf 86' lang='lat' dir='ltr'><strong>Filio,</strong></span> <span class='ocrx_word' id='word_1_547' title='bbox 1139 3782 1281 3830; x_wconf 90' lang='lat' dir='ltr'><strong>totus</strong></span> <span class='ocrx_word' id='word_1_548' title='bbox 1306 3776 1360 3830; x_wconf 93' lang='lat' dir='ltr'><strong>in</strong></span> <span class='ocrx_word' id='word_1_549' title='bbox 1405 3777 1567 3834; x_wconf 87' lang='lat' dir='ltr'><strong>Patre</strong></span> <span class='ocrx_word' id='word_1_550' title='bbox 1598 3788 1800 3846; x_wconf 87' lang='lat' dir='ltr'><strong>manet,</strong></span> <span class='ocrx_word' id='word_1_551' title='bbox 1830 3789 1888 3835; x_wconf 91' lang='lat' dir='ltr'><strong>et</strong></span> <span class='ocrx_word' id='word_1_552' title='bbox 1933 3789 2074 3836; x_wconf 91' lang='lat' dir='ltr'><strong>totus</strong></span> <span class='ocrx_word' id='word_1_553' title='bbox 2098 3782 2151 3836; x_wconf 92' lang='lat' dir='ltr'><strong>in</strong></span> 
     </span>
    </p>
   </div>
   <div class='ocr_carea' id='block_1_69' title="bbox 567 3859 2154 3942">
    <p class='ocr_par' dir='ltr' id='par_1_69' title="bbox 567 3859 2154 3942">
     <span class='ocr_line' id='line_1_69' title="bbox 567 3859 2154 3942; baseline 0.006 -26"><span class='ocrx_word' id='word_1_554' title='bbox 567 3859 708 3916; x_wconf 89' lang='lat' dir='ltr'><strong>Filio</strong></span> <span class='ocrx_word' id='word_1_555' title='bbox 752 3881 773 3916; x_wconf 86' lang='lat'><strong>:.</strong></span> <span class='ocrx_word' id='word_1_556' title='bbox 797 3865 924 3932; x_wconf 88' lang='lat' dir='ltr'><strong>quia</strong></span> <span class='ocrx_word' id='word_1_557' title='bbox 967 3865 1047 3920; x_wconf 89' lang='lat' dir='ltr'><strong>sic</strong></span> <span class='ocrx_word' id='word_1_558' title='bbox 1084 3875 1267 3922; x_wconf 87' lang='lat' dir='ltr'><strong>manet</strong></span> <span class='ocrx_word' id='word_1_559' title='bbox 1293 3877 1352 3923; x_wconf 94' lang='lat' dir='ltr'><strong>nt</strong></span> <span class='ocrx_word' id='word_1_560' title='bbox 1378 3872 1652 3939; x_wconf 88' lang='lat' dir='ltr'><strong>procedat,</strong></span> <span class='ocrx_word' id='word_1_561' title='bbox 1699 3873 1778 3927; x_wconf 93' lang='lat' dir='ltr'><strong>sic</strong></span> <span class='ocrx_word' id='word_1_562' title='bbox 1809 3873 2052 3942; x_wconf 88' lang='lat' dir='ltr'><strong>procedit</strong></span> <span class='ocrx_word' id='word_1_563' title='bbox 2095 3882 2154 3926; x_wconf 92' lang='lat' dir='ltr'><strong>ut</strong></span> 
     </span>
    </p>
   </div>
   <div class='ocr_carea' id='block_1_70' title="bbox 566 3961 2154 4023">
    <p class='ocr_par' dir='ltr' id='par_1_70' title="bbox 566 3961 2154 4023">
     <span class='ocr_line' id='line_1_70' title="bbox 566 3961 2154 4023; baseline 0.006 -11"><span class='ocrx_word' id='word_1_564' title='bbox 566 3969 804 4014; x_wconf 83' lang='lat' dir='ltr'><strong>maneat.</strong></span> <span class='ocrx_word' id='word_1_565' title='bbox 834 3961 902 4016; x_wconf 86' lang='lat' dir='ltr'><strong>Et</strong></span> <span class='ocrx_word' id='word_1_566' title='bbox 931 3962 1058 4018; x_wconf 90' lang='lat' dir='ltr'><strong>hinc</strong></span> <span class='ocrx_word' id='word_1_567' title='bbox 1108 3965 1426 4020; x_wconf 85' lang='lat' dir='ltr'><strong>naturaliter</strong></span> <span class='ocrx_word' id='word_1_568' title='bbox 1455 3965 1594 4021; x_wconf 88' lang='lat' dir='ltr'><strong>hanc</strong></span> <span class='ocrx_word' id='word_1_569' title='bbox 1642 3969 1802 4023; x_wconf 89' lang='lat' dir='ltr'><strong>habet</strong></span> <span class='ocrx_word' id='word_1_570' title='bbox 1831 3985 1953 4023; x_wconf 88' lang='lat' dir='ltr'><strong>cum</strong></span> <span class='ocrx_word' id='word_1_571' title='bbox 1991 3969 2154 4022; x_wconf 88' lang='lat' dir='ltr'><strong>Patre</strong></span> 
     </span>
    </p>
   </div>
   <div class='ocr_carea' id='block_1_71' title="bbox 565 4047 2156 4126">
    <p class='ocr_par' dir='ltr' id='par_1_71' title="bbox 565 4047 2156 4126">
     <span class='ocr_line' id='line_1_71' title="bbox 565 4047 2156 4126; baseline 0.006 -22"><span class='ocrx_word' id='word_1_572' title='bbox 565 4056 624 4104; x_wconf 89' lang='lat' dir='ltr'><strong>et</strong></span> <span class='ocrx_word' id='word_1_573' title='bbox 650 4047 788 4105; x_wconf 90' lang='lat' dir='ltr'><strong>Filio</strong></span> <span class='ocrx_word' id='word_1_574' title='bbox 815 4051 1039 4108; x_wconf 86' lang='lat' dir='ltr'><strong>unitatis</strong></span> <span class='ocrx_word' id='word_1_575' title='bbox 1062 4053 1473 4123; x_wconf 89' lang='lat' dir='ltr'><strong>plenitudinem,</strong></span> <span class='ocrx_word' id='word_1_576' title='bbox 1499 4066 1554 4109; x_wconf 91' lang='lat' dir='ltr'><strong>et</strong></span> <span class='ocrx_word' id='word_1_577' title='bbox 1587 4058 1936 4126; x_wconf 86' lang='lat' dir='ltr'><strong>plenitudinis</strong></span> <span class='ocrx_word' id='word_1_578' title='bbox 1976 4060 2156 4113; x_wconf 86' lang='lat' dir='ltr'><strong>unita-</strong></span> 
     </span>
    </p>
   </div>
   <div class='ocr_carea' id='block_1_72' title="bbox 567 4142 2152 4216">
    <p class='ocr_par' dir='ltr' id='par_1_72' title="bbox 567 4142 2152 4216">
     <span class='ocr_line' id='line_1_72' title="bbox 567 4142 2152 4216; baseline 0.007 -24"><span class='ocrx_word' id='word_1_579' title='bbox 567 4144 701 4204; x_wconf 85' lang='lat' dir='ltr'><strong>tem,</strong></span> <span class='ocrx_word' id='word_1_580' title='bbox 760 4148 822 4194; x_wconf 91' lang='lat' dir='ltr'><strong>ut</strong></span> <span class='ocrx_word' id='word_1_581' title='bbox 875 4149 1048 4196; x_wconf 87' lang='lat' dir='ltr'><strong>totum</strong></span> <span class='ocrx_word' id='word_1_582' title='bbox 1100 4142 1315 4199; x_wconf 91' lang='lat' dir='ltr'><strong>Patrem</strong></span> <span class='ocrx_word' id='word_1_583' title='bbox 1373 4145 1568 4200; x_wconf 88' lang='lat' dir='ltr'><strong>habeat</strong></span> <span class='ocrx_word' id='word_1_584' title='bbox 1621 4156 1900 4216; x_wconf 88' lang='lat' dir='ltr'><strong>totumque</strong></span> <span class='ocrx_word' id='word_1_585' title='bbox 1935 4147 2152 4215; x_wconf 85' lang='lat' dir='ltr'><strong>Filium,</strong></span> 
     </span>
    </p>
   </div>
   <div class='ocr_carea' id='block_1_73' title="bbox 567 4229 2154 4302">
    <p class='ocr_par' dir='ltr' id='par_1_73' title="bbox 567 4229 2154 4302">
     <span class='ocr_line' id='line_1_73' title="bbox 567 4229 2154 4302; baseline 0.008 -17"><span class='ocrx_word' id='word_1_586' title='bbox 567 4229 793 4302; x_wconf 91' lang='lat' dir='ltr'><strong>ipseque</strong></span> <span class='ocrx_word' id='word_1_587' title='bbox 837 4241 986 4288; x_wconf 87' lang='lat' dir='ltr'><strong>totus</strong></span> <span class='ocrx_word' id='word_1_588' title='bbox 1030 4235 1293 4291; x_wconf 89' lang='lat' dir='ltr'><strong>habeatur</strong></span> <span class='ocrx_word' id='word_1_589' title='bbox 1337 4252 1368 4291; x_wconf 92' lang='lat' dir='ltr'><strong>a</strong></span> <span class='ocrx_word' id='word_1_590' title='bbox 1427 4237 1607 4301; x_wconf 90' lang='lat' dir='ltr'><strong>Patre,</strong></span> <span class='ocrx_word' id='word_1_591' title='bbox 1649 4248 1793 4294; x_wconf 87' lang='lat' dir='ltr'><strong>totus</strong></span> <span class='ocrx_word' id='word_1_592' title='bbox 1821 4241 2085 4296; x_wconf 87' lang='lat' dir='ltr'><strong>habeatur</strong></span> <span class='ocrx_word' id='word_1_593' title='bbox 2123 4258 2154 4297; x_wconf 89' lang='lat' dir='ltr'><strong>a</strong></span> 
     </span>
    </p>
   </div>
   <div class='ocr_carea' id='block_1_74' title="bbox 568 4319 2153 4400">
    <p class='ocr_par' dir='ltr' id='par_1_74' title="bbox 568 4319 2153 4400">
     <span class='ocr_line' id='line_1_74' title="bbox 568 4319 2153 4400; baseline 0.007 -26"><span class='ocrx_word' id='word_1_594' title='bbox 568 4319 706 4376; x_wconf 87' lang='lat' dir='ltr'><strong>Filio</strong></span> <span class='ocrx_word' id='word_1_595' title='bbox 752 4340 776 4376; x_wconf 90' lang='lat'><strong>:.</strong></span> <span class='ocrx_word' id='word_1_596' title='bbox 820 4325 912 4394; x_wconf 85' lang='lat' dir='ltr'><strong>qui</strong></span> <span class='ocrx_word' id='word_1_597' title='bbox 956 4325 1120 4379; x_wconf 89' lang='lat' dir='ltr'><strong>etiam</strong></span> <span class='ocrx_word' id='word_1_598' title='bbox 1147 4341 1177 4379; x_wconf 90' lang='lat' dir='ltr'><strong>a</strong></span> <span class='ocrx_word' id='word_1_599' title='bbox 1203 4326 1365 4382; x_wconf 85' lang='lat' dir='ltr'><strong>Patre</strong></span> <span class='ocrx_word' id='word_1_600' title='bbox 1410 4337 1466 4382; x_wconf 92' lang='lat' dir='ltr'><strong>et</strong></span> <span class='ocrx_word' id='word_1_601' title='bbox 1492 4329 1628 4384; x_wconf 83' lang='lat' dir='ltr'><strong>Filio</strong></span> <span class='ocrx_word' id='word_1_602' title='bbox 1667 4330 1947 4400; x_wconf 64' lang='lat' dir='ltr'><strong>atqualitcr</strong></span> <span class='ocrx_word' id='word_1_603' title='bbox 1973 4333 2153 4396; x_wconf 91' lang='lat' dir='ltr'><strong>datur,</strong></span> 
     </span>
    </p>
   </div>
   <div class='ocr_carea' id='block_1_75' title="bbox 570 4413 2157 4494">
    <p class='ocr_par' dir='ltr' id='par_1_75' title="bbox 570 4413 2157 4494">
     <span class='ocr_line' id='line_1_75' title="bbox 570 4413 2157 4494; baseline 0.007 -26"><span class='ocrx_word' id='word_1_604' title='bbox 570 4413 681 4469; x_wconf 90' lang='lat' dir='ltr'><strong>imo</strong></span> <span class='ocrx_word' id='word_1_605' title='bbox 709 4423 767 4469; x_wconf 93' lang='lat' dir='ltr'><strong>et</strong></span> <span class='ocrx_word' id='word_1_606' title='bbox 788 4430 820 4468; x_wconf 89' lang='lat' dir='ltr'><strong>a</strong></span> <span class='ocrx_word' id='word_1_607' title='bbox 854 4416 1032 4486; x_wconf 83' lang='lat' dir='ltr'><strong>seipse</strong></span> <span class='ocrx_word' id='word_1_608' title='bbox 1060 4417 1220 4471; x_wconf 86' lang='lat' dir='ltr'><strong>datur</strong></span> <span class='ocrx_word' id='word_1_609' title='bbox 1251 4437 1264 4472; x_wconf 88' lang='lat'><strong>:</strong></span> <span class='ocrx_word' id='word_1_610' title='bbox 1310 4419 1530 4489; x_wconf 90' lang='lat' dir='ltr'><strong>ipseque</strong></span> <span class='ocrx_word' id='word_1_611' title='bbox 1560 4423 1757 4476; x_wconf 87' lang='lat' dir='ltr'><strong>donum</strong></span> <span class='ocrx_word' id='word_1_612' title='bbox 1792 4424 1885 4477; x_wconf 88' lang='lat' dir='ltr'><strong>Dei</strong></span> <span class='ocrx_word' id='word_1_613' title='bbox 1917 4433 1970 4478; x_wconf 91' lang='lat' dir='ltr'><strong>et</strong></span> <span class='ocrx_word' id='word_1_614' title='bbox 1998 4441 2157 4494; x_wconf 82' lang='lat' dir='ltr'><strong>para-</strong></span> 
     </span>
    </p>
   </div>
   <div class='ocr_carea' id='block_1_76' title="bbox 569 4505 2154 4582">
    <p class='ocr_par' dir='ltr' id='par_1_76' title="bbox 569 4505 2154 4582">
     <span class='ocr_line' id='line_1_76' title="bbox 569 4505 2154 4582; baseline 0.005 -21"><span class='ocrx_word' id='word_1_615' title='bbox 569 4505 752 4570; x_wconf 92' lang='lat' dir='ltr'><strong>clitus,</strong></span> <span class='ocrx_word' id='word_1_616' title='bbox 803 4507 856 4561; x_wconf 91' lang='lat' dir='ltr'><strong>id</strong></span> <span class='ocrx_word' id='word_1_617' title='bbox 881 4516 965 4561; x_wconf 91' lang='lat' dir='ltr'><strong>est</strong></span> <span class='ocrx_word' id='word_1_618' title='bbox 990 4509 1316 4574; x_wconf 89' lang='lat' dir='ltr'><strong>consolator,</strong></span> <span class='ocrx_word' id='word_1_619' title='bbox 1351 4512 1565 4575; x_wconf 89' lang='lat' dir='ltr'><strong>dicitur,</strong></span> <span class='ocrx_word' id='word_1_620' title='bbox 1615 4513 1740 4582; x_wconf 90' lang='lat' dir='ltr'><strong>quia</strong></span> <span class='ocrx_word' id='word_1_621' title='bbox 1780 4529 1990 4581; x_wconf 87' lang='lat' dir='ltr'><strong>revera,</strong></span> <span class='ocrx_word' id='word_1_622' title='bbox 2026 4515 2154 4569; x_wconf 91' lang='lat' dir='ltr'><strong>dum</strong></span> 
     </span>
    </p>
   </div>
   <div class='ocr_carea' id='block_1_77' title="bbox 571 4587 2158 4665">
    <p class='ocr_par' dir='ltr' id='par_1_77' title="bbox 571 4587 2158 4665">
     <span class='ocr_line' id='line_1_77' title="bbox 571 4587 2158 4665; baseline 0.007 -17"><span class='ocrx_word' id='word_1_623' title='bbox 571 4596 713 4650; x_wconf 89' lang='lat' dir='ltr'><strong>dona</strong></span> <span class='ocrx_word' id='word_1_624' title='bbox 739 4587 1203 4654; x_wconf 66' lang='lat' dir='ltr'><strong>sacramentorum</strong></span> <span class='ocrx_word' id='word_1_625' title='bbox 1244 4600 1538 4665; x_wconf 86' lang='lat' dir='ltr'><strong>distribuit,</strong></span> <span class='ocrx_word' id='word_1_626' title='bbox 1585 4603 2006 4658; x_wconf 88' lang='lat' dir='ltr'><strong>consolationem</strong></span> <span class='ocrx_word' id='word_1_627' title='bbox 2042 4606 2158 4659; x_wconf 89' lang='lat' dir='ltr'><strong>ani-</strong></span> 
     </span>
    </p>
   </div>
   <div class='ocr_carea' id='block_1_78' title="bbox 571 4687 2155 4761">
    <p class='ocr_par' dir='ltr' id='par_1_78' title="bbox 571 4687 2155 4761">
     <span class='ocr_line' id='line_1_78' title="bbox 571 4687 2155 4761; baseline 0.008 -22"><span class='ocrx_word' id='word_1_628' title='bbox 571 4701 675 4746; x_wconf 64' lang='lat' dir='ltr'><strong>ma?</strong></span> <span class='ocrx_word' id='word_1_629' title='bbox 699 4687 903 4756; x_wconf 64' lang='lat' dir='ltr'><strong>praebet</strong></span> <span class='ocrx_word' id='word_1_630' title='bbox 944 4707 957 4742; x_wconf 92' lang='lat'>:</span> <span class='ocrx_word' id='word_1_631' title='bbox 1001 4705 1100 4758; x_wconf 89' lang='lat' dir='ltr'><strong>per</strong></span> <span class='ocrx_word' id='word_1_632' title='bbox 1141 4707 1302 4761; x_wconf 88' lang='lat' dir='ltr'><strong>quem</strong></span> <span class='ocrx_word' id='word_1_633' title='bbox 1333 4691 1650 4749; x_wconf 77' lang='lat' dir='ltr'><strong>diﬁ‘unditur</strong></span> <span class='ocrx_word' id='word_1_634' title='bbox 1690 4696 1742 4749; x_wconf 93' lang='lat' dir='ltr'><strong>in</strong></span> <span class='ocrx_word' id='word_1_635' title='bbox 1777 4697 2030 4751; x_wconf 87' lang='lat' dir='ltr'><strong>cordibus</strong></span> <span class='ocrx_word' id='word_1_636' title='bbox 2061 4713 2155 4752; x_wconf 90' lang='lat' dir='ltr'><strong>no—</strong></span> 
     </span>
    </p>
   </div>
   <div class='ocr_carea' id='block_1_79' title="bbox 572 4777 2160 4853">
    <p class='ocr_par' dir='ltr' id='par_1_79' title="bbox 572 4777 2160 4853">
     <span class='ocr_line' id='line_1_79' title="bbox 572 4777 2160 4853; baseline 0.005 -18"><span class='ocrx_word' id='word_1_637' title='bbox 572 4777 704 4835; x_wconf 87' lang='lat' dir='ltr'><strong>stris</strong></span> <span class='ocrx_word' id='word_1_638' title='bbox 734 4779 831 4834; x_wconf 90' lang='lat' dir='ltr'><strong>Dei</strong></span> <span class='ocrx_word' id='word_1_639' title='bbox 860 4779 1115 4847; x_wconf 84' lang='lat' dir='ltr'><strong>eharitas,</strong></span> <span class='ocrx_word' id='word_1_640' title='bbox 1145 4797 1243 4852; x_wconf 91' lang='lat' dir='ltr'><strong>per</strong></span> <span class='ocrx_word' id='word_1_641' title='bbox 1271 4797 1435 4853; x_wconf 90' lang='lat' dir='ltr'><strong>quam</strong></span> <span class='ocrx_word' id='word_1_642' title='bbox 1464 4800 1563 4840; x_wconf 91' lang='lat' dir='ltr'><strong>nos</strong></span> <span class='ocrx_word' id='word_1_643' title='bbox 1594 4794 1703 4842; x_wconf 87' lang='lat' dir='ltr'><strong>tota</strong></span> <span class='ocrx_word' id='word_1_644' title='bbox 1741 4789 2008 4844; x_wconf 79' lang='lat' dir='ltr'><strong>inhabitat</strong></span> <span class='ocrx_word' id='word_1_645' title='bbox 2036 4788 2160 4843; x_wconf 90' lang='lat' dir='ltr'><strong>Tri-</strong></span> 
     </span>
    </p>
   </div>
   <div class='ocr_carea' id='block_1_80' title="bbox 571 4873 738 4928">
    <p class='ocr_par' dir='ltr' id='par_1_80' title="bbox 571 4873 738 4928">
     <span class='ocr_line' id='line_1_80' title="bbox 571 4873 738 4928; baseline -0.012 0"><span class='ocrx_word' id='word_1_646' title='bbox 571 4873 738 4928; x_wconf 89' lang='lat' dir='ltr'><strong>nitas.</strong></span> 
     </span>
    </p>
   </div>
   <div class='ocr_carea' id='block_1_81' title="bbox 645 4963 2160 5040">
    <p class='ocr_par' dir='ltr' id='par_1_81' title="bbox 645 4963 2160 5040">
     <span class='ocr_line' id='line_1_81' title="bbox 645 4963 2160 5040; baseline 0.008 -23"><span class='ocrx_word' id='word_1_647' title='bbox 645 4963 724 5019; x_wconf 93' lang='lat' dir='ltr'><strong>De</strong></span> <span class='ocrx_word' id='word_1_648' title='bbox 750 4963 1134 5023; x_wconf 80' lang='lat' dir='ltr'><strong>lncarnatione</strong></span> <span class='ocrx_word' id='word_1_649' title='bbox 1156 4983 1372 5040; x_wconf 90' lang='lat' dir='ltr'><strong>quoque</strong></span> <span class='ocrx_word' id='word_1_650' title='bbox 1401 4969 1611 5026; x_wconf 89' lang='lat' dir='ltr'><strong>Domini</strong></span> <span class='ocrx_word' id='word_1_651' title='bbox 1645 4974 1812 5028; x_wconf 89' lang='lat' dir='ltr'><strong>nostri</strong></span> <span class='ocrx_word' id='word_1_652' title='bbox 1843 4973 1970 5029; x_wconf 88' lang='lat' dir='ltr'><strong>Jesn</strong></span> <span class='ocrx_word' id='word_1_653' title='bbox 2002 4973 2160 5029; x_wconf 85' lang='lat' dir='ltr'><strong>Chri-</strong></span> 
     </span>
    </p>
   </div>
   <div class='ocr_carea' id='block_1_82' title="bbox 575 5054 2158 5136">
    <p class='ocr_par' dir='ltr' id='par_1_82' title="bbox 575 5054 2158 5136">
     <span class='ocr_line' id='line_1_82' title="bbox 575 5054 2158 5136; baseline 0.009 -29"><span class='ocrx_word' id='word_1_654' title='bbox 575 5054 666 5120; x_wconf 88' lang='lat' dir='ltr'><strong>sti,</strong></span> <span class='ocrx_word' id='word_1_655' title='bbox 695 5070 804 5110; x_wconf 90' lang='lat' dir='ltr'><strong>una</strong></span> <span class='ocrx_word' id='word_1_656' title='bbox 826 5071 893 5111; x_wconf 81' lang='lat' dir='ltr'><strong>ex</strong></span> <span class='ocrx_word' id='word_1_657' title='bbox 917 5058 1106 5113; x_wconf 88' lang='lat' dir='ltr'><strong>eadem</strong></span> <span class='ocrx_word' id='word_1_658' title='bbox 1132 5068 1188 5113; x_wconf 90' lang='lat' dir='ltr'><strong>et</strong></span> <span class='ocrx_word' id='word_1_659' title='bbox 1215 5059 1268 5114; x_wconf 91' lang='lat' dir='ltr'><strong>in</strong></span> <span class='ocrx_word' id='word_1_660' title='bbox 1295 5063 1485 5117; x_wconf 86' lang='lat' dir='ltr'><strong>eadem</strong></span> <span class='ocrx_word' id='word_1_661' title='bbox 1525 5075 1710 5118; x_wconf 89' lang='lat' dir='ltr'><strong>sancta</strong></span> <span class='ocrx_word' id='word_1_662' title='bbox 1744 5065 1784 5118; x_wconf 91' lang='grc' dir='ltr'><strong>Τ</strong></span> <span class='ocrx_word' id='word_1_663' title='bbox 1791 5066 2009 5120; x_wconf 90' lang='lat' dir='ltr'><strong>rinitate</strong></span> <span class='ocrx_word' id='word_1_664' title='bbox 2033 5080 2158 5136; x_wconf 88' lang='lat' dir='ltr'><strong>per-</strong></span> 
     </span>
    </p>
   </div>
   <div class='ocr_carea' id='block_1_83' title="bbox 574 5146 2163 5220">
    <p class='ocr_par' dir='ltr' id='par_1_83' title="bbox 574 5146 2163 5220">
     <span class='ocr_line' id='line_1_83' title="bbox 574 5146 2163 5220; baseline 0.007 -21"><span class='ocrx_word' id='word_1_665' title='bbox 574 5160 730 5212; x_wconf 89' lang='lat' dir='ltr'><strong>sona,</strong></span> <span class='ocrx_word' id='word_1_666' title='bbox 772 5146 1004 5202; x_wconf 89' lang='lat' dir='ltr'><strong>ﬁdeliter</strong></span> <span class='ocrx_word' id='word_1_667' title='bbox 1041 5150 1257 5204; x_wconf 87' lang='lat' dir='ltr'><strong>sentiat.</strong></span> <span class='ocrx_word' id='word_1_668' title='bbox 1303 5152 1468 5206; x_wconf 89' lang='lat' dir='ltr'><strong>Deum</strong></span> <span class='ocrx_word' id='word_1_669' title='bbox 1511 5154 1782 5220; x_wconf 85' lang='lat' dir='ltr'><strong>videlicet,</strong></span> <span class='ocrx_word' id='word_1_670' title='bbox 1832 5165 1887 5210; x_wconf 90' lang='lat' dir='ltr'><strong>et</strong></span> <span class='ocrx_word' id='word_1_671' title='bbox 1915 5172 2038 5211; x_wconf 91' lang='lat' dir='ltr'><strong>eum</strong></span> <span class='ocrx_word' id='word_1_672' title='bbox 2071 5171 2163 5210; x_wconf 86' lang='lat' dir='ltr'><strong>ve-</strong></span> 
     </span>
    </p>
   </div>
   <div class='ocr_carea' id='block_1_84' title="bbox 575 5240 2162 5312">
    <p class='ocr_par' dir='ltr' id='par_1_84' title="bbox 575 5240 2162 5312">
     <span class='ocr_line' id='line_1_84' title="bbox 575 5240 2162 5312; baseline 0.007 -20"><span class='ocrx_word' id='word_1_673' title='bbox 575 5255 696 5292; x_wconf 89' lang='lat' dir='ltr'><strong>rum</strong></span> <span class='ocrx_word' id='word_1_674' title='bbox 733 5247 791 5293; x_wconf 89' lang='lat' dir='ltr'><strong>et</strong></span> <span class='ocrx_word' id='word_1_675' title='bbox 832 5240 1131 5310; x_wconf 80' lang='lat' dir='ltr'><strong>perfectum</strong></span> <span class='ocrx_word' id='word_1_676' title='bbox 1172 5253 1297 5298; x_wconf 89' lang='lat' dir='ltr'><strong>ante</strong></span> <span class='ocrx_word' id='word_1_677' title='bbox 1333 5245 1513 5299; x_wconf 89' lang='lat' dir='ltr'><strong>omnia</strong></span> <span class='ocrx_word' id='word_1_678' title='bbox 1553 5247 1767 5312; x_wconf 63' lang='lat' dir='ltr'><strong>saecula,</strong></span> <span class='ocrx_word' id='word_1_679' title='bbox 1805 5258 1859 5302; x_wconf 92' lang='lat' dir='ltr'><strong>et</strong></span> <span class='ocrx_word' id='word_1_680' title='bbox 1889 5249 2007 5302; x_wconf 85' lang='lat' dir='ltr'><strong>sine</strong></span> <span class='ocrx_word' id='word_1_681' title='bbox 2053 5249 2162 5304; x_wconf 91' lang='lat' dir='ltr'><strong>ullo</strong></span> 
     </span>
    </p>
   </div>
   <div class='ocr_carea' id='block_1_85' title="bbox 578 5329 2162 5404">
    <p class='ocr_par' dir='ltr' id='par_1_85' title="bbox 578 5329 2162 5404">
     <span class='ocr_line' id='line_1_85' title="bbox 578 5329 2162 5404; baseline 0.006 -20"><span class='ocrx_word' id='word_1_682' title='bbox 578 5329 734 5386; x_wconf 92' lang='lat' dir='ltr'><strong>initio</strong></span> <span class='ocrx_word' id='word_1_683' title='bbox 772 5333 1018 5396; x_wconf 87' lang='lat' dir='ltr'><strong>credens,</strong></span> <span class='ocrx_word' id='word_1_684' title='bbox 1051 5342 1107 5388; x_wconf 92' lang='lat' dir='ltr'><strong>et</strong></span> <span class='ocrx_word' id='word_1_685' title='bbox 1152 5348 1340 5389; x_wconf 91' lang='lat' dir='ltr'><strong>verum</strong></span> <span class='ocrx_word' id='word_1_686' title='bbox 1387 5351 1450 5390; x_wconf 89' lang='lat' dir='ltr'><strong>ac</strong></span> <span class='ocrx_word' id='word_1_687' title='bbox 1475 5336 1771 5404; x_wconf 82' lang='lat' dir='ltr'><strong>perfectum</strong></span> <span class='ocrx_word' id='word_1_688' title='bbox 1800 5339 2076 5392; x_wconf 87' lang='lat' dir='ltr'><strong>hominem</strong></span> <span class='ocrx_word' id='word_1_689' title='bbox 2107 5338 2162 5393; x_wconf 92' lang='lat' dir='ltr'><strong>in</strong></span> 
     </span>
    </p>
   </div>
   <div class='ocr_carea' id='block_1_86' title="bbox 573 5418 2162 5497">
    <p class='ocr_par' dir='ltr' id='par_1_86' title="bbox 573 5418 2162 5497">
     <span class='ocr_line' id='line_1_86' title="bbox 573 5418 2162 5497; baseline 0.004 -20"><span class='ocrx_word' id='word_1_690' title='bbox 573 5418 685 5477; x_wconf 80' lang='lat' dir='ltr'><strong>ﬁne</strong></span> <span class='ocrx_word' id='word_1_691' title='bbox 699 5421 1036 5487; x_wconf 71' lang='lat' dir='ltr'><strong>saeculorum,</strong></span> <span class='ocrx_word' id='word_1_692' title='bbox 1058 5424 1110 5478; x_wconf 92' lang='lat' dir='ltr'><strong>in</strong></span> <span class='ocrx_word' id='word_1_693' title='bbox 1134 5425 1343 5480; x_wconf 87' lang='lat' dir='ltr'><strong>duabus</strong></span> <span class='ocrx_word' id='word_1_694' title='bbox 1377 5435 1433 5480; x_wconf 91' lang='lat' dir='ltr'><strong>et</strong></span> <span class='ocrx_word' id='word_1_695' title='bbox 1459 5443 1524 5481; x_wconf 77' lang='lat' dir='ltr'><strong>ex</strong></span> <span class='ocrx_word' id='word_1_696' title='bbox 1550 5428 1757 5482; x_wconf 88' lang='lat' dir='ltr'><strong>duabus</strong></span> <span class='ocrx_word' id='word_1_697' title='bbox 1781 5428 1987 5482; x_wconf 87' lang='lat' dir='ltr'><strong>naturis</strong></span> <span class='ocrx_word' id='word_1_698' title='bbox 2001 5437 2162 5497; x_wconf 90' lang='lat' dir='ltr'><strong>atque</strong></span> 
     </span>
    </p>
   </div>
   <div class='ocr_carea' id='block_1_87' title="bbox 575 5513 2166 5588">
    <p class='ocr_par' dir='ltr' id='par_1_87' title="bbox 575 5513 2166 5588">
     <span class='ocr_line' id='line_1_87' title="bbox 575 5513 2166 5588; baseline 0.003 -18"><span class='ocrx_word' id='word_1_699' title='bbox 575 5513 898 5570; x_wconf 74' lang='lat' dir='ltr'><strong>substantiis</strong></span> <span class='ocrx_word' id='word_1_700' title='bbox 944 5515 999 5569; x_wconf 91' lang='lat' dir='ltr'><strong>in</strong></span> <span class='ocrx_word' id='word_1_701' title='bbox 1031 5530 1136 5569; x_wconf 88' lang='lat' dir='ltr'><strong>una</strong></span> <span class='ocrx_word' id='word_1_702' title='bbox 1167 5529 1394 5585; x_wconf 87' lang='lat' dir='ltr'><strong>persona</strong></span> <span class='ocrx_word' id='word_1_703' title='bbox 1422 5519 1722 5573; x_wconf 88' lang='lat' dir='ltr'><strong>consistere</strong></span> <span class='ocrx_word' id='word_1_704' title='bbox 1769 5533 1784 5572; x_wconf 89' lang='lat'><strong>:</strong></span> <span class='ocrx_word' id='word_1_705' title='bbox 1832 5529 1892 5573; x_wconf 91' lang='lat' dir='ltr'><strong>ut</strong></span> <span class='ocrx_word' id='word_1_706' title='bbox 1941 5519 2032 5588; x_wconf 90' lang='lat' dir='ltr'><strong>qui</strong></span> <span class='ocrx_word' id='word_1_707' title='bbox 2069 5534 2166 5588; x_wconf 91' lang='lat' dir='ltr'><strong>per</strong></span> 
     </span>
    </p>
   </div>
   <div class='ocr_carea' id='block_1_88' title="bbox 580 5604 2165 5681">
    <p class='ocr_par' dir='ltr' id='par_1_88' title="bbox 580 5604 2165 5681">
     <span class='ocr_line' id='line_1_88' title="bbox 580 5604 2165 5681; baseline 0.003 -21"><span class='ocrx_word' id='word_1_708' title='bbox 580 5604 883 5662; x_wconf 89' lang='lat' dir='ltr'><strong>divinitatis</strong></span> <span class='ocrx_word' id='word_1_709' title='bbox 909 5622 1020 5662; x_wconf 73' lang='lat' dir='ltr'><strong>sua:</strong></span> <span class='ocrx_word' id='word_1_710' title='bbox 1043 5609 1339 5677; x_wconf 84' lang='lat' dir='ltr'><strong>potentiam</strong></span> <span class='ocrx_word' id='word_1_711' title='bbox 1369 5625 1466 5664; x_wconf 89' lang='lat' dir='ltr'><strong>nos</strong></span> <span class='ocrx_word' id='word_1_712' title='bbox 1486 5620 1764 5665; x_wconf 84' lang='lat' dir='ltr'><strong>creaverat</strong></span> <span class='ocrx_word' id='word_1_713' title='bbox 1791 5613 1857 5665; x_wconf 89' lang='lat' dir='ltr'><strong>ad</strong></span> <span class='ocrx_word' id='word_1_714' title='bbox 1883 5611 2165 5681; x_wconf 77' lang='lat' dir='ltr'><strong>perfruen-</strong></span> 
     </span>
    </p>
   </div>
   <div class='ocr_carea' id='block_1_89' title="bbox 583 5698 2162 5773">
    <p class='ocr_par' dir='ltr' id='par_1_89' title="bbox 583 5698 2162 5773">
     <span class='ocr_line' id='line_1_89' title="bbox 583 5698 2162 5773; baseline 0.003 -22"><span class='ocrx_word' id='word_1_715' title='bbox 583 5698 706 5751; x_wconf 89' lang='lat' dir='ltr'><strong>dam</strong></span> <span class='ocrx_word' id='word_1_716' title='bbox 730 5699 856 5752; x_wconf 63' lang='lat' dir='ltr'><strong>vitae</strong></span> <span class='ocrx_word' id='word_1_717' title='bbox 883 5700 1272 5756; x_wconf 89' lang='lat' dir='ltr'><strong>beatitudinem</strong></span> <span class='ocrx_word' id='word_1_718' title='bbox 1301 5704 1576 5771; x_wconf 89' lang='lat' dir='ltr'><strong>perennis,</strong></span> <span class='ocrx_word' id='word_1_719' title='bbox 1606 5703 1716 5771; x_wconf 88' lang='lat' dir='ltr'><strong>ipse</strong></span> <span class='ocrx_word' id='word_1_720' title='bbox 1758 5721 1856 5772; x_wconf 87' lang='lat' dir='ltr'><strong>per</strong></span> <span class='ocrx_word' id='word_1_721' title='bbox 1899 5703 2162 5773; x_wconf 84' lang='lat' dir='ltr'><strong>fragilita-</strong></span> 
     </span>
    </p>
   </div>
   <div class='ocr_carea' id='block_1_90' title="bbox 582 5791 2160 5859">
    <p class='ocr_par' dir='ltr' id='par_1_90' title="bbox 582 5791 2160 5859">
     <span class='ocr_line' id='line_1_90' title="bbox 582 5791 2160 5859; baseline 0.003 -13"><span class='ocrx_word' id='word_1_722' title='bbox 582 5798 691 5846; x_wconf 76' lang='lat' dir='ltr'><strong>lcrn</strong></span> <span class='ocrx_word' id='word_1_723' title='bbox 725 5791 1076 5848; x_wconf 87' lang='lat' dir='ltr'><strong>humanitatis</strong></span> <span class='ocrx_word' id='word_1_724' title='bbox 1104 5802 1299 5849; x_wconf 74' lang='lat' dir='ltr'><strong>nostra:</strong></span> <span class='ocrx_word' id='word_1_725' title='bbox 1325 5810 1422 5851; x_wconf 92' lang='lat' dir='ltr'><strong>nos</strong></span> <span class='ocrx_word' id='word_1_726' title='bbox 1453 5804 1780 5852; x_wconf 86' lang='lat' dir='ltr'><strong>restaurarct</strong></span> <span class='ocrx_word' id='word_1_727' title='bbox 1807 5798 1872 5850; x_wconf 89' lang='lat' dir='ltr'><strong>ad</strong></span> <span class='ocrx_word' id='word_1_728' title='bbox 1900 5797 2160 5859; x_wconf 81' lang='lat' dir='ltr'><strong>recipien-</strong></span> 
     </span>
    </p>
   </div>
   <div class='ocr_carea' id='block_1_91' title="bbox 2253 3315 3834 3389">
    <p class='ocr_par' dir='ltr' id='par_1_91' title="bbox 2253 3315 3834 3389">
     <span class='ocr_line' id='line_1_91' title="bbox 2253 3315 3834 3389; baseline 0.002 -21"><span class='ocrx_word' id='word_1_729' title='bbox 2253 3315 2442 3368; x_wconf 79' lang='lat' dir='ltr'><strong>nedicti</strong></span> <span class='ocrx_word' id='word_1_730' title='bbox 2465 3315 2644 3370; x_wconf 80' lang='lat' dir='ltr'><strong>Patris</strong></span> <span class='ocrx_word' id='word_1_731' title='bbox 2688 3317 2810 3381; x_wconf 85' lang='lat' dir='ltr'><strong>mei,</strong></span> <span class='ocrx_word' id='word_1_732' title='bbox 2841 3319 3086 3388; x_wconf 82' lang='lat' dir='ltr'><strong>percipite</strong></span> <span class='ocrx_word' id='word_1_733' title='bbox 3110 3334 3324 3388; x_wconf 84' lang='lat' dir='ltr'><strong>regnum</strong></span> <span class='ocrx_word' id='word_1_734' title='bbox 3345 3318 3484 3389; x_wconf 84' lang='lat' dir='ltr'><strong>quod</strong></span> <span class='ocrx_word' id='word_1_735' title='bbox 3512 3318 3651 3371; x_wconf 81' lang='lat' dir='ltr'><strong>robis</strong></span> <span class='ocrx_word' id='word_1_736' title='bbox 3670 3334 3834 3386; x_wconf 78' lang='lat' dir='ltr'><strong>para-</strong></span> 
     </span>
    </p>
   </div>
   <div class='ocr_carea' id='block_1_92' title="bbox 2252 3407 3838 3482">
    <p class='ocr_par' dir='ltr' id='par_1_92' title="bbox 2252 3407 3838 3482">
     <span class='ocr_line' id='line_1_92' title="bbox 2252 3407 3838 3482; baseline 0.004 -24"><span class='ocrx_word' id='word_1_737' title='bbox 2252 3415 2363 3458; x_wconf 84' lang='lat' dir='ltr'><strong>tum</strong></span> <span class='ocrx_word' id='word_1_738' title='bbox 2390 3417 2464 3460; x_wconf 85' lang='lat' dir='ltr'><strong>est</strong></span> <span class='ocrx_word' id='word_1_739' title='bbox 2511 3407 2575 3460; x_wconf 87' lang='lat' dir='ltr'><strong>ab</strong></span> <span class='ocrx_word' id='word_1_740' title='bbox 2602 3409 2803 3477; x_wconf 79' lang='lat' dir='ltr'><strong>origine</strong></span> <span class='ocrx_word' id='word_1_741' title='bbox 2833 3410 3014 3462; x_wconf 85' lang='lat' dir='ltr'><strong>mundi</strong></span> <span class='ocrx_word' id='word_1_742' title='bbox 3059 3409 3274 3480; x_wconf 73' lang='lat' dir='ltr'><strong>(Matth.</strong></span> <span class='ocrx_word' id='word_1_743' title='bbox 3309 3426 3436 3474; x_wconf 74' lang='lat' dir='ltr'><strong>xxv,</strong></span> <span class='ocrx_word' id='word_1_744' title='bbox 3465 3410 3575 3479; x_wconf 70' lang='grc'><strong>54).</strong></span> <span class='ocrx_word' id='word_1_745' title='bbox 3630 3410 3703 3464; x_wconf 86' lang='lat' dir='ltr'><strong>Et</strong></span> <span class='ocrx_word' id='word_1_746' title='bbox 3755 3412 3838 3482; x_wconf 84' lang='lat' dir='ltr'><strong>qui</strong></span> 
     </span>
    </p>
   </div>
   <div class='ocr_carea' id='block_1_93' title="bbox 2253 3485 3834 3568">
    <p class='ocr_par' dir='ltr' id='par_1_93' title="bbox 2253 3485 3834 3568">
     <span class='ocr_line' id='line_1_93' title="bbox 2253 3485 3834 3568; baseline 0.004 -20"><span class='ocrx_word' id='word_1_747' title='bbox 2253 3511 2362 3549; x_wconf 88' lang='lat' dir='ltr'><strong>non</strong></span> <span class='ocrx_word' id='word_1_748' title='bbox 2407 3512 2438 3550; x_wconf 90' lang='lat' dir='ltr'><strong>a</strong></span> <span class='ocrx_word' id='word_1_749' title='bbox 2467 3496 2579 3550; x_wconf 86' lang='lat' dir='ltr'><strong>Deo</strong></span> <span class='ocrx_word' id='word_1_750' title='bbox 2609 3498 2675 3550; x_wconf 83' lang='lat' dir='ltr'><strong>ad</strong></span> <span class='ocrx_word' id='word_1_751' title='bbox 2720 3485 2996 3552; x_wconf 81' lang='lat' dir='ltr'><strong>interitum</strong></span> <span class='ocrx_word' id='word_1_752' title='bbox 3026 3500 3416 3568; x_wconf 84' lang='lat' dir='ltr'><strong>praedestinati,</strong></span> <span class='ocrx_word' id='word_1_753' title='bbox 3458 3500 3548 3555; x_wconf 88' lang='lat' dir='ltr'><strong>sed</strong></span> <span class='ocrx_word' id='word_1_754' title='bbox 3578 3500 3646 3553; x_wconf 90' lang='lat' dir='ltr'><strong>ab</strong></span> <span class='ocrx_word' id='word_1_755' title='bbox 3673 3516 3752 3556; x_wconf 85' lang='lat' dir='ltr'><strong>eo</strong></span> <span class='ocrx_word' id='word_1_756' title='bbox 3782 3518 3834 3555; x_wconf 71' lang='lat' dir='ltr'><strong>ex</strong></span> 
     </span>
    </p>
   </div>
   <div class='ocr_carea' id='block_1_94' title="bbox 2253 3586 3838 3660">
    <p class='ocr_par' dir='ltr' id='par_1_94' title="bbox 2253 3586 3838 3660">
     <span class='ocr_line' id='line_1_94' title="bbox 2253 3586 3838 3660; baseline 0.006 -22"><span class='ocrx_word' id='word_1_757' title='bbox 2253 3586 2609 3641; x_wconf 87' lang='lat' dir='ltr'><strong>retributione</strong></span> <span class='ocrx_word' id='word_1_758' title='bbox 2633 3587 2861 3656; x_wconf 84' lang='lat' dir='ltr'><strong>justitiac</strong></span> <span class='ocrx_word' id='word_1_759' title='bbox 2895 3589 2948 3643; x_wconf 93' lang='lat' dir='ltr'><strong>in</strong></span> <span class='ocrx_word' id='word_1_760' title='bbox 2996 3605 3172 3645; x_wconf 90' lang='lat' dir='ltr'><strong>massa</strong></span> <span class='ocrx_word' id='word_1_761' title='bbox 3200 3591 3518 3660; x_wconf 89' lang='lat' dir='ltr'><strong>perditionis</strong></span> <span class='ocrx_word' id='word_1_762' title='bbox 3556 3591 3762 3654; x_wconf 83' lang='lat' dir='ltr'><strong>relicti,</strong></span> <span class='ocrx_word' id='word_1_763' title='bbox 3794 3595 3838 3647; x_wconf 90' lang='lat' dir='ltr'><strong>in</strong></span> 
     </span>
    </p>
   </div>
   <div class='ocr_carea' id='block_1_95' title="bbox 2255 3675 3838 3750">
    <p class='ocr_par' dir='ltr' id='par_1_95' title="bbox 2255 3675 3838 3750">
     <span class='ocr_line' id='line_1_95' title="bbox 2255 3675 3838 3750; baseline 0.005 -21"><span class='ocrx_word' id='word_1_764' title='bbox 2255 3675 2574 3731; x_wconf 87' lang='lat' dir='ltr'><strong>inﬁdelitate</strong></span> <span class='ocrx_word' id='word_1_765' title='bbox 2589 3677 2672 3733; x_wconf 91' lang='lat' dir='ltr'><strong>vel</strong></span> <span class='ocrx_word' id='word_1_766' title='bbox 2699 3679 2856 3733; x_wconf 85' lang='lat' dir='ltr'><strong>malis</strong></span> <span class='ocrx_word' id='word_1_767' title='bbox 2884 3680 3141 3748; x_wconf 90' lang='lat' dir='ltr'><strong>operibus</strong></span> <span class='ocrx_word' id='word_1_768' title='bbox 3165 3682 3652 3750; x_wconf 88' lang='lat' dir='ltr'><strong>perseveraverint,</strong></span> <span class='ocrx_word' id='word_1_769' title='bbox 3684 3684 3838 3737; x_wconf 89' lang='lat' dir='ltr'><strong>ibunt</strong></span> 
     </span>
    </p>
   </div>
   <div class='ocr_carea' id='block_1_96' title="bbox 2255 3765 3839 3842">
    <p class='ocr_par' dir='ltr' id='par_1_96' title="bbox 2255 3765 3839 3842">
     <span class='ocr_line' id='line_1_96' title="bbox 2255 3765 3839 3842; baseline 0.006 -23"><span class='ocrx_word' id='word_1_770' title='bbox 2255 3765 2307 3819; x_wconf 91' lang='lat' dir='ltr'><strong>in</strong></span> <span class='ocrx_word' id='word_1_771' title='bbox 2333 3766 2512 3836; x_wconf 87' lang='lat' dir='ltr'><strong>ignem</strong></span> <span class='ocrx_word' id='word_1_772' title='bbox 2544 3777 2807 3822; x_wconf 65' lang='lat' dir='ltr'><strong>aeternum</strong></span> <span class='ocrx_word' id='word_1_773' title='bbox 2844 3787 2857 3823; x_wconf 89' lang='lat'>:</span> <span class='ocrx_word' id='word_1_774' title='bbox 2889 3770 2956 3824; x_wconf 92' lang='lat' dir='ltr'><strong>ad</strong></span> <span class='ocrx_word' id='word_1_775' title='bbox 2985 3785 3142 3838; x_wconf 90' lang='lat' dir='ltr'><strong>quem</strong></span> <span class='ocrx_word' id='word_1_776' title='bbox 3173 3771 3315 3827; x_wconf 91' lang='lat' dir='ltr'><strong>Deus</strong></span> <span class='ocrx_word' id='word_1_777' title='bbox 3336 3773 3604 3828; x_wconf 88' lang='lat' dir='ltr'><strong>neminem</strong></span> <span class='ocrx_word' id='word_1_778' title='bbox 3634 3775 3839 3842; x_wconf 75' lang='lat' dir='ltr'><strong>praede-</strong></span> 
     </span>
    </p>
   </div>
   <div class='ocr_carea' id='block_1_97' title="bbox 2255 3859 3838 3936">
    <p class='ocr_par' dir='ltr' id='par_1_97' title="bbox 2255 3859 3838 3936">
     <span class='ocr_line' id='line_1_97' title="bbox 2255 3859 3838 3936; baseline 0.004 -25"><span class='ocrx_word' id='word_1_779' title='bbox 2255 3859 2494 3922; x_wconf 86' lang='lat' dir='ltr'><strong>stinavit,</strong></span> <span class='ocrx_word' id='word_1_780' title='bbox 2525 3862 2616 3914; x_wconf 90' lang='lat' dir='ltr'><strong>sed</strong></span> <span class='ocrx_word' id='word_1_781' title='bbox 2645 3862 2892 3916; x_wconf 90' lang='lat' dir='ltr'><strong>eumdem</strong></span> <span class='ocrx_word' id='word_1_782' title='bbox 2940 3863 3117 3933; x_wconf 88' lang='lat' dir='ltr'><strong>ignem</strong></span> <span class='ocrx_word' id='word_1_783' title='bbox 3147 3864 3362 3919; x_wconf 91' lang='lat' dir='ltr'><strong>diabolo</strong></span> <span class='ocrx_word' id='word_1_784' title='bbox 3385 3874 3442 3919; x_wconf 90' lang='lat' dir='ltr'><strong>et</strong></span> <span class='ocrx_word' id='word_1_785' title='bbox 3479 3865 3694 3933; x_wconf 88' lang='lat' dir='ltr'><strong>corpori</strong></span> <span class='ocrx_word' id='word_1_786' title='bbox 3728 3867 3838 3936; x_wconf 79' lang='lat' dir='ltr'><strong>ejus</strong></span> 
     </span>
    </p>
   </div>
   <div class='ocr_carea' id='block_1_98' title="bbox 2255 3948 3838 4023">
    <p class='ocr_par' dir='ltr' id='par_1_98' title="bbox 2255 3948 3838 4023">
     <span class='ocr_line' id='line_1_98' title="bbox 2255 3948 3838 4023; baseline 0.004 -21"><span class='ocrx_word' id='word_1_787' title='bbox 2255 3963 2323 4002; x_wconf 76' lang='lat' dir='ltr'><strong>ex</strong></span> <span class='ocrx_word' id='word_1_788' title='bbox 2378 3948 2733 4004; x_wconf 88' lang='lat' dir='ltr'><strong>retributione</strong></span> <span class='ocrx_word' id='word_1_789' title='bbox 2775 3950 3001 4020; x_wconf 67' lang='lat' dir='ltr'><strong>justitite</strong></span> <span class='ocrx_word' id='word_1_790' title='bbox 3041 3954 3370 4022; x_wconf 85' lang='lat' dir='ltr'><strong>praeparavit</strong></span> <span class='ocrx_word' id='word_1_791' title='bbox 3402 3972 3414 4007; x_wconf 91' lang='lat'><strong>:</strong></span> <span class='ocrx_word' id='word_1_792' title='bbox 3444 3954 3582 4008; x_wconf 89' lang='lat' dir='ltr'><strong>sicut</strong></span> <span class='ocrx_word' id='word_1_793' title='bbox 3625 3954 3751 4023; x_wconf 87' lang='lat' dir='ltr'><strong>ipse</strong></span> <span class='ocrx_word' id='word_1_794' title='bbox 3792 3955 3838 4009; x_wconf 92' lang='lat' dir='ltr'><strong>in</strong></span> 
     </span>
    </p>
   </div>
   <div class='ocr_carea' id='block_1_99' title="bbox 2259 4039 3837 4117">
    <p class='ocr_par' dir='ltr' id='par_1_99' title="bbox 2259 4039 3837 4117">
     <span class='ocr_line' id='line_1_99' title="bbox 2259 4039 3837 4117; baseline 0.004 -25"><span class='ocrx_word' id='word_1_795' title='bbox 2259 4039 2558 4117; x_wconf 3' lang='lat' dir='ltr'><strong>Evangelioj</strong></span> <span class='ocrx_word' id='word_1_796' title='bbox 2601 4042 2752 4105; x_wconf 88' lang='lat' dir='ltr'><strong>dicit,</strong></span> <span class='ocrx_word' id='word_1_797' title='bbox 2783 4041 3054 4112; x_wconf 66' lang='lat' dir='ltr'><strong>Stipendia</strong></span> <span class='ocrx_word' id='word_1_798' title='bbox 3103 4044 3260 4108; x_wconf 86' lang='lat' dir='ltr'><strong>enim,</strong></span> <span class='ocrx_word' id='word_1_799' title='bbox 3313 4044 3488 4114; x_wconf 87' lang='lat' dir='ltr'><strong>inquit</strong></span> <span class='ocrx_word' id='word_1_800' title='bbox 3527 4044 3837 4112; x_wconf 81' lang='lat' dir='ltr'><strong>Apostolus,</strong></span> 
     </span>
    </p>
   </div>
   <div class='ocr_carea' id='block_1_100' title="bbox 2256 4133 3838 4203">
    <p class='ocr_par' dir='ltr' id='par_1_100' title="bbox 2256 4133 3838 4203">
     <span class='ocr_line' id='line_1_100' title="bbox 2256 4133 3838 4203; baseline 0.002 -19"><span class='ocrx_word' id='word_1_801' title='bbox 2256 4133 2454 4200; x_wconf 79' lang='lat' dir='ltr'><strong>peccati</strong></span> <span class='ocrx_word' id='word_1_802' title='bbox 2479 4148 2617 4186; x_wconf 82' lang='lat' dir='ltr'><strong>mors</strong></span> <span class='ocrx_word' id='word_1_803' title='bbox 2644 4149 2662 4186; x_wconf 93' lang='lat'><strong><em>:</em></strong></span> <span class='ocrx_word' id='word_1_804' title='bbox 2689 4134 2859 4201; x_wconf 88' lang='lat' dir='ltr'><strong>gratia</strong></span> <span class='ocrx_word' id='word_1_805' title='bbox 2889 4143 3063 4186; x_wconf 84' lang='lat' dir='ltr'><strong>autem</strong></span> <span class='ocrx_word' id='word_1_806' title='bbox 3089 4133 3184 4186; x_wconf 84' lang='lat' dir='ltr'><strong>Dei</strong></span> <span class='ocrx_word' id='word_1_807' title='bbox 3222 4134 3322 4188; x_wconf 84' lang='lat' dir='ltr'><strong>rita</strong></span> <span class='ocrx_word' id='word_1_808' title='bbox 3353 4144 3549 4187; x_wconf 77' lang='lat' dir='ltr'><strong>a&#39;terna</strong></span> <span class='ocrx_word' id='word_1_809' title='bbox 3574 4133 3755 4203; x_wconf 82' lang='lat' dir='ltr'><strong>(Rom.</strong></span> <span class='ocrx_word' id='word_1_810' title='bbox 3773 4149 3838 4196; x_wconf 67' lang='grc' dir='ltr'><strong>τι,</strong></span> 
     </span>
    </p>
   </div>
   <div class='ocr_carea' id='block_1_101' title="bbox 2257 4220 3837 4288">
    <p class='ocr_par' dir='ltr' id='par_1_101' title="bbox 2257 4220 3837 4288">
     <span class='ocr_line' id='line_1_101' title="bbox 2257 4220 3837 4288; baseline 0.001 -15"><span class='ocrx_word' id='word_1_811' title='bbox 2257 4220 2368 4288; x_wconf 72' lang='lat'><strong>25).</strong></span> <span class='ocrx_word' id='word_1_812' title='bbox 2401 4221 2469 4274; x_wconf 87' lang='lat' dir='ltr'><strong>Et</strong></span> <span class='ocrx_word' id='word_1_813' title='bbox 2492 4239 2504 4273; x_wconf 92' lang='lat'>:</span> <span class='ocrx_word' id='word_1_814' title='bbox 2532 4221 2798 4276; x_wconf 75' lang='lat' dir='ltr'><strong>Universw</strong></span> <span class='ocrx_word' id='word_1_815' title='bbox 2823 4222 2920 4276; x_wconf 74' lang='lat' dir='ltr'><strong>via:</strong></span> <span class='ocrx_word' id='word_1_816' title='bbox 2948 4221 3161 4276; x_wconf 84' lang='lat' dir='ltr'><strong>Domini</strong></span> <span class='ocrx_word' id='word_1_817' title='bbox 3197 4223 3554 4276; x_wconf 80' lang='lat' dir='ltr'><strong>misericordia</strong></span> <span class='ocrx_word' id='word_1_818' title='bbox 3575 4232 3623 4276; x_wconf 83' lang='lat' dir='ltr'><strong>et</strong></span> <span class='ocrx_word' id='word_1_819' title='bbox 3651 4226 3837 4276; x_wconf 67' lang='lat' dir='ltr'><strong>veritas</strong></span> 
     </span>
    </p>
   </div>
   <div class='ocr_carea' id='block_1_102' title="bbox 2261 4309 3839 4382">
    <p class='ocr_par' dir='ltr' id='par_1_102' title="bbox 2261 4309 3839 4382">
     <span class='ocr_line' id='line_1_102' title="bbox 2261 4309 3839 4382; baseline 0.001 -20"><span class='ocrx_word' id='word_1_820' title='bbox 2261 4309 2432 4380; x_wconf 83' lang='lat' dir='ltr'><strong>(Psal.</strong></span> <span class='ocrx_word' id='word_1_821' title='bbox 2459 4327 2606 4375; x_wconf 78' lang='lat' dir='ltr'><strong>xxrv,</strong></span> <span class='ocrx_word' id='word_1_822' title='bbox 2636 4311 2745 4382; x_wconf 83' lang='grc'><strong>10).</strong></span> <span class='ocrx_word' id='word_1_823' title='bbox 2764 4312 2829 4365; x_wconf 83' lang='grc' dir='ltr'>Ει</span> <span class='ocrx_word' id='word_1_824' title='bbox 2855 4330 2869 4366; x_wconf 85' lang='lat'><strong>:</strong></span> <span class='ocrx_word' id='word_1_825' title='bbox 2898 4311 3012 4376; x_wconf 86' lang='lat' dir='ltr'><strong>Ira,</strong></span> <span class='ocrx_word' id='word_1_826' title='bbox 3045 4313 3098 4366; x_wconf 89' lang='lat' dir='ltr'><strong>id</strong></span> <span class='ocrx_word' id='word_1_827' title='bbox 3129 4321 3213 4367; x_wconf 90' lang='lat' dir='ltr'><strong>est</strong></span> <span class='ocrx_word' id='word_1_828' title='bbox 3243 4313 3498 4376; x_wconf 88' lang='lat' dir='ltr'><strong>vindicta,</strong></span> <span class='ocrx_word' id='word_1_829' title='bbox 3523 4313 3577 4365; x_wconf 86' lang='lat' dir='ltr'><strong>in</strong></span> <span class='ocrx_word' id='word_1_830' title='bbox 3601 4313 3839 4382; x_wconf 81' lang='lat' dir='ltr'><strong>indigna-</strong></span> 
     </span>
    </p>
   </div>
   <div class='ocr_carea' id='block_1_103' title="bbox 2259 4401 3835 4474">
    <p class='ocr_par' dir='ltr' id='par_1_103' title="bbox 2259 4401 3835 4474">
     <span class='ocr_line' id='line_1_103' title="bbox 2259 4401 3835 4474; baseline 0.001 -21"><span class='ocrx_word' id='word_1_831' title='bbox 2259 4402 2396 4454; x_wconf 85' lang='lat' dir='ltr'><strong>tione</strong></span> <span class='ocrx_word' id='word_1_832' title='bbox 2441 4401 2575 4470; x_wconf 82' lang='lat' dir='ltr'><strong>cjus,</strong></span> <span class='ocrx_word' id='word_1_833' title='bbox 2607 4411 2654 4455; x_wconf 85' lang='lat' dir='ltr'><strong>et</strong></span> <span class='ocrx_word' id='word_1_834' title='bbox 2703 4403 2805 4456; x_wconf 78' lang='lat' dir='ltr'><strong>vita</strong></span> <span class='ocrx_word' id='word_1_835' title='bbox 2837 4403 2892 4456; x_wconf 86' lang='lat' dir='ltr'><strong>in</strong></span> <span class='ocrx_word' id='word_1_836' title='bbox 2943 4401 3207 4457; x_wconf 83' lang='lat' dir='ltr'><strong>voluntate</strong></span> <span class='ocrx_word' id='word_1_837' title='bbox 3239 4403 3352 4473; x_wconf 80' lang='lat' dir='ltr'><strong>ejus</strong></span> <span class='ocrx_word' id='word_1_838' title='bbox 3383 4403 3554 4474; x_wconf 82' lang='lat' dir='ltr'><strong>(Psal.</strong></span> <span class='ocrx_word' id='word_1_839' title='bbox 3581 4419 3740 4468; x_wconf 64' lang='grc' dir='ltr'>χιιι,</span> <span class='ocrx_word' id='word_1_840' title='bbox 3771 4404 3835 4472; x_wconf 83' lang='grc'><strong>6).</strong></span> 
     </span>
    </p>
   </div>
   <div class='ocr_carea' id='block_1_104' title="bbox 2333 4492 3839 4562">
    <p class='ocr_par' dir='ltr' id='par_1_104' title="bbox 2333 4492 3839 4562">
     <span class='ocr_line' id='line_1_104' title="bbox 2333 4492 3839 4562; baseline 0.001 -17"><span class='ocrx_word' id='word_1_841' title='bbox 2333 4492 2516 4547; x_wconf 86' lang='lat' dir='ltr'><strong>Altera</strong></span> <span class='ocrx_word' id='word_1_842' title='bbox 2542 4494 2725 4562; x_wconf 86' lang='lat' dir='ltr'><strong>itaque</strong></span> <span class='ocrx_word' id='word_1_843' title='bbox 2748 4493 2904 4548; x_wconf 90' lang='lat' dir='ltr'><strong>istius</strong></span> <span class='ocrx_word' id='word_1_844' title='bbox 2931 4494 3182 4549; x_wconf 90' lang='lat' dir='ltr'><strong>columna</strong></span> <span class='ocrx_word' id='word_1_845' title='bbox 3212 4494 3427 4560; x_wconf 84' lang='lat' dir='ltr'><strong>ferculi,</strong></span> <span class='ocrx_word' id='word_1_846' title='bbox 3459 4495 3839 4549; x_wconf 76' lang='lat' dir='ltr'><strong>contradicens</strong></span> 
     </span>
    </p>
   </div>
   <div class='ocr_carea' id='block_1_105' title="bbox 2265 4583 3836 4656">
    <p class='ocr_par' dir='ltr' id='par_1_105' title="bbox 2265 4583 3836 4656">
     <span class='ocr_line' id='line_1_105' title="bbox 2265 4583 3836 4656; baseline 0.001 -19"><span class='ocrx_word' id='word_1_847' title='bbox 2265 4583 2370 4638; x_wconf 88' lang='lat' dir='ltr'><strong>illis</strong></span> <span class='ocrx_word' id='word_1_848' title='bbox 2397 4584 2494 4653; x_wconf 89' lang='lat' dir='ltr'><strong>qui</strong></span> <span class='ocrx_word' id='word_1_849' title='bbox 2519 4586 2585 4639; x_wconf 90' lang='lat' dir='ltr'><strong>de</strong></span> <span class='ocrx_word' id='word_1_850' title='bbox 2611 4585 2677 4639; x_wconf 93' lang='lat' dir='ltr'><strong>iis</strong></span> <span class='ocrx_word' id='word_1_851' title='bbox 2704 4600 2870 4654; x_wconf 89' lang='lat' dir='ltr'><strong>prave</strong></span> <span class='ocrx_word' id='word_1_852' title='bbox 2911 4587 3152 4641; x_wconf 87' lang='lat' dir='ltr'><strong>sentiunt</strong></span> <span class='ocrx_word' id='word_1_853' title='bbox 3193 4602 3315 4656; x_wconf 72' lang='lat' dir='ltr'><strong>qua:</strong></span> <span class='ocrx_word' id='word_1_854' title='bbox 3367 4587 3422 4640; x_wconf 90' lang='lat' dir='ltr'><strong>in</strong></span> <span class='ocrx_word' id='word_1_855' title='bbox 3472 4587 3646 4641; x_wconf 89' lang='lat' dir='ltr'><strong>altero</strong></span> <span class='ocrx_word' id='word_1_856' title='bbox 3690 4586 3836 4640; x_wconf 87' lang='lat' dir='ltr'><strong>nobis</strong></span> 
     </span>
    </p>
   </div>
   <div class='ocr_carea' id='block_1_106' title="bbox 2264 4676 3830 4747">
    <p class='ocr_par' dir='ltr' id='par_1_106' title="bbox 2264 4676 3830 4747">
     <span class='ocr_line' id='line_1_106' title="bbox 2264 4676 3830 4747; baseline -0.001 -17"><span class='ocrx_word' id='word_1_857' title='bbox 2264 4676 2460 4730; x_wconf 72' lang='lat' dir='ltr'><strong>Steculo</strong></span> <span class='ocrx_word' id='word_1_858' title='bbox 2487 4677 2918 4745; x_wconf 84' lang='lat' dir='ltr'><strong>complebuntur,</strong></span> <span class='ocrx_word' id='word_1_859' title='bbox 2953 4677 3170 4747; x_wconf 85' lang='lat' dir='ltr'><strong>triginta</strong></span> <span class='ocrx_word' id='word_1_860' title='bbox 3195 4686 3249 4732; x_wconf 94' lang='lat' dir='ltr'><strong>et</strong></span> <span class='ocrx_word' id='word_1_861' title='bbox 3281 4686 3405 4732; x_wconf 92' lang='lat' dir='ltr'><strong>octo</strong></span> <span class='ocrx_word' id='word_1_862' title='bbox 3437 4676 3688 4747; x_wconf 89' lang='lat' dir='ltr'><strong>capitulis</strong></span> <span class='ocrx_word' id='word_1_863' title='bbox 3716 4692 3830 4731; x_wconf 84' lang='lat' dir='ltr'><strong>con-</strong></span> 
     </span>
    </p>
   </div>
   <div class='ocr_carea' id='block_1_107' title="bbox 2264 4766 3836 4838">
    <p class='ocr_par' dir='ltr' id='par_1_107' title="bbox 2264 4766 3836 4838">
     <span class='ocr_line' id='line_1_107' title="bbox 2264 4766 3836 4838; baseline -0.003 -18"><span class='ocrx_word' id='word_1_864' title='bbox 2264 4775 2370 4820; x_wconf 89' lang='lat' dir='ltr'><strong>stat</strong></span> <span class='ocrx_word' id='word_1_865' title='bbox 2397 4781 2411 4818; x_wconf 89' lang='lat'><strong>:</strong></span> <span class='ocrx_word' id='word_1_866' title='bbox 2443 4781 2506 4821; x_wconf 89' lang='lat' dir='ltr'><strong>ac</strong></span> <span class='ocrx_word' id='word_1_867' title='bbox 2529 4767 2571 4820; x_wconf 92' lang='lat' dir='ltr'><strong>si</strong></span> <span class='ocrx_word' id='word_1_868' title='bbox 2596 4767 2811 4836; x_wconf 90' lang='lat' dir='ltr'><strong>triginta</strong></span> <span class='ocrx_word' id='word_1_869' title='bbox 2843 4775 2900 4821; x_wconf 87' lang='lat' dir='ltr'><strong>et</strong></span> <span class='ocrx_word' id='word_1_870' title='bbox 2928 4775 3054 4822; x_wconf 88' lang='lat' dir='ltr'><strong>octo</strong></span> <span class='ocrx_word' id='word_1_871' title='bbox 3081 4768 3238 4821; x_wconf 89' lang='lat' dir='ltr'><strong>annis</strong></span> <span class='ocrx_word' id='word_1_872' title='bbox 3265 4768 3318 4821; x_wconf 93' lang='lat' dir='ltr'><strong>in</strong></span> <span class='ocrx_word' id='word_1_873' title='bbox 3349 4766 3649 4838; x_wconf 63' lang='lat' dir='ltr'><strong>Synagogte</strong></span> <span class='ocrx_word' id='word_1_874' title='bbox 3671 4766 3836 4836; x_wconf 83' lang='lat' dir='ltr'><strong>potius</strong></span> 
     </span>
    </p>
   </div>
   <div class='ocr_carea' id='block_1_108' title="bbox 2266 4855 3834 4926">
    <p class='ocr_par' dir='ltr' id='par_1_108' title="bbox 2266 4855 3834 4926">
     <span class='ocr_line' id='line_1_108' title="bbox 2266 4855 3834 4926; baseline -0.002 -16"><span class='ocrx_word' id='word_1_875' title='bbox 2266 4855 2482 4910; x_wconf 80' lang='lat' dir='ltr'><strong>Satanze</strong></span> <span class='ocrx_word' id='word_1_876' title='bbox 2530 4857 2761 4925; x_wconf 88' lang='lat' dir='ltr'><strong>porticu,</strong></span> <span class='ocrx_word' id='word_1_877' title='bbox 2798 4872 2961 4926; x_wconf 91' lang='lat' dir='ltr'><strong>quam</strong></span> <span class='ocrx_word' id='word_1_878' title='bbox 3005 4857 3057 4911; x_wconf 88' lang='lat' dir='ltr'><strong>in</strong></span> <span class='ocrx_word' id='word_1_879' title='bbox 3101 4857 3358 4913; x_wconf 76' lang='lat' dir='ltr'><strong>Ecclesia:</strong></span> <span class='ocrx_word' id='word_1_880' title='bbox 3396 4857 3680 4913; x_wconf 66' lang='lat' dir='ltr'><strong>catholicae</strong></span> <span class='ocrx_word' id='word_1_881' title='bbox 3731 4858 3834 4911; x_wconf 89' lang='lat' dir='ltr'><strong>sinu</strong></span> 
     </span>
    </p>
   </div>
   <div class='ocr_carea' id='block_1_109' title="bbox 2261 4947 3832 5020">
    <p class='ocr_par' dir='ltr' id='par_1_109' title="bbox 2261 4947 3832 5020">
     <span class='ocr_line' id='line_1_109' title="bbox 2261 4947 3832 5020; baseline -0.002 -17"><span class='ocrx_word' id='word_1_882' title='bbox 2261 4947 2534 5018; x_wconf 89' lang='lat' dir='ltr'><strong>jaccntem</strong></span> <span class='ocrx_word' id='word_1_883' title='bbox 2595 4950 2936 5020; x_wconf 90' lang='lat' dir='ltr'><strong>languidum,</strong></span> <span class='ocrx_word' id='word_1_884' title='bbox 3001 4950 3141 5006; x_wconf 90' lang='lat' dir='ltr'><strong>male</strong></span> <span class='ocrx_word' id='word_1_885' title='bbox 3190 4950 3539 5005; x_wconf 89' lang='lat' dir='ltr'><strong>sentientium</strong></span> <span class='ocrx_word' id='word_1_886' title='bbox 3601 4949 3832 5004; x_wconf 84' lang='lat' dir='ltr'><strong>videlicet</strong></span> 
     </span>
    </p>
   </div>
   <div class='ocr_carea' id='block_1_110' title="bbox 2266 5042 3832 5114">
    <p class='ocr_par' dir='ltr' id='par_1_110' title="bbox 2266 5042 3832 5114">
     <span class='ocr_line' id='line_1_110' title="bbox 2266 5042 3832 5114; baseline -0.001 -19"><span class='ocrx_word' id='word_1_887' title='bbox 2266 5043 2513 5104; x_wconf 90' lang='lat' dir='ltr'><strong>chorum,</strong></span> <span class='ocrx_word' id='word_1_888' title='bbox 2545 5042 3077 5112; x_wconf 86' lang='lat' dir='ltr'><strong>duodequadraginta</strong></span> <span class='ocrx_word' id='word_1_889' title='bbox 3107 5059 3349 5106; x_wconf 90' lang='lat' dir='ltr'><strong>numero,</strong></span> <span class='ocrx_word' id='word_1_890' title='bbox 3381 5044 3472 5111; x_wconf 90' lang='lat' dir='ltr'><strong>qui</strong></span> <span class='ocrx_word' id='word_1_891' title='bbox 3516 5043 3650 5114; x_wconf 85' lang='lat' dir='ltr'><strong>legis</strong></span> <span class='ocrx_word' id='word_1_892' title='bbox 3691 5043 3832 5097; x_wconf 84' lang='lat' dir='ltr'><strong>deca-</strong></span> 
     </span>
    </p>
   </div>
   <div class='ocr_carea' id='block_1_111' title="bbox 2267 5131 3831 5203">
    <p class='ocr_par' dir='ltr' id='par_1_111' title="bbox 2267 5131 3831 5203">
     <span class='ocr_line' id='line_1_111' title="bbox 2267 5131 3831 5203; baseline -0.003 -18"><span class='ocrx_word' id='word_1_893' title='bbox 2267 5131 2389 5201; x_wconf 88' lang='lat' dir='ltr'><strong>logo</strong></span> <span class='ocrx_word' id='word_1_894' title='bbox 2417 5146 2515 5201; x_wconf 86' lang='lat' dir='ltr'><strong>per</strong></span> <span class='ocrx_word' id='word_1_895' title='bbox 2549 5141 2784 5200; x_wconf 90' lang='lat' dir='ltr'><strong>quatuor</strong></span> <span class='ocrx_word' id='word_1_896' title='bbox 2831 5133 3004 5186; x_wconf 88' lang='lat' dir='ltr'><strong>sancti</strong></span> <span class='ocrx_word' id='word_1_897' title='bbox 3056 5132 3331 5203; x_wconf 87' lang='lat' dir='ltr'><strong>Evangelii</strong></span> <span class='ocrx_word' id='word_1_898' title='bbox 3377 5131 3547 5186; x_wconf 92' lang='lat' dir='ltr'><strong>libros</strong></span> <span class='ocrx_word' id='word_1_899' title='bbox 3595 5132 3831 5202; x_wconf 81' lang='lat' dir='ltr'><strong>impletur</strong></span> 
     </span>
    </p>
   </div>
   <div class='ocr_carea' id='block_1_112' title="bbox 2268 5221 3825 5291">
    <p class='ocr_par' dir='ltr' id='par_1_112' title="bbox 2268 5221 3825 5291">
     <span class='ocr_line' id='line_1_112' title="bbox 2268 5221 3825 5291; baseline -0.004 -15"><span class='ocrx_word' id='word_1_900' title='bbox 2268 5223 2450 5278; x_wconf 89' lang='lat' dir='ltr'><strong>minus</strong></span> <span class='ocrx_word' id='word_1_901' title='bbox 2488 5221 2797 5288; x_wconf 89' lang='lat' dir='ltr'><strong>habentem,</strong></span> <span class='ocrx_word' id='word_1_902' title='bbox 2842 5231 2899 5276; x_wconf 91' lang='lat' dir='ltr'><strong>et</strong></span> <span class='ocrx_word' id='word_1_903' title='bbox 2935 5223 3138 5291; x_wconf 87' lang='lat' dir='ltr'><strong>absque</strong></span> <span class='ocrx_word' id='word_1_904' title='bbox 3167 5221 3452 5277; x_wconf 89' lang='lat' dir='ltr'><strong>dilectione</strong></span> <span class='ocrx_word' id='word_1_905' title='bbox 3481 5221 3576 5276; x_wconf 91' lang='lat' dir='ltr'><strong>Dei</strong></span> <span class='ocrx_word' id='word_1_906' title='bbox 3614 5237 3676 5276; x_wconf 84' lang='lat' dir='ltr'><strong>ac</strong></span> <span class='ocrx_word' id='word_1_907' title='bbox 3715 5234 3825 5289; x_wconf 87' lang='lat' dir='ltr'><strong>prn-</strong></span> 
     </span>
    </p>
   </div>
   <div class='ocr_carea' id='block_1_113' title="bbox 2271 5311 3824 5384">
    <p class='ocr_par' dir='ltr' id='par_1_113' title="bbox 2271 5311 3824 5384">
     <span class='ocr_line' id='line_1_113' title="bbox 2271 5311 3824 5384; baseline -0.005 -16"><span class='ocrx_word' id='word_1_908' title='bbox 2271 5313 2434 5379; x_wconf 78' lang='lat' dir='ltr'><strong>ximi,</strong></span> <span class='ocrx_word' id='word_1_909' title='bbox 2481 5328 2640 5382; x_wconf 91' lang='lat' dir='ltr'><strong>quem</strong></span> <span class='ocrx_word' id='word_1_910' title='bbox 2702 5312 2836 5384; x_wconf 89' lang='lat' dir='ltr'><strong>legis</strong></span> <span class='ocrx_word' id='word_1_911' title='bbox 2887 5313 3094 5383; x_wconf 90' lang='lat' dir='ltr'><strong>pariter</strong></span> <span class='ocrx_word' id='word_1_912' title='bbox 3139 5320 3195 5367; x_wconf 90' lang='lat' dir='ltr'><strong>et</strong></span> <span class='ocrx_word' id='word_1_913' title='bbox 3242 5311 3518 5382; x_wconf 88' lang='lat' dir='ltr'><strong>Evangelii</strong></span> <span class='ocrx_word' id='word_1_914' title='bbox 3567 5311 3824 5380; x_wconf 86' lang='lat' dir='ltr'><strong>Scriptura</strong></span> 
     </span>
    </p>
   </div>
   <div class='ocr_carea' id='block_1_114' title="bbox 2269 5401 3825 5470">
    <p class='ocr_par' dir='ltr' id='par_1_114' title="bbox 2269 5401 3825 5470">
     <span class='ocr_line' id='line_1_114' title="bbox 2269 5401 3825 5470; baseline -0.006 -12"><span class='ocrx_word' id='word_1_915' title='bbox 2269 5405 2632 5470; x_wconf 90' lang='lat' dir='ltr'><strong>commendat,</strong></span> <span class='ocrx_word' id='word_1_916' title='bbox 2671 5418 2904 5458; x_wconf 88' lang='lat' dir='ltr'><strong>vacuum</strong></span> <span class='ocrx_word' id='word_1_917' title='bbox 2944 5403 3282 5458; x_wconf 89' lang='lat' dir='ltr'><strong>incedentem</strong></span> <span class='ocrx_word' id='word_1_918' title='bbox 3329 5402 3631 5457; x_wconf 86' lang='lat' dir='ltr'><strong>insinuans.</strong></span> <span class='ocrx_word' id='word_1_919' title='bbox 3655 5401 3708 5454; x_wconf 91' lang='lat' dir='ltr'><strong>ln</strong></span> <span class='ocrx_word' id='word_1_920' title='bbox 3733 5403 3825 5468; x_wconf 76' lang='lat' dir='ltr'><strong>quo</strong></span> 
     </span>
    </p>
   </div>
   <div class='ocr_carea' id='block_1_115' title="bbox 2266 5491 3826 5565">
    <p class='ocr_par' dir='ltr' id='par_1_115' title="bbox 2266 5491 3826 5565">
     <span class='ocr_line' id='line_1_115' title="bbox 2266 5491 3826 5565; baseline -0.006 -15"><span class='ocrx_word' id='word_1_921' title='bbox 2266 5495 2395 5550; x_wconf 90' lang='lat' dir='ltr'><strong>licet</strong></span> <span class='ocrx_word' id='word_1_922' title='bbox 2435 5497 2618 5565; x_wconf 91' lang='lat' dir='ltr'><strong>plures</strong></span> <span class='ocrx_word' id='word_1_923' title='bbox 2655 5495 2764 5550; x_wconf 92' lang='lat' dir='ltr'><strong>sint</strong></span> <span class='ocrx_word' id='word_1_924' title='bbox 2805 5495 2988 5556; x_wconf 91' lang='lat' dir='ltr'><strong>choro,</strong></span> <span class='ocrx_word' id='word_1_925' title='bbox 3021 5495 3064 5548; x_wconf 92' lang='lat' dir='ltr'><strong>si</strong></span> <span class='ocrx_word' id='word_1_926' title='bbox 3105 5494 3449 5562; x_wconf 87' lang='lat' dir='ltr'><strong>acquiescere</strong></span> <span class='ocrx_word' id='word_1_927' title='bbox 3477 5491 3685 5547; x_wconf 89' lang='lat' dir='ltr'><strong>veritati</strong></span> <span class='ocrx_word' id='word_1_928' title='bbox 3715 5504 3826 5544; x_wconf 79' lang='lat' dir='ltr'><strong>con-</strong></span> 
     </span>
    </p>
   </div>
   <div class='ocr_carea' id='block_1_116' title="bbox 2269 5579 3822 5655">
    <p class='ocr_par' dir='ltr' id='par_1_116' title="bbox 2269 5579 3822 5655">
     <span class='ocr_line' id='line_1_116' title="bbox 2269 5579 3822 5655; baseline -0.007 -14"><span class='ocrx_word' id='word_1_929' title='bbox 2269 5587 2564 5650; x_wconf 89' lang='lat' dir='ltr'><strong>senserint,</strong></span> <span class='ocrx_word' id='word_1_930' title='bbox 2607 5586 2762 5655; x_wconf 90' lang='lat' dir='ltr'><strong>quasi</strong></span> <span class='ocrx_word' id='word_1_931' title='bbox 2794 5600 2931 5639; x_wconf 87' lang='lat' dir='ltr'><strong>unus</strong></span> <span class='ocrx_word' id='word_1_932' title='bbox 2962 5587 3361 5654; x_wconf 88' lang='lat' dir='ltr'><strong>recuperabnnt</strong></span> <span class='ocrx_word' id='word_1_933' title='bbox 3392 5585 3444 5638; x_wconf 92' lang='lat' dir='ltr'><strong>in</strong></span> <span class='ocrx_word' id='word_1_934' title='bbox 3487 5584 3686 5637; x_wconf 86' lang='lat' dir='ltr'><strong>unitate</strong></span> <span class='ocrx_word' id='word_1_935' title='bbox 3717 5579 3822 5633; x_wconf 74' lang='lat' dir='ltr'><strong>ﬁdei</strong></span> 
     </span>
    </p>
   </div>
   <div class='ocr_carea' id='block_1_117' title="bbox 2270 5669 3824 5748">
    <p class='ocr_par' dir='ltr' id='par_1_117' title="bbox 2270 5669 3824 5748">
     <span class='ocr_line' id='line_1_117' title="bbox 2270 5669 3824 5748; baseline -0.01 -15"><span class='ocrx_word' id='word_1_936' title='bbox 2270 5680 2554 5746; x_wconf 84' lang='lat' dir='ltr'><strong>sanitatem</strong></span> <span class='ocrx_word' id='word_1_937' title='bbox 2597 5697 2608 5731; x_wconf 92' lang='lat'><strong>:</strong></span> <span class='ocrx_word' id='word_1_938' title='bbox 2659 5679 2786 5747; x_wconf 87' lang='lat' dir='ltr'><strong>quia</strong></span> <span class='ocrx_word' id='word_1_939' title='bbox 2844 5688 3041 5748; x_wconf 79' lang='lat' dir='ltr'><strong>praeter</strong></span> <span class='ocrx_word' id='word_1_940' title='bbox 3086 5677 3345 5731; x_wconf 90' lang='lat' dir='ltr'><strong>unitatem</strong></span> <span class='ocrx_word' id='word_1_941' title='bbox 3401 5675 3670 5730; x_wconf 69' lang='lat' dir='ltr'><strong>catholicm</strong></span> <span class='ocrx_word' id='word_1_942' title='bbox 3713 5669 3824 5723; x_wconf 69' lang='lat' dir='ltr'><strong>ﬁdei</strong></span> 
     </span>
    </p>
   </div>
   <div class='ocr_carea' id='block_1_118' title="bbox 2273 5764 3819 5842">
    <p class='ocr_par' dir='ltr' id='par_1_118' title="bbox 2273 5764 3819 5842">
     <span class='ocr_line' id='line_1_118' title="bbox 2273 5764 3819 5842; baseline -0.008 -18"><span class='ocrx_word' id='word_1_943' title='bbox 2273 5772 2446 5828; x_wconf 88' lang='lat' dir='ltr'><strong>nullus</strong></span> <span class='ocrx_word' id='word_1_944' title='bbox 2474 5773 2695 5828; x_wconf 91' lang='lat' dir='ltr'><strong>cuilibet</strong></span> <span class='ocrx_word' id='word_1_945' title='bbox 2724 5780 2874 5842; x_wconf 88' lang='lat' dir='ltr'><strong>patet</strong></span> <span class='ocrx_word' id='word_1_946' title='bbox 2921 5771 3112 5828; x_wconf 89' lang='lat' dir='ltr'><strong>salutis</strong></span> <span class='ocrx_word' id='word_1_947' title='bbox 3165 5770 3334 5826; x_wconf 89' lang='lat' dir='ltr'><strong>locus.</strong></span> <span class='ocrx_word' id='word_1_948' title='bbox 3370 5770 3412 5824; x_wconf 79' lang='grc' dir='ltr'>Α</span> <span class='ocrx_word' id='word_1_949' title='bbox 3452 5769 3598 5840; x_wconf 88' lang='lat' dir='ltr'><strong>cujus</strong></span> <span class='ocrx_word' id='word_1_950' title='bbox 3635 5764 3819 5820; x_wconf 83' lang='lat' dir='ltr'><strong>unitate</strong></span> 
     </span>
    </p>
   </div>
  </div>
