4006 6338
200 325 347 388 823

1152 328 1585 389 EXPLANATIO
1618 331 1685 388 IN
1726 331 2102 392 FERCULUM
2140 335 2553 399 SALOMONIS.

3365 345 3470 407 826

174 474 181 533 ;
191 443 474 517 quisquis
493 442 785 515 discrepat,
817 440 1041 499 salutem
1062 459 1182 516 quae
1201 448 1268 509 ab
1295 463 1400 504 uno
1424 455 1508 503 est
1533 448 1789 517 consequi
1818 447 1871 507 Α
1894 445 2082 505 ferculi
2105 466 2326 507 aureum
2354 437 2666 511 octona-rius
2687 470 2937 513 versuum
2960 473 3220 517 numerus
3246 472 3470 519 cantat:

189 551 571 611 nequaquam
610 537 771 591 valet.
803 534 933 603 Quae
968 536 1116 592 salus
1142 547 1342 593 :nterna
1375 540 1687 595 centenario
1717 541 1795 611 ip-
1897 540 2152 610 quoniam
2180 542 2271 611 qui
2307 543 2360 598 in
2398 547 2649 613 praesenti
2690 547 2819 614 vita,
2871 549 2925 604 id
2972 559 3056 606 est
3101 552 3157 608 in
3207 554 3326 610 istis
3371 571 3468 614 sex

190 628 342 683 sius
388 626 652 683 columna:
689 642 942 681 versuum
993 643 1218 683 numero
1263 629 1578 700 designatur
1612 648 1625 684 :
1654 631 1793 700 .quia

1896 631 2088 686 diebus
2110 632 2194 687 vel
2221 634 2469 690 aetatibus
2494 636 2687 706 quibus
2714 640 2926 708 operari
2948 639 3095 708 licet,
3125 643 3300 699 cultro
3323 644 3473 704 illius

184 719 455 776 Abrahae
480 720 796 777 centenario
830 720 1203 789 promissionis
1242 721 1381 778 filius
1421 723 1591 789 Isaac,
1632 724 1685 779 id
1711 732 1796 779 est
1893 730 2062 805 petrae
2091 738 2211 791 quae
2242 731 2326 779 est
2353 721 2601 781 Christus
2630 728 2696 783 ad
2736 728 2906 785 instar
2941 740 3145 788 octavae
3172 734 3277 790 diei
3305 750 3469 805 quam

192 812 369 866 risus
399 811 482 866 vel
518 811 792 882 gaudium,
822 812 1080 878 nascitur,
1117 812 1265 868 illum
1295 813 1522 869 innuens
1561 814 1652 883 qui
1705 815 1784 869 di-

190 900 444 968 scipulis
471 900 585 956 suis
618 900 754 954 dixit
778 918 792 954 :
824 899 1025 955 Iterum
1050 912 1223 957 autem
1251 904 1429 958 videbo
1456 921 1562 969 vos,
1584 914 1632 959 et
1661 922 1791 973 gau-

189 991 362 1044 debit
387 1007 480 1045 cor
514 1000 759 1055 vestrum,
795 1001 843 1044 et
875 991 1126 1061 gaudium
1151 1005 1376 1047 vestrum
1407 1010 1555 1047 nemo
1583 994 1724 1048 tollet
1755 1012 1789 1049 a

186 1082 363 1137 vobis
394 1082 573 1149 (Joan.
596 1097 709 1147 xvr,
734 1081 849 1152 ‘22).
878 1083 959 1138 Ad
986 1098 1149 1153 quam
1176 1084 1360 1140 :eterni
1393 1084 1619 1140 salutem
1654 1101 1788 1156 gau-

192 1172 290 1227 dii
336 1188 437 1243 per
472 1174 903 1245 sexagenarium,
946 1188 1107 1243 quem
1147 1176 1474 1245 superadditi
1511 1176 1787 1246 sexaginta

190 1279 413 1321 versus
438 1266 745 1332 ostendunt,
778 1264 1075 1335 perfectum
1119 1282 1406 1323 numerum
1448 1268 1784 1337 pervenitur.

192 1353 322 1422 Qui
354 1354 738 1426 sexagenarius
775 1370 1053 1421 numerus,
1096 1358 1347 1426 quoniam
1386 1357 1562 1413 sexies
1598 1358 1784 1414 decem

187 1444 497 1516 sexaginta
522 1442 678 1508 ﬁunt,
709 1444 763 1498 in
808 1459 871 1500 se
907 1445 1149 1500 continet
1188 1446 1456 1501 senarium
1498 1446 1786 1517 perfectio-

188 1547 342 1588 nem
386 1548 611 1603 operum
657 1532 1116 1589 demonstrantem
1156 1552 1170 1589 :
1218 1536 1347 1604 quia
1384 1536 1526 1593 sicut
1571 1547 1787 1593 creator

194 1618 555 1680 admirabilis
602 1625 877 1695 perfectus
908 1634 992 1681 est
1031 1626 1086 1681 in
1133 1636 1324 1683 natura
1356 1643 1474 1694 sua,
1500 1629 1575 1685 ita
1610 1630 1665 1685 in
1706 1643 1786 1685 se-

190 1718 371 1773 nario
413 1717 623 1773 dierum
666 1734 894 1776 numero
920 1718 1147 1790 perfecit
1184 1736 1348 1790 opera
1392 1736 1509 1786 sua,
1547 1729 1602 1778 et
1629 1729 1783 1779 sexto

1894 804 2140 881 designat
2168 814 2274 868 diei
2309 823 2509 870 octavae
2538 817 2897 887 circumcisio,
2922 837 3042 891 qua:
3076 804 3471 897 antiquisrloco

1894 901 2122 956 dabatur
2150 903 2506 973 baptismatis,
2536 906 2654 975 ejus
2679 909 2928 966 videlicet
2950 912 3073 976 fide,
3108 930 3221 984 spe,
3252 925 3306 972 et
3338 918 3470 973 cha-

1891 993 2083 1060 ritate,
2133 1010 2237 1048 non
2283 995 2457 1050 solum
2502 996 2558 1050 in
2605 997 2956 1067 baptismate,
3004 1004 3095 1057 sed
3127 1014 3182 1059 et
3220 1007 3274 1060 in
3318 1009 3466 1063 omni

1888 1098 2112 1153 prorsus
2138 1084 2350 1140 actione
2392 1085 2606 1152 devota,
2652 1103 2710 1142 se
2756 1090 3043 1159 puriﬁcare
3072 1096 3364 1161 curaverit,
3399 1104 3458 1151 et

1891 1173 1945 1228 in
1974 1174 2200 1245 septima
2234 1175 2444 1230 sabbati
2478 1176 2712 1233 feliciter
2744 1180 3066 1248 requiescet,
3100 1191 3155 1237 et
3189 1183 3243 1238 in
3273 1193 3467 1241 octava

1889 1263 2222 1335 gloriﬁcatus
2251 1274 2514 1338 resurget.
2546 1267 2676 1335 Quae
2711 1279 2765 1325 et
2795 1270 2908 1339 ipsa
2940 1273 3250 1342 quotidiana
3279 1284 3466 1332 nostra

1889 1352 2252 1420 circumcisio,
2284 1357 2337 1411 id
2377 1367 2461 1412 est
2498 1360 2752 1414 continua
2783 1362 2961 1418 cordis
2988 1364 3284 1431 mundatio,
3316 1382 3464 1423 sem-

1885 1457 1987 1513 per
2012 1453 2217 1500 octava:
2240 1446 2344 1502 diei
2374 1458 2775 1505 sacramentum
2799 1451 3073 1508 celebrare
3103 1469 3209 1508 non
3232 1455 3463 1523 desistit,

1886 1533 2015 1603 quia
2063 1549 2163 1590 nos
2215 1536 2268 1590 in
2324 1537 2627 1608 exemplum
2682 1540 2974 1597 Dominicaa
3027 1546 3462 1614 resurrectionis,

1886 1639 2007 1696 quae
2036 1634 2225 1681 octava
2256 1627 2360 1692 die,
2391 1628 2445 1682 id
2481 1637 2563 1683 est
2602 1639 2725 1700 post
2757 1633 3041 1703 septimam
3070 1634 3281 1690 sabbati
3316 1636 3464 1694 facta

1885 1724 1989 1781 est,
2023 1717 2364 1774 sanctiﬁcare
2404 1720 2716 1787 consuevit,
2761 1731 2820 1776 ut
2849 1723 3121 1793 quomodo
3167 1726 3466 1782 resurrexit

191 1808 302 1863 die
330 1809 539 1864 creavit
574 1809 845 1865 hominem
880 1784 1175 1879 perfectum
1214 1784 1394 1866 anima
1438 1784 1501 1867 et
1532 1826 1777 1881 corpore,
1809 1784 1859 1846 Β
1887 1806 2134 1862 Christus
2160 1824 2190 1863 a
2220 1809 2449 1865 mortuis
2478 1825 2575 1880 per
2602 1784 2829 1882 gloriam
2857 1784 3060 1878 l’atris,
3094 1812 3168 1867 ita
3190 1823 3247 1869 et
3272 1829 3370 1871 nos
3405 1816 3463 1872 in

189 1908 435 1972 prepter
461 1915 620 1971 quem
657 1910 842 1958 creata
890 1911 1015 1958 sunt
1062 1904 1264 1969 omnia,
1316 1913 1373 1960 et
1421 1914 1571 1962 sexta
1625 1914 1783 1960 aetate

189 1991 359 2045 venit
389 1990 637 2049 conditor
670 1990 943 2053 hominem
989 2007 1243 2063 reparare
1278 2008 1440 2063 quem
1491 2002 1646 2050 sexto
1694 1995 1782 2051 die

190 2088 513 2136 creaverat.
549 2079 655 2136 Sed
686 2089 742 2136 et
775 2082 1055 2138 denarium
1081 2084 1465 2155 sexagenarius
1496 2100 1778 2141 numerum

188 2172 641 2241 comprehendit,
679 2172 771 2241 qui
818 2172 871 2227 in
909 2173 1163 2246 decalogo
1200 2183 1565 2244 consecratur,
1603 2185 1677 2244 et,
1721 2186 1781 2234 ut

188 2276 370 2331 supra
394 2261 751 2325 ostendimus,
789 2262 1095 2333 perficitur;
1153 2281 1261 2335 quo
1281 2267 1442 2323 etiam
1470 2276 1526 2323 et
1559 2281 1781 2339 sexage-

189 2352 394 2407 narius
426 2368 684 2409 numerus
710 2368 830 2410 esse
863 2355 1135 2426 perfectus
1172 2358 1276 2412 hoc
1315 2358 1473 2414 modo
1511 2370 1779 2415 monsua-

190 2451 313 2498 tur.
338 2444 553 2501 Partire
578 2448 987 2518 sexagenarium
1012 2464 1108 2520 per
1138 2451 1434 2517 denarium,
1455 2461 1511 2508 et
1535 2454 1776 2527 invenies

189 2534 455 2589 eumdem
484 2537 893 2617 sexagenarium
923 2555 1205 2596 numerum
1231 2557 1328 2611 per
1355 2545 1630 2600 denarium
1656 2561 1777 2602 esse

189 2624 525 2694 perfectum,
551 2626 693 2681 sicut
710 2629 980 2683 senarium
1009 2646 1107 2701 per
1132 2632 1410 2687 unitatem.
1427 2632 1560 2687 Nam
1582 2651 1772 2701 unum,

160 2718 332 2781 ‘duo,
365 2726 420 2774 et
452 2728 558 2775 tres
583 2733 678 2774 sex
717 2719 940 2787 faciunt,
968 2723 1058 2792 qui
1098 2731 1181 2778 est
1210 2723 1480 2795 perfectus
1518 2742 1774 2784 numerus

188 2809 255 2864 in
274 2810 521 2880 partibus
546 2810 658 2866 suis
689 2829 702 2865 :
735 2811 808 2867 ita
836 2821 892 2867 et
927 2816 1310 2886 sexagenarius
1333 2816 1619 2886 quamdam
1647 2834 1771 2889 per-

188 2902 486 2958 fectionem
511 2903 675 2959 habet
700 2905 746 2959 si
773 2906 1005 2974 partitur
1025 2923 1122 2976 per
1154 2909 1434 2965 denarium
1464 2926 1767 2965 numerum.

188 2992 376 3049 Semel
407 2993 552 3048 enim
575 2994 781 3061 decem,
802 3005 858 3051 et
881 2997 965 3052 bis
989 2998 1193 3065 decem,
1219 3007 1273 3055 et
1302 3009 1383 3054 ter
1403 3000 1587 3056 decem
1610 3001 1772 3074 764

188 3086 479 3155 sexaginta
515 3085 678 3153 ﬁunt;
728 3102 935 3143 necnon
963 3096 1020 3145 et
1059 3090 1579 3161 quinquagenarium
1622 3107 1771 3147 com-

1883 1899 2125 1953 novitate
2149 1899 2274 1955 vita:
2305 1900 2661 1956 ambulemus.
2692 1902 2758 1957 Et
2793 1904 2909 1959 lucc
2931 1914 3016 1960 est
3050 1914 3242 1960 octava
3276 1920 3460 1962 resur-

1882 1987 2140 2044 rectionis
2168 1998 2367 2044 nostra:
2409 1989 2666 2060 plenariae
2709 1991 2828 2048 dies
2877 1993 2995 2048 sine
3038 1994 3147 2069 ullo
3195 1996 3460 2066 temporis

1881 2076 1991 2133 ﬁne
2029 2078 2211 2144 beata,
2248 2079 2465 2148 quando
2495 2095 2623 2136 vera
2663 2083 2987 2139 omnimodae
3029 2084 3463 2143 circumcisionis

1881 2172 2053 2243 gloria
2085 2183 2427 2240 coruscante,
2456 2189 2565 2231 non
2594 2175 2731 2230 ultra
2758 2192 2953 2248 corpus
2983 2178 3124 2247 quod
3160 2179 3462 2249 corrumpi-

1880 2268 1970 2316 tur
1996 2271 2253 2336 aggravat
2297 2264 2532 2319 animam
2550 2305 2567 2331 ,
2598 2280 2705 2321 non
2734 2265 2873 2321 ultra
2896 2276 3107 2322 terrena
3136 2267 3459 2325 inhabitalio

1878 2353 2137 2422 deprimit
2169 2368 2386 2410 sensum
2413 2356 2580 2411 multa
2616 2357 2964 2425 cogitantem,
3004 2358 3097 2414 sed
3123 2346 3319 2429 corpus
3339 2360 3457 2431 jam

1878 2441 2286 2514 incorruptibile
2311 2443 2548 2500 laetiﬁcat
2574 2446 2834 2511 animam,
2864 2455 2920 2501 et
2951 2446 3193 2502 sublevat
3214 2448 3454 2504 celestis

1876 2530 2199 2588 inhabitatio
2241 2541 2413 2588 totum
2462 2534 2736 2590 hominem
2783 2536 2978 2592 visioni
3026 2537 3108 2591 sui
3156 2538 3461 2595 conditoris

1875 2622 2248 2687 inhterentem,
2291 2624 2507 2693 quando
2536 2625 2884 2680 renovabitur
2929 2627 3068 2681 sicut
3118 2626 3312 2697 aquila:
3351 2627 3445 2697 ju-

1873 2722 2072 2766 ventus
2115 2721 2321 2766 nostra.
2351 2712 2506 2780 Quod
2543 2714 2948 2769 reclinatorium
2992 2715 3152 2770 nobis
3198 2714 3455 2772 Salomon

1874 2811 2060 2857 noster
2096 2801 2245 2867 fecit,
2291 2817 2415 2858 cum
2465 2818 2615 2873 spem
2659 2813 2932 2875 perpetua:
2960 2805 3159 2875 quietis
3204 2803 3455 2861 ﬁdelibus

1871 2893 2141 2962 promisit.
2190 2891 2396 2959 Tollite,
2451 2892 2649 2963 inquit,
2694 2894 2887 2965 jugum
2933 2909 3106 2947 meum
3147 2910 3302 2963 super
3337 2909 3451 2960 vos,

1874 2985 2036 3059 765
2063 2995 2109 3041 et
2132 2985 2315 3039 discite
2343 3000 2376 3038 a
2397 3000 2479 3039 me
2505 2986 2628 3055 quia
2649 2986 2791 3040 mitis
2816 3002 2934 3041 sum
2957 2996 3005 3040 et
3030 2986 3241 3039 humilis
3272 2985 3447 3052 corde,

1872 3086 1922 3130 et
1958 3075 2225 3130 invenietis
2265 3074 2495 3145 requiem
2543 3075 2819 3129 animabus
2861 3075 3041 3130 vestris
3081 3074 3306 3147 (Matth.
3353 3091 3448 3143 xr,

187 3174 450 3245 plectitur
489 3176 734 3231 senarius
776 3191 1096 3244 numerum,
1125 3194 1233 3249 quo
1275 3178 1530 3235 Jubilmus
1574 3197 1761 3245 annus,

1871 3166 1985 3237 29).
2017 3166 2087 3221 Et
2128 3166 2232 3221 hoc
2274 3142 2684 3220 reclinatorium
2722 3165 2854 3220 fecit
2895 3142 3155 3232 aureum,
3184 3165 3312 3236 quia
3352 3142 3443 3221 re?-

187 3266 445 3321 remissio
484 3266 692 3323 scilicet
737 3276 1099 3337 peccatorum,
1137 3279 1194 3325 et
1242 3272 1308 3326 ad
1337 3272 1525 3341 patrite
1550 3282 1766 3328 aeterna:

189 3356 559 3412 haereditate":
590 3358 848 3424 reversio,
872 3368 926 3413 et
966 3360 1180 3430 requies
1223 3362 1549 3432 sempiterna
1578 3364 1761 3433 expri-

188 3447 378 3501 mitur.
434 3447 808 3517 Supereminct
867 3464 1080 3519 quoque
1132 3450 1465 3523 conjugalem
1518 3454 1762 3511 ordinem

188 3538 556 3609 dnplicatione
592 3538 692 3602 sui,
725 3538 1047 3595 laboriosam
1076 3541 1343 3596 vidualem
1374 3544 1762 3600 continentiam

186 3629 545 3697 impressione
582 3628 732 3700 digiti
776 3629 1214 3696 demonstrando,
1246 3631 1498 3701 quoniam
1524 3649 1643 3703 qua:
1671 3650 1761 3689 se-

184 3720 417 3775 minavit
438 3720 492 3775 in
528 3719 784 3791 lacrymis
806 3720 860 3775 in
894 3722 1087 3792 gaudio
1112 3731 1295 3777 metet.
1341 3722 1400 3776 ln
1445 3739 1504 3778 se
1543 3724 1760 3795 triginta

183 3812 507 3877 continens,
555 3811 648 3881 qui
692 3825 946 3867 numerus
983 3811 1180 3866 blando
1226 3812 1419 3867 indicis
1457 3822 1511 3868 et
1553 3814 1761 3884 pollicis

184 3902 379 3960 osculo
413 3902 653 3975 depingit
674 3914 730 3959 et
759 3902 1063 3975 coniugem,
1093 3904 1325 3960 fructum
1351 3904 1473 3961 ﬁdei
1497 3920 1596 3976 per
1618 3906 1759 3963 bona

183 4010 383 4065 opera,
424 4004 483 4050 ut
523 4003 667 4051 terra
703 3996 943 4066 optima,
999 3996 1065 4051 de
1120 4006 1370 4066 suscepto
1412 3998 1576 4053 divini
1609 3998 1758 4055 verbi

182 4088 396 4144 semine
440 4086 720 4159 proferens
759 4104 774 4143 :
819 4088 961 4143 sicut
1000 4089 1344 4143 eentenarius
1391 4104 1648 4146 numerus
1692 4091 1760 4146 de

181 4181 317 4238 larva
360 4179 649 4237 translatus
687 4181 743 4236 in
795 4181 1107 4246 dexteram,
1147 4180 1352 4236 eisdem
1394 4180 1611 4251 digitis,
1665 4182 1759 4239 sed

180 4284 290 4325 non
321 4270 512 4326 eadem
533 4285 718 4335 manu,
743 4270 937 4340 quibus
962 4270 1018 4325 in
1047 4269 1178 4324 laeva
1199 4285 1359 4325 manu
1388 4280 1566 4340 nupta:
1590 4270 1757 4341 signi-

180 4360 416 4417 ﬁcantur
452 4368 508 4415 et
546 4360 739 4424 vidum,
776 4359 1036 4416 circulum
1080 4359 1285 4416 faciens
1310 4360 1567 4429 exprimit
1591 4360 1755 4431 virgi-

177 4452 369 4508 nitatis
392 4466 669 4508 coronam.
694 4449 802 4507 Sed
820 4460 877 4506 et
899 4450 1137 4506 fructum
1167 4451 1501 4507 tricesimum
1527 4452 1749 4506 verbum

177 4542 389 4615 profert
414 4542 558 4612 quod
585 4540 747 4596 fidem
780 4549 982 4597 sancta:
1015 4540 1298 4596 Trinitatis
1316 4539 1566 4606 aedificat,
1600 4555 1755 4595 sexa-

177 4634 445 4705 gesimum
487 4632 629 4702 quod
668 4631 848 4702 operis
876 4630 1260 4700 perfectionem
1304 4631 1479 4695 docet,
1523 4629 1756 4685 centesi-

177 4741 329 4782 mum
362 4725 505 4797 quod
539 4727 608 4781 ad
634 4725 913 4781 dexteram
939 4726 1088 4796 regni
1120 4726 1283 4780 vitam
1322 4726 1584 4797 praedicat
1617 4741 1756 4782 sem-

175 4814 468 4888 piternam.
499 4815 731 4871 Necesse
780 4826 864 4871 est
892 4815 1054 4885 igitur
1096 4825 1158 4869 ut
1199 4815 1291 4884 qui
1332 4815 1445 4870 vult
1471 4816 1657 4879 vitam,
1697 4822 1756 4869 et

176 4909 328 4978 cupit
351 4908 537 4963 videre
573 4907 689 4963 dies
730 4907 922 4972 bonos,
952 4921 1050 4977 per
1090 4922 1183 4961 sex
1225 4905 1384 4976 hujus
1429 4904 1607 4960 saeculi
1639 4905 1754 4961 dies

165 4998 264 5075 ivel
293 5006 482 5053 aetates
510 4998 564 5079 in
593 4997 786 5067 quibus
824 4997 952 5053 licet
988 4998 1223 5067 operari,
1264 4998 1331 5052 ad
1366 4998 1670 5063 sabbatum,
1699 4997 1753 5053 id

165 5078 263 5191 {est
290 5091 359 5147 ad
388 5078 628 5161 requiem
660 5091 872 5161 septimi
896 5090 1005 5145 diei
1036 5090 1149 5146 sive
1176 5090 1373 5155 aetatis,
1401 5091 1617 5159 quando
1641 5106 1751 5146 non

166 5178 360 5239 Elicehit
385 5180 619 5251 operari,
644 5180 750 5235 ﬁde
774 5187 922 5234 recta
950 5186 1006 5234 et
1026 5178 1185 5248 justis
1212 5179 1488 5247 operibus,
1510 5178 1749 5251 decalogi

174 5271 427 5327 mandata
450 5269 788 5339 complendo,
811 5271 1014 5339 absque
1040 5269 1361 5324 admistione
1389 5270 1540 5338 pravi
1567 5270 1749 5340 operis

173 5363 431 5421 festinare
472 5370 745 5433 procuret,
776 5371 1041 5431 quatenus
1081 5361 1146 5415 de
1188 5374 1415 5429 corpore
1450 5360 1656 5428 exiehs,
1688 5362 1743 5418 in

171 5455 403 5525 septima
430 5454 518 5509 die
545 5452 631 5507 vel
658 5460 838 5517 aetate,
866 5452 979 5505 sive
1005 5450 1060 5504 in
1089 5449 1536 5520 quinquagenarii
1562 5450 1743 5520 quiete

173 5544 381 5599 numeri
420 5544 744 5614 requiescat,
775 5542 947 5597 donec
980 5540 1459 5610 sempiternitatem
1490 5549 1742 5597 centena-

170 5636 303 5689 riam
336 5636 389 5689 in
417 5644 610 5691 octava
631 5634 717 5689 die
747 5633 829 5687 vel
857 5640 1017 5687 aetate
1039 5646 1160 5686 cum
1192 5632 1591 5702 incorruptione
1620 5648 1741 5689 cor-

170 5742 360 5799 porum
408 5734 790 5797 consequatur.
841 5708 992 5781 Unde
1037 5734 1092 5781 et
1134 5725 1534 5781 reclinatorium
1583 5724 1739 5797 hujus

1870 3258 2053 3329 quiem
2088 3256 2243 3312 nobis
2289 3265 2550 3311 aeternam
2593 3257 2789 3311 divina:
2835 3272 2946 3312 sua:
2994 3256 3223 3312 visionis
3276 3256 3448 3327 gloria

1866 3362 2145 3403 coruscam
2167 3346 2505 3420 przeparavit.
2520 3344 2656 3401 Hinc
2674 3346 2873 3402 etenim
2894 3346 3094 3401 dicitur
3114 3362 3128 3399 :
3149 3345 3252 3410 Qui
3273 3354 3447 3400 autem

1866 3437 2036 3508 diligit
2066 3452 2146 3490 me
2175 3434 2425 3505 diligetur
2463 3452 2496 3489 a
2526 3433 2683 3489 Patre
2710 3450 2854 3500 meo,
2882 3444 2929 3488 et
2962 3449 3054 3504 ego
3084 3433 3301 3503 diligam
3327 3449 3448 3487 eum

1863 3537 1911 3581 et
1933 3525 2278 3595 manifestabo
2299 3526 2346 3578 ei
2371 3525 2626 3595 meipsum
2660 3524 2844 3595 (Joan.
2873 3539 2995 3591 xtv,
3022 3523 3135 3594 21).
3165 3522 3262 3579 Vel
3287 3531 3445 3579 certe

1864 3613 1997 3669 fecit
2024 3613 2426 3669 reclinatoriunt
2454 3614 2506 3667 in
2539 3613 2745 3669 ferculo
2767 3613 3016 3669 ﬁdelibus
3042 3627 3287 3677 aureum,
3307 3612 3436 3683 quia

1862 3721 2054 3762 omnes
2078 3722 2445 3779 rcsurgemus,
2470 3722 2578 3762 non
2596 3716 2778 3761 autem
2801 3721 2988 3761 omnes
3010 3703 3439 3769 immutabimur,
3538 3726 3544 3732 α

1861 3802 2119 3873 quoniam
2170 3801 2417 3857 Christus
2469 3816 2662 3872 passus
2711 3817 2811 3871 pro
2858 3801 3108 3856 omnibus
3155 3799 3444 3872 acquisivit

1861 3895 2113 3950 omnibus
2153 3894 2605 3949 resurrectionem
2630 3932 2646 3959 ,
2688 3893 2935 3949 ﬁdelibus
2964 3901 3147 3948 autem
3184 3892 3438 3947 incorru-

1862 3985 2065 4055 ptionis
2090 3992 2146 4039 et
2175 3984 2368 4039 anima:
2398 3992 2452 4039 et
2478 3983 2723 4054 corporis
2755 3982 3003 4055 gloriam,
3031 3982 3098 4037 de
3127 3982 3322 4052 quibus
3358 3981 3440 4037 di-

1860 4078 2019 4143 citur,
2052 4076 2341 4159 Resurgent
2364 4077 2420 4131 in
2450 4077 2824 4132 resurrectione
2837 4076 3105 4145 justorum
3133 4073 3287 4145 (Luc.
3322 4088 3435 4139 xlv,

1862 4173 1984 4245 M),
2017 4188 2138 4228 cum
2186 4187 2375 4228 omnes
2417 4172 2536 4227 sine
2582 4170 2691 4225 ulla
2739 4169 3082 4226 dubitatione
3130 4177 3434 4238 resurgent.

1856 4263 2156 4317 Ascensum
2181 4270 2359 4316 autem
2383 4259 2543 4330 hujus
2569 4257 2757 4316 ferculi
2781 4259 2949 4324 ldida,
2972 4260 3075 4313 hoc
3096 4265 3179 4313 est
3204 4257 3434 4312 dilectus

1858 4353 2028 4410 Filius
2072 4353 2251 4408 Patris
2281 4352 2335 4408 in
2366 4367 2473 4423 quo
2510 4353 2560 4406 ei
2590 4354 2727 4407 bene
2763 4351 3116 4421 complacuit,
3146 4350 3274 4404 fecit
3306 4364 3435 4420 pur-

1859 4459 2083 4515 pureum
2110 4459 2124 4498 :
2156 4458 2282 4498 vera
2323 4443 2466 4499 enim
2498 4459 2734 4514 purpura
2766 4442 3160 4498 maritimorum
3195 4441 3433 4513 conchy-

1856 4536 2051 4592 liorum
2090 4535 2353 4607 sanguine
2401 4535 2659 4606 tingitur;
2718 4534 2844 4604 quia
2889 4534 3045 4590 vivus
3094 4542 3154 4588 et
3195 4533 3427 4604 copiosae

1853 4630 2247 4700 redemptionis
2274 4628 2496 4700 sanguis
2520 4628 2641 4699 agni
2665 4626 3000 4683 immaculati
3023 4633 3080 4680 et
3102 4625 3430 4681 incontami-

1855 4723 1969 4777 nati
1997 4720 2126 4776 Jesu
2169 4720 2405 4785 Christi,
2438 4720 2521 4775 de.
2550 4718 2753 4789 Spiritu
2799 4726 3006 4781 sancto,
3036 4716 3201 4800 idest
3239 4729 3427 4785 opera-

1853 4813 2249 4885 tione.Spiritus
2261 4812 2456 4879 sancti,
2478 4825 2541 4867 ex
2568 4811 2813 4880 virgineo
2834 4808 3094 4879 sanguine
3114 4806 3429 4863 sementiva'.

1854 4914 2098 4971 naturae,
2148 4904 2396 4960 videlicet
2439 4919 2509 4959 ex
2550 4902 2894 4959 immaculata
2940 4898 3178 4970 Virginis
3224 4910 3422 4961 carne,

1852 4995 1969 5051 sine
1989 4995 2095 5051 ulla
2110 4995 2315 5051 carnali
2346 4993 2803 5066 concupiscentia,
2829 5000 2885 5047 et
2907 4991 3112 5059 absque
3140 4988 3248 5043 ullo
3273 4986 3418 5042 virili

1849 5094 2088 5151 attactu,
2130 5085 2477 5155 singulariter
2526 5082 2809 5154 concepti,
2844 5089 2900 5136 et
2938 5079 3120 5135 clauso
3169 5076 3420 5149 virginali

1847 5184 2031 5241 utero,
2054 5190 2117 5231 ac
2142 5175 2495 5241 virginalibus
2523 5174 2748 5245 integris
2781 5170 3114 5226 inconvulsis
3144 5177 3306 5237 atque
3335 5167 3419 5222 in-

1847 5269 2126 5324 temeratis
2180 5267 2504 5323 mirabiliter
2555 5266 2665 5319 nati
2694 5305 2719 5330 ,
2763 5263 2897 5317 lavit
2945 5277 3043 5316 nos
3093 5275 3123 5313 a
3181 5258 3417 5329 peccatis

1846 5361 2062 5417 nostris.
2089 5360 2193 5428 Qui
2231 5359 2480 5431 sanguis,
2508 5356 2758 5411 videlicet
2796 5354 2966 5424 ipsius
3009 5352 3132 5423 agni
3181 5349 3421 5405 tollentis

1830 5436 2065 5523 'peccata
2098 5451 2316 5515 mundi,
2347 5452 2411 5505 de
2438 5447 2735 5519 conchyliis
2761 5444 2983 5501 marinis
3007 5443 3151 5499 ferro
3178 5440 3414 5506 elicitur,

1849 5542 1972 5612 quia
1997 5557 2095 5611 per
2123 5542 2317 5596 seriem
2344 5539 2533 5609 stirpis
2564 5538 2840 5593 hominum
2869 5546 3232 5607 peccatorum,
3256 5529 3415 5601 quasi

1844 5632 2072 5687 marinis
2124 5630 2377 5684 fluctibus
2438 5642 2854 5698 oppressorum,
2910 5624 3049 5679 sicut
3101 5620 3412 5694 genealogia

1844 5722 2125 5796 Evangelii
2158 5728 2445 5787 monstrat,
2474 5721 2540 5777 de
2567 5719 2795 5775 Abrahae
2820 5725 2875 5773 ct
2902 5715 3070 5771 David
3094 5714 3260 5784 stirpe
3286 5726 3415 5785 pro-
