4006 6338
597 332 700 386 3Ξ7

1571 331 1899 392 HINCMARI
1937 319 2328 386 BHEMENSIS
2367 325 2876 388 ARCHIEPISCOPI

3729 347 3822 403 828

603 457 800 522 cessit,
830 463 883 510 et
912 453 1170 510 incisione
1207 453 1369 518 ferri,
1398 452 1671 507 clavorum
1701 452 1949 505 videlicet
1976 458 2030 504 et
2068 448 2151 501 Ian

2283 447 2462 500 cordia
2489 463 2600 501 mea
2630 447 2805 517 (Psal.
2835 464 2982 513 LVIII,
3013 448 3124 521 18),
3154 452 3360 508 scilicet
3383 469 3553 526 agnus
3580 461 3668 527 qui
3699 465 3824 518 tollit

607 564 740 612 cette,
769 555 1104 607 sacramenta
1134 543 1517 613 redemptionis
1547 553 1744 596 nostrze
1767 541 1833 596 de
1859 542 1976 609 ipso
2000 553 2177 592 sacra-

609 642 818 697 tissimo
851 653 1108 708 corpore,
1145 635 1197 690 in
1227 651 1333 705 quo
1371 644 1488 690 erat
1526 633 1669 688 Deus
1701 633 1955 686 mundum
1988 646 2178 685 recon-

610 731 799 786 cilians
840 729 975 788 sibi,
1017 735 1072 780 et
1115 727 1165 779 in
1210 740 1314 794 quo
1367 723 1629 778 inhabitat
1677 721 1853 776 omnis
1901 719 2178 789 plenitudo

610 818 911 873 divinitatis
940 814 1316 884 corporaliter,
1346 813 1500 868 nobis
1527 817 1915 867 emanaverunt
1937 847 1954 872 ,
1981 807 2177 878 quibus

611 909 751 961 idem
784 923 873 961 rex
897 922 959 960 ac
989 905 1245 960 Dominus
1269 914 1471 966 noster,
1495 902 1584 971 qui
1610 901 1801 955 dilexit
1823 914 1941 963 nos,
1971 908 2027 952 et
2048 895 2178 951 lavit

607 1012 710 1051 nos
741 1013 769 1050 a
800 995 1036 1064 peccatis
1074 995 1275 1064 nostris
1326 995 1377 1048 in
1427 993 1542 1062 ipso
1590 992 1848 1061 sanguine
1898 1005 2028 1054 suo,
2070 1005 2176 1044 non

609 1086 781 1140 solum
825 1085 1037 1153 quando
1081 1084 1392 1153 sanguinem
1435 1098 1590 1137 suum
1623 1081 1765 1136 dedit
1805 1081 1856 1134 in
1893 1095 2051 1135 cruce
2077 1093 2176 1150 pro

611 1176 797 1237 nobis,
826 1175 909 1228 vel
939 1176 1151 1243 quando
1191 1175 1420 1242 quisque
1470 1181 1710 1227 nostrum
1760 1172 1812 1225 in
1862 1171 2175 1241 mysterium

610 1270 964 1318 sacrosanctae
1011 1264 1275 1332 passionis
1315 1263 1455 1317 illius
1492 1262 1740 1331 baptismi
1773 1263 1927 1330 aquis
1962 1262 2176 1316 ablutus

610 1364 722 1418 est,
757 1371 943 1408 verum
973 1355 1138 1408 etiam
1175 1353 1413 1421 quotidie
1441 1352 1578 1407 tollit
1613 1361 1831 1421 peccata
1866 1351 2068 1415 mundi,
2101 1351 2176 1404 la-

611 1451 806 1512 vatque
841 1457 938 1496 nos
958 1457 985 1494 a
1009 1443 1242 1511 peccatis
1263 1442 1461 1496 nostris
1482 1441 1812 1511 quotidiani:
1835 1441 1886 1492 in
1914 1441 2174 1510 sanguine

611 1547 732 1595 suo,
764 1547 885 1585 cum
920 1531 1158 1600 ejusdem
1183 1532 1352 1586 beata:
1387 1530 1652 1600 passionis
1675 1531 1742 1584 ad
1769 1529 1941 1584 altare
1971 1541 2176 1583 memo-

613 1626 691 1679 ria
725 1623 1032 1693 replicatur,
1062 1639 1183 1677 cum
1209 1623 1364 1693 panis
1397 1631 1452 1678 et
1480 1622 1590 1676 vini
1619 1631 1870 1678 creatura
1910 1621 1962 1675 in
1991 1635 2175 1675 sacra-

610 1724 850 1769 mentum
899 1714 1078 1768 carnis
1113 1721 1168 1769 et
1198 1713 1474 1783 sanguinis
1501 1710 1614 1780 ejus
1655 1709 1909 1766 ineffabili
1940 1709 2174 1781 Spiritus

610 1803 1034 1858 sanctiﬁcatione
1062 1803 1404 1866 transfertur,
1431 1803 1616 1872 sicque
1645 1817 1838 1874 corpus
1874 1811 1928 1857 et
1956 1801 2175 1872 sanguis

612 1893 787 1958 illius,
834 1908 940 1947 non
983 1893 1277 1947 inﬁdelium
1317 1893 1564 1947 manibus
1596 1893 1661 1946 ad
1703 1892 1991 1962 perniciem
2023 1905 2174 1946 suam

610 1983 853 2038 funditur
893 1993 946 2038 et
987 1984 1290 2050 occiditur,
1328 1985 1419 2038 sed
1465 1982 1698 2038 ﬁdelium
1755 1997 1850 2040 ore
1892 1998 2044 2036 suam
2086 1999 2178 2037 su-

610 2075 776 2129 mitur
825 2075 878 2129 in
920 2075 1145 2130 salutem
1189 2093 1202 2129 :
1252 2083 1306 2130 et
1353 2074 1566 2128 nonnisi
1619 2087 1917 2142 purpureus
1970 2072 2037 2126 ad
2074 2071 2176 2127 hoc

611 2164 872 2220 ferculum
901 2165 1170 2219 invenitur
1197 2179 1481 2228 ascensus,
1521 2163 1645 2232 quia
1673 2162 1847 2216 nullus
1879 2161 2175 2217 Ecclesiam

616 2254 720 2308 nisi
747 2257 1100 2309 sacramentis
1131 2254 1421 2308 Dominica:
1452 2253 1716 2323 passionis
1743 2253 1975 2309 imbutus
2003 2257 2178 2326 ingre-

611 2346 774 2398 ditur.
803 2344 957 2400 Unde
981 2346 1091 2414 ipse
1119 2347 1193 2399 ait
1220 2363 1231 2398 :
1259 2344 1378 2398 Nisi
1400 2350 1513 2416 quis
1542 2356 1748 2398 renatus
1777 2345 1932 2411 fuerit
1956 2363 2020 2400 ea:
2041 2364 2176 2416 aqua

609 2443 659 2488 et
685 2434 903 2502 Spiritu,
938 2452 1038 2488 non
1068 2436 1279 2488 intrabit
1302 2436 1354 2488 in
1379 2452 1589 2505 regnum
1617 2437 1862 2489 cartorum
1884 2435 2060 2506 (Joan.
2093 2454 2176 2502 III,

609 2523 688 2593 5).
715 2523 780 2577 Et
803 2541 816 2576 ε
843 2522 966 2577 Nisi
987 2524 1419 2578 manducaveritis
1441 2541 1647 2578 carnem
1671 2524 1770 2592 ﬁlii
1794 2525 2017 2579 hominis
2038 2535 2085 2580 et
2104 2528 2180 2580 bi-

607 2615 786 2682 beritis
817 2615 929 2683 ejus
956 2617 1259 2685 sanguinem
1279 2656 1294 2681 ,
1325 2633 1427 2669 non
1463 2617 1710 2670 habebitis
1741 2617 1898 2670 vitam
1925 2619 1979 2671 in
2015 2620 2176 2672 vobis.

613 2703 717 2770 Qui
738 2706 1017 2758 manducat
1037 2724 1244 2760 carnem
1267 2725 1431 2761 meam
1451 2718 1498 2762 et
1514 2708 1637 2761 bibit
1661 2711 1961 2778 sanguinem
1984 2725 2176 2776 meum,

615 2797 818 2851 habebit
843 2799 1000 2851 vitam
1028 2810 1296 2865 wternam,
1321 2811 1366 2854 et
1395 2816 1486 2869 ego
1514 2801 1826 2854 resuscitabo
1854 2816 1969 2852 eum
2002 2801 2056 2853 in
2085 2817 2180 2862 no-

610 2889 818 2940 vissimo
841 2889 926 2941 die
961 2888 1140 2957 (Joan.
1170 2906 1222 2942 Vl
1245 2931 1258 2954 ,
1291 2890 1493 2960 54-55).
1528 2889 1734 2944 Ferculi
1763 2905 1889 2942 vero
1922 2904 2178 2945 ascensus

609 2961 906 3045 purpureus
948 2979 1066 3032 ideo
1097 2981 1339 3035 versibus
1383 2981 1600 3052 triginta
1647 2981 1990 3046 describitur,
2022 2983 2171 3052 quia,

599 3065 757 3134 juxta
784 3067 1128 3137 Apostolum,
1187 3070 1491 3142 Quicunque
1520 3073 1766 3141 baptizati
1805 3074 1966 3145 763
1995 3091 2174 3130 sumus

602 3155 665 3208 .iu
689 3154 892 3210 Christo
915 3157 1060 3222 Jesu,
1093 3161 1364 3230 baptizato
1395 3162 1644 3216 videlicet
1695 3163 1965 3217 tricesimo
1999 3166 2176 3221 (etatis

601 3260 722 3298 sum
753 3261 913 3309 anno,
942 3247 995 3301 in
1027 3259 1191 3302 morte
1225 3252 1386 3320 ipsius
1423 3251 1668 3322 baptizati
1694 3269 1872 3306 sumus
1903 3252 2074 3324 (Rom.
2100 3272 2175 3320 v1,

601 3335 686 3404 5).
720 3335 774 3389 III
805 3353 912 3405 quo
942 3340 1212 3394 tricesimo
1242 3359 1465 3397 numero
1496 3345 1742 3416 Decalogi
1789 3348 2041 3403 denarius
2079 3351 2177 3403 tri-

604 3428 857 3498 plicatur,
891 3433 1014 3500 quia
1050 3433 1306 3502 perfectio
1330 3436 1449 3491 ﬁdei
1479 3446 1639 3507 atque
1667 3441 1927 3493 bonorum
1954 3457 2177 3511 operum

609 3518 1402 3588 baptismatissanctiﬁcatione
1433 3530 1728 3598 perﬁcitur.
1761 3531 1818 3585 ln
1861 3547 1964 3600 quo
1992 3534 2178 3603 imple-

609 3617 701 3660 tur
729 3611 904 3664 omnis
925 3610 1165 3678 justitia,
1195 3617 1318 3683 quia
1363 3617 1417 3670 in
1449 3634 1513 3672 eo
1557 3629 1639 3674 est
1669 3623 1946 3692 sanguinis
1974 3624 2176 3680 Christi

609 3701 931 3771 redemptio,
955 3707 1126 3760 sancti
1159 3707 1389 3776 Spiritus
1420 3711 1797 3779 sanctiﬁcatio,
1821 3722 1877 3768 et
1895 3731 2049 3786 aquae
2077 3718 2176 3772 ba-

607 3793 879 3863 ptismatis
916 3796 1155 3866 perfecta
1184 3803 1477 3857 mundatio.

681 3883 740 3938 In
773 3885 874 3940 hoc
898 3896 1074 3942 autem
1105 3887 1309 3946 ferculo
1339 3891 1590 3949 Salomon
1625 3907 1752 3950 vere
1788 3896 2002 3967 quidem
2033 3899 2178 3967 paci-

609 3973 748 4029 ﬁcus
774 4016 789 4041 ,
817 3976 907 4046 qui
938 3978 1241 4047 paciﬁcavit
1281 3997 1378 4051 per
1422 3984 1731 4054 sanguinem
1771 3988 1948 4042 crucis
1977 4003 2086 4043 sua:
2113 4005 2176 4044 ea

605 4081 729 4136 qua:
754 4068 806 4122 in
832 4068 968 4124 coelo
993 4081 1140 4136 sunt,
1163 4081 1217 4127 et
1237 4088 1299 4128 ea
1327 4089 1445 4143 quae
1471 4076 1524 4129 in
1555 4085 1718 4143 terra,
1747 4089 1803 4132 et
1831 4081 2043 4135 solvens
2065 4096 2176 4136 me-

609 4158 754 4211 dium
783 4159 1042 4228 parietem
1063 4202 1077 4227 ,
1108 4159 1239 4217 fecit
1280 4172 1509 4235 utraque
1535 4183 1727 4233 unum,
1759 4169 1894 4225 duos
1937 4173 2176 4227 condens

608 4245 665 4300 in
691 4249 885 4318 seipso,
916 4251 1094 4305 media
1124 4253 1390 4309 charitate
1435 4259 1734 4312 constravit
1772 4269 1993 4328 propter
2038 4261 2176 4317 ﬁlias

607 4334 906 4394 Jerusalem
933 4353 949 4393 :
978 4355 1042 4395 ea
1071 4341 1186 4411 ipsa
1207 4344 1453 4400 videlicet
1481 4347 1750 4402 charitate
1768 4342 2000 4419 qua‘pro
2020 4350 2175 4405 nobis

2277 545 2495 604 peccata
2527 536 2731 601 mundi,
2754 546 2803 591 et
2832 536 2957 590 lavit
2979 553 3078 593 nos
3103 554 3132 593 a
3158 542 3397 609 peccatis
3417 547 3615 601 nostris
3635 548 3686 602 in
3708 567 3825 606 san-

2277 623 2436 693 guine
2455 637 2574 688 suo,
2599 625 2651 677 in
2675 639 2836 680 cruce
2857 627 3063 683 duobus
3085 631 3329 686 versibus
3349 635 3594 689 eumdem
3620 654 3824 709 agnum.

2276 720 2438 781 atque
2464 713 2518 767 in
2547 714 2734 768 eodem
2761 731 2902 786 agno
2923 717 2974 771 in
3002 734 3108 773 una
3130 722 3424 793 eademque
3445 725 3624 782 littera
3657 733 3827 785 conci-

2276 804 2524 859 nentibus
2544 806 2782 877 pingitur
2809 826 2823 862 :
2855 825 2977 879 qua:
2996 812 3156 867 etiam
3183 829 3317 869 crux
3342 828 3577 886 quatuor
3595 823 3829 876 versibus

2278 894 2433 948 unius
2457 909 2740 959 mensurze,
2771 907 2825 951 et
2855 898 2908 953 in
2938 900 3137 956 eisdem
3169 902 3362 960 litteris
3395 907 3446 960 in
3472 911 3651 978 capite
3682 913 3762 966 vel
3782 916 3826 968 in

2279 981 2384 1035 ﬁne
2413 985 2859 1052 congruentibus,
2888 1002 2984 1057 per
3016 1000 3246 1058 quatuor
3273 995 3456 1048 mundi
3497 1008 3684 1064 partes
3711 1017 3827 1069 pro-

2275 1071 2546 1126 missionis
2584 1073 2753 1138 ﬁlios,
2798 1084 2851 1129 et
2899 1087 3113 1133 aeternae
3153 1081 3480 1138 haereditatis
3505 1084 3724 1142 Christo
3753 1106 3831 1142 co-

2275 1161 2532 1225 haeredes,
2566 1163 2616 1217 id
2645 1175 2726 1219 est
2752 1166 2952 1222 electos
2982 1177 3036 1222 et
3061 1172 3464 1238 praedestinatos
3491 1178 3559 1231 ad
3590 1179 3753 1234 vitam
3780 1182 3829 1235 in

2275 1253 2478 1317 gremio
2531 1257 2916 1324 redemptionis
2962 1259 3196 1326 Christi,
3244 1265 3332 1332 qui
3374 1277 3457 1321 est
3503 1285 3698 1338 passus
3739 1289 3830 1341 pm

2273 1342 2544 1407 omnibus,
2571 1345 2943 1414 complectitur
2971 1352 3150 1404 omnia
3177 1367 3346 1422 gyro:
3375 1358 3676 1424 praedicans
3700 1362 3830 1416 scili-

2273 1439 2359 1486 cet
2382 1434 2578 1487 mundo
2603 1450 2722 1504 qua:
2747 1437 2819 1491 sit
2842 1439 3007 1507 ipsius
3034 1443 3210 1498 crucis
3245 1459 3492 1500 mensura
3517 1489 3533 1511 ,
3561 1448 3826 1519 longitudo

2271 1522 2520 1578 videlicet
2550 1534 2604 1578 et
2647 1525 2902 1593 latitudo,
2954 1529 3254 1587 sublimitas
3295 1542 3348 1588 et
3400 1536 3727 1604 profundum
3779 1543 3826 1596 in

2271 1611 2559 1668 dilectione
2586 1613 2680 1668 Dei
2708 1625 2763 1670 et
2789 1617 3039 1685 proximi.
3079 1619 3180 1686 Qui
3217 1622 3322 1678 duo
3350 1631 3404 1676 et
3441 1639 3675 1693 quatuor
3713 1644 3828 1683 ver-

2273 1717 2368 1758 sus
2413 1703 2682 1772 conjuncti
2729 1708 2999 1762 senarium
3045 1711 3312 1777 complent
3354 1729 3678 1769 numerum:
3708 1721 3830 1788 quia

2205 1781 2252 1842 B
2277 1803 2430 1849 sexto
2455 1795 2543 1851 die
2571 1798 2730 1852 homo
2773 1801 3051 1867 conditus,
3081 1812 3233 1858 sexto
3269 1805 3396 1889 item
3431 1807 3516 1861 die
3548 1781 3835 1865 crucis-est

2278 1887 2538 1956 mysterio
2587 1897 2885 1959 reparatus.
2943 1891 3043 1958 Qui
3093 1887 3358 1948 senarius
3389 1910 3648 1951 numerus
3696 1900 3835 1968 apud

2278 1977 2456 2032 sazculi
2485 1979 2752 2048 sapientes
2784 1981 2986 2036 idcirco
3015 1982 3214 2036 dicitur
3238 1999 3357 2038 esse
3387 1984 3676 2054 perfectus,
3704 1990 3828 2058 quia

2277 2081 2375 2120 suo
2403 2065 2592 2122 ordine
2621 2078 2932 2124 numeratus
2957 2072 3253 2140 perﬁcitur,
3280 2081 3338 2125 ut
3366 2089 3489 2126 cum
3513 2089 3672 2136 unus,
3701 2077 3828 2138 duo,

2277 2165 2389 2211 tres
2415 2157 2684 2217 dicuntur.
2717 2160 2962 2214 senarius
2994 2177 3247 2215 numerus
3278 2161 3567 2231 impletur:
3601 2165 3683 2218 vel
3713 2167 3836 2234 quia

2278 2245 2332 2302 in
2363 2247 2534 2304 tribus
2564 2248 2805 2318 partibus
2833 2250 3106 2315 dividitur.
3138 2252 3190 2308 id
3224 2261 3306 2307 est
3358 2264 3549 2321 sexta,
3587 2257 3745 2308 tertia
3789 2267 3840 2310 et

2277 2338 2496 2391 dimidia
2526 2357 2538 2391 :
2570 2339 2816 2396 videlicet
2845 2342 2898 2394 in
2929 2357 3055 2404 uno,
3089 2343 3296 2398 duobus
3323 2355 3378 2398 et
3414 2346 3606 2400 tribus.
3633 2344 3715 2400 Ab
3749 2359 3842 2400 eo—

2280 2427 2602 2484 clesiaslicis
2631 2439 2813 2486 autem
2844 2433 3155 2490 doctoribus
3201 2435 3320 2490 ideo
3348 2436 3618 2505 perfectus
3649 2437 3843 2492 dicitur

2279 2532 2558 2580 numerus,
2588 2520 2711 2588 quia
2743 2532 2899 2576 sexto
2929 2523 3015 2578 die
3039 2523 3265 2593 perfecit
3291 2525 3432 2579 Deus
3467 2528 3648 2580 omnia
3677 2543 3842 2596 open

2279 2623 2398 2671 sua,
2431 2617 2486 2662 et
2515 2625 2604 2664 sex
2636 2619 2760 2666 sunt
2787 2613 2947 2682 hujus
2971 2616 3152 2670 saeculi
3180 2627 3366 2670 aetates
3393 2619 3698 2672 notissimis
3712 2629 3845 2673 tem-

2278 2716 2470 2771 porum
2515 2703 2780 2759 distinctae
2827 2707 3100 2772 articulis,
3131 2710 3184 2762 in
3216 2709 3442 2780 quibus,
3475 2712 3628 2780 quasi
3660 2712 3712 2765 in
3753 2728 3845 2766 sex

2280 2790 2468 2844 diebus
2501 2793 2694 2860 quibus
2724 2795 2849 2848 licet
2875 2797 3108 2870 operari,
3141 2813 3239 2866 pro
3280 2799 3388 2852 Deo
3414 2798 3681 2854 laboribus
3711 2801 3850 2854 insi-'

2279 2894 2444 2950 stere,
2469 2895 2522 2940 et
2550 2903 2650 2956 pro
2693 2889 3036 2959 adipiscenda
3063 2878 3248 2961 requie
3275 2893 3598 2962 sempiterna
3629 2909 3843 2949 necesse

2279 2985 2364 3028 est
2389 2977 2600 3043 operari
2631 2994 2644 3030 :
2671 2985 2723 3031 et
2747 2989 2870 3048 post
2897 2981 3011 3035 dies
3037 2994 3129 3035 sex
3159 2980 3380 3050 gloriam
3405 2983 3487 3036 sui
3512 2985 3660 3052 regni
3683 2999 3840 3051 quant

2281 3065 2565 3134 spopondit
2601 3066 2879 3136 discipulis
2907 3068 3156 3124 Salvator
3195 3071 3427 3125 ostendit
3463 3089 3476 3126 :
3510 3073 3635 3141 quia
3678 3074 3839 3144 767

2282 3156 2371 3224 qui
2402 3157 2567 3209 Deum
2597 3157 2798 3222 videre,
2821 3166 2874 3213 et
2900 3159 2966 3214 ad
2993 3159 3214 3230 gloriam
3246 3161 3414 3215 beata:
3438 3163 3846 3216 resurrectionis

2281 3245 2549 3314 pertinere
2580 3248 2934 3317 concupiscit,
2963 3263 3063 3319 per
3092 3265 3180 3304 sex
3211 3250 3324 3304 dies
3345 3251 3502 3304 debet
3525 3267 3684 3320 agere
3711 3253 3843 3306 bona

2280 3352 2401 3406 quae
2449 3337 2615 3390 novit.
2669 3336 2776 3392 Sex
2830 3353 3045 3408 quoque
3091 3348 3218 3394 sunt
3260 3340 3579 3410 evangelica:
3627 3341 3846 3410 lapidea

2283 3437 2509 3507 hydrina,
2537 3437 2695 3492 fortia
2725 3439 2933 3494 scilicet
2965 3448 3275 3495 sanctorum
3303 3440 3628 3509 prreeordia,
3661 3441 3780 3497 ﬁde
3804 3452 3848 3494 et

2249 3576 2254 3584 .
2281 3529 2569 3583 dilectione
2590 3531 2684 3584 Dei
2713 3545 2775 3584 ac
2801 3532 3055 3599 proximi,
3076 3542 3130 3586 et
3154 3547 3362 3587 meraca
3383 3542 3544 3602 atque
3565 3534 3847 3602 purissima

2281 3619 2486 3690 absque
2511 3621 2687 3690 aliqua
2712 3623 2938 3676 mistura
2964 3623 3234 3677 barretica!
3260 3625 3540 3693 pravitatis
3557 3624 3847 3695 Scriptura:

2279 3725 2447 3766 sacras
2476 3711 2702 3765 scientia
2733 3711 2934 3782 repleta
2961 3730 2973 3766 :
3007 3713 3136 3782 quia
3169 3713 3414 3782 quisquis
3441 3713 3637 3766 salvari
3668 3717 3846 3783 cupit,

2278 3818 2387 3858 non
2431 3803 2605 3858 solum
2645 3819 2867 3859 necesse
2893 3813 2973 3859 est
3015 3814 3076 3858 ut
3105 3803 3170 3859 de
3198 3805 3302 3858 ﬁdc
3329 3814 3530 3858 sancta:
3571 3805 3847 3860 Trinitatis

2280 3901 2442 3962 atque
2471 3893 2858 3949 incarnationis
2900 3894 3192 3949 Dominicze
3237 3895 3465 3949 ﬁdeliter
3492 3895 3693 3950 sentiat
3717 3937 3734 3960 ,
3768 3913 3845 3951 ve-

2279 3996 2401 4035 rum
2449 3991 2505 4036 et
2551 3983 2604 4036 in
2657 3983 2906 4037 omnibus
2953 3983 3340 4038 ecclesiasticis
3395 3984 3742 4054 dogmatibus
3791 3985 3845 4038 ab

2279 4074 2425 4131 omni
2453 4085 2605 4144 peste
2631 4073 2882 4129 lueretica
2908 4083 2960 4128 et
2987 4074 3294 4129 schismatis
3322 4075 3644 4142 praecisione
3663 4075 3847 4129 immn-

2280 4181 2405 4221 nem
2434 4182 2493 4222 se
2524 4181 2755 4237 suosque
2779 4166 3054 4220 auditores
3091 4180 3432 4234 summopere
3463 4167 3780 4231 custodire,
3801 4175 3847 4221 et

2279 4271 2310 4311 a
2345 4265 2687 4327 peccatorum
2714 4257 2870 4312 sorde
2899 4255 3151 4323 abluere,
3198 4265 3254 4311 et
3299 4257 3492 4312 divinae
3534 4259 3847 4329 cognitionis

2278 4363 2415 4419 puro
2436 4348 2582 4404 fonte
2605 4358 2793 4418 potare
2818 4359 3068 4419 procuret
3101 4365 3114 4401 :
3146 4358 3201 4403 et
3237 4348 3308 4402 illi
3331 4362 3520 4403 omnes
3554 4352 3847 4419 praecipue,

606 4443 798 4497 passus
842 4439 925 4484 est
960 4450 972 4484 :
1007 4431 1264 4500 majorem
1313 4436 1456 4490 enim
1510 4437 1611 4492 hac
1656 4438 1974 4494 charitatem
2019 4455 2176 4496 nemo
2200 4459 2256 4521 ι)
2281 4453 2508 4508 quorum
2553 4437 2810 4508 perfectio
2847 4438 2972 4492 vita:
3013 4444 3067 4491 et
3105 4437 3224 4491 ﬁdei
3272 4439 3339 4492 ad
3379 4438 3688 4509 exemplum
3719 4448 3846 4494 recte

607 4518 793 4584 habet,
815 4535 976 4588 quam
1003 4529 1066 4576 ut
1095 4523 1329 4578 animam
1355 4541 1504 4580 suam
1527 4539 1689 4596 ponat
1708 4530 1830 4598 quis
1857 4545 1956 4599 pro
1982 4531 2174 4588 amicis

609 4607 744 4670 suis,
769 4616 824 4662 et
849 4609 986 4663 sicut
1016 4611 1306 4682 Apostolus
1333 4615 1410 4669 ait
1434 4633 1447 4668 :
1477 4613 1814 4672 Commendat
1837 4629 2010 4674 autem
2031 4621 2174 4676 Deus

605 4713 756 4772 suam
788 4699 1092 4754 charitatem
1122 4703 1175 4756 in
1199 4705 1364 4770 nobis,
1387 4708 1633 4775 quoniam
1657 4725 1774 4762 cum
1802 4711 1975 4765 adhuc
1994 4729 2176 4782 pecca-

607 4798 745 4844 tores
773 4806 1022 4856 essemus,
1047 4792 1288 4849 Christus
1308 4813 1402 4865 pro
1426 4798 1597 4868 impiis
1628 4811 1864 4855 mortuus
1892 4813 1968 4856 est
1992 4803 2173 4875 (liam.

604 4896 662 4945 v,
693 4880 769 4950 8).
804 4880 1076 4952 Siquidem
1107 4885 1246 4942 hanc
1289 4889 1523 4944 mediam
1570 4891 1825 4946 Ecclesia:
1867 4909 1976 4948 suae
2015 4897 2174 4951 strati

604 4972 780 5028 instar
808 4977 1047 5045 paravit,
1081 4977 1170 5033 ubi
1209 4981 1396 5037 ﬁdeles
1439 4983 1634 5039 animae
1666 4985 1899 5041 molliter
1923 4987 2172 5056 quiesce-

605 5073 759 5120 rent:
783 5067 907 5134 quia
932 5076 1098 5123 totam
1119 5084 1238 5126 eam
1259 5072 1585 5131 intrinsecus
1611 5091 1964 5146 supernorum
1987 5094 2176 5136 amore

606 5155 870 5223 replevit:
894 5167 950 5212 et
975 5159 1078 5216 hoc
1106 5171 1191 5216 est
1216 5164 1358 5233 quod
1392 5166 1571 5230 addit,
1604 5165 1826 5238 Propter
1851 5169 1992 5238 ﬁlias
2011 5171 2174 5226 Jeru-

603 5246 766 5302 salem
790 5247 963 5316 (Cant.
989 5267 1077 5316 xv,
1098 5253 1209 5323 l0),
1232 5255 1283 5309 id
1299 5265 1382 5312 est
1408 5267 1628 5328 propter
1649 5260 1856 5314 animas
1874 5261 2176 5317 caelestium

518 5353 525 5359 '
604 5338 874 5400 desiderio
919 5343 1228 5413 ﬂagrantes.
1273 5347 1482 5413 Quanto
1527 5351 1670 5405 enim
1720 5351 1979 5420 majorem
2037 5353 2179 5409 Deus

602 5432 924 5488 charitatem
958 5449 1112 5490 suam
1141 5451 1239 5506 pro
1278 5440 1433 5496 nobis
1461 5442 1712 5512 patiendo
1743 5445 2174 5512 commendavit,

604 5531 754 5577 tanto
781 5525 961 5592 plures
989 5526 1058 5580 ad
1085 5542 1144 5583 se
1170 5529 1555 5588 redamandum
1576 5549 1639 5590 ac
1664 5549 1764 5604 pro
1787 5549 1843 5590 se
1865 5535 2175 5604 patiendum

605 5616 872 5671 accendit.
902 5616 1021 5686 lpsa
1050 5628 1232 5675 autem
1274 5623 1536 5688 charitas,
1571 5625 1698 5694 quin
1729 5626 1835 5680 imo
1865 5626 2172 5681 misericor-

607 5705 698 5764 dia
730 5719 938 5778 nostra,
966 5709 1051 5767 cui
1083 5711 1214 5768 dicit
1243 5712 1526 5770 Psalmista
1546 5757 1560 5782 ,
1602 5714 1740 5771 Deus
1781 5733 1922 5771 meus
1966 5719 2171 5772 miseri-

2281 4529 2533 4585 credendi
2555 4545 2620 4584 ac
2659 4529 2870 4584 vivendi
2899 4529 3019 4584 aliis
3049 4531 3317 4599 proposita
3345 4545 3467 4585 esse
3501 4532 3841 4601 dignoscitur.

2351 4617 2604 4672 Praefatio
2633 4618 2862 4687 denique
2899 4618 3107 4683 ferculi,
3139 4618 3547 4673 dilectissimum
3583 4620 3844 4686 alloquens

2280 4707 2601 4778 principem,
2627 4707 2766 4763 idem
2794 4707 3054 4763 ferculum
3081 4707 3395 4778 exponendo
3424 4708 3617 4776 viginti
3646 4719 3704 4763 et
3731 4724 3843 4778 qua-

2283 4808 2406 4853 tuor
2432 4800 2678 4854 versibus
2705 4800 2981 4867 scribitur,
3011 4801 3136 4870 quia
3189 4800 3292 4855 ﬁde
3338 4809 3485 4854 recta
3521 4810 3581 4855 et
3609 4803 3842 4872 operibus

2281 4890 2436 4946 bonis
2466 4893 2764 4962 meritoque
2789 4893 2914 4946 vitae
2960 4901 3016 4946 ct
3063 4892 3301 4947 scientiae
3344 4892 3592 4946 doctrina
3644 4893 3840 4962 plenum

2279 4983 2565 5038 dilectione
2597 4984 2689 5037 Dei
2731 4991 2785 5037 et
2809 4984 3059 5054 proximi,
3091 4984 3143 5037 in
3169 4983 3345 5038 omnia
3373 4983 3459 5054 pia
3492 4983 3772 5038 devotione
3794 4990 3840 5034 et

2279 5074 2510 5137 actione,
2535 5073 2601 5127 de
2628 5075 2800 5144 gratia
2820 5083 2874 5128 et
2900 5073 3124 5129 arbitrio
3147 5075 3314 5129 libero
3335 5083 3484 5130 recte
3509 5077 3834 5135 sentientem,

2281 5165 2420 5220 sicut
2447 5164 2513 5218 ad
2544 5177 2982 5232 unumquemque
3029 5162 3238 5217 ﬁdelem
3287 5164 3418 5218 dicit
3463 5165 3720 5220 Dominus
3755 5176 3835 5232 per

2281 5256 2596 5326 prophetam
2630 5271 2644 5307 :
2674 5253 2759 5307 Ea:
2798 5270 2878 5306 me
2913 5255 3116 5322 fructus
3152 5263 3272 5306 tuus
3310 5253 3546 5307 inventus
3588 5266 3663 5308 est
3703 5252 3830 5324 (Ose.

2284 5362 2394 5410 xiv,
2423 5345 2509 5414 2);
2541 5343 2592 5398 id
2619 5352 2701 5398 est
2727 5343 2922 5398 donum
2952 5345 3136 5413 gratim
3164 5359 3298 5398 mete
3339 5345 3712 5412 prazvenientis
3739 5358 3829 5412 qua

2282 5417 2556 5507 bene'agis
2581 5453 2647 5492 ex
2677 5451 2762 5490 me
2789 5443 2890 5499 est,
2919 5444 2976 5489 et
2999 5436 3343 5506 subsequenti
3372 5435 3597 5491 arbitrio
3625 5446 3707 5490 tuo
3731 5434 3828 5488 fru-

2265 5533 2401 5583 ctus
2443 5529 2692 5582 inventus
2739 5534 2842 5581 est.
2904 5525 3101 5594 Sicque
3143 5536 3480 5581 monstratur
3524 5543 3555 5580 a
3603 5525 3823 5583 Domino,

2281 5621 2405 5690 quia
2445 5621 2587 5690 quod
2616 5619 2816 5673 bonum
2845 5617 3113 5683 volumus,
3144 5619 3464 5688 cogitamus,
3499 5611 3752 5689 loquimur
3779 5622 3825 5665 et

2281 5715 2511 5786 agimus,
2559 5723 2613 5768 et
2665 5713 2757 5766 Dei
2804 5720 2887 5768 est
2923 5725 3021 5782 per
3055 5711 3471 5782 przevenientem
3519 5710 3821 5784 gratiam,et
