4006 6338
628 348 729 404 831

1258 347 1588 407 lllNCMARl
1624 346 2016 406 RHEMENSIS
2055 338 2568 401 ARCHlEPlSCOPl
2610 344 3073 417 EXPLANATIO,
3115 347 3269 409 ETC.

3732 357 3872 415 Δ839.

632 486 736 526 mre
777 467 936 528 simul
962 476 1019 525 et
1053 466 1330 538 corporis,
1372 481 1563 522 verum
1609 474 1665 522 et
1687 465 1753 521 de
1776 465 1984 521 visione
2010 462 2207 518 divina:
2234 462 2283 521 A
2309 460 2606 533 plangentia
2637 478 2742 519 non
2768 473 3098 534 perpetrare.
3162 464 3294 520 Nam
3331 466 3421 536 qui
3460 467 3539 523 sic
3572 468 3675 523 alia
3714 470 3874 542 deplo-

635 562 938 633 majestatis
959 600 977 627 ,
1022 575 1145 615 cum
1172 558 1342 631 gloria
1368 557 1688 614 mediatoris
1711 556 1807 613 Dei
1845 564 1903 610 et
1927 555 2208 612 hominum

638 652 952 711 clarificatae
980 649 1351 713 humanitatis,
1379 648 1500 704 sine
1528 648 1634 703 line
1661 646 1867 702 reversi
1895 646 1963 700 ad
1992 645 2045 699 id
2068 644 2211 714 quod

636 744 839 803 conditi
870 741 1117 805 fuerant,
1143 750 1202 795 ut
1244 754 1428 795 revera
1459 739 1510 792 in
1538 752 1670 793 vero
1695 736 1921 792 Jubaeilo
1945 735 2211 804 quinqua-

634 836 840 909 gesimo
864 832 1115 887 videlicet
1137 845 1278 885 anno
1302 829 1630 900 gaudebunt.
1672 826 1825 882 Unde
1853 825 1979 894 quia
2024 830 2212 878 sancta

632 922 874 980 Ecclesia
907 922 961 976 in
1003 921 1324 991 quihusdam
1370 920 1484 974 suis
1529 919 1791 974 membris
1816 918 1994 972 adhuc
2016 930 2114 986 pro
2136 930 2212 969 az-

632 1025 789 1072 terna
830 1014 1017 1084 requie
1056 1013 1271 1069 laborat
1295 1013 1348 1066 in
1401 1011 1596 1076 terris,
1636 1010 1690 1064 in
1738 1009 2060 1079 quibusdam
2084 1021 2213 1063 vero

631 1106 783 1162 omni
814 1104 971 1161 linito
998 1105 1184 1160 labore
1213 1119 1336 1158 cum
1360 1102 1577 1158 Christo
1600 1101 1714 1173 jam
1737 1108 1927 1171 regnat
1956 1100 2009 1154 in
2036 1097 2211 1163 caelis,

630 1198 687 1253 in
734 1195 1055 1253 memoriam
1102 1196 1385 1264 utriusque
1435 1194 1556 1248 vitae
1583 1200 1763 1264 patres
1803 1190 1975 1247 nostri
2012 1189 2214 1245 consti-

630 1295 856 1342 tuerunt
903 1285 1119 1356 gemina
1172 1285 1290 1339 haec
1352 1298 1589 1353 congrua
1636 1281 1885 1353 religioni
1929 1278 2208 1344 solemnia,

632 1377 1106 1448 quadragesimam
1158 1374 1410 1431 videlicet
1452 1374 1768 1429 imminente
1820 1372 2030 1428 Pascha
2084 1368 2213 1424 allii-

631 1467 850 1533 ctionis,
911 1475 965 1520 et
1012 1466 1080 1521 ab
1132 1466 1249 1536 ipso
1320 1464 1613 1520 Dominicae
1664 1460 2076 1518 resurrectionis
2125 1459 2213 1515 die

633 1555 1161 1626 quinquagesimam,
1190 1555 1243 1609 in
1268 1569 1373 1624 qua
1403 1553 1662 1609 continue
1688 1550 1934 1622 psallitur
1956 1549 2209 1616 Alleluia,

633 1645 778 1714 quod
807 1645 1133 1715 evangelista
1157 1644 1393 1700 Joannes
1416 1643 1485 1698 ab
1518 1641 1724 1712 angelis
1761 1656 1822 1697 se
1845 1641 2060 1695 audisse
2083 1654 2212 1694 can-

634 1735 739 1789 tari
766 1734 1018 1805 perhibet
1066 1735 1250 1806 (Apoc.
1278 1735 1413 1803 xu),
1464 1742 1521 1788 et
1561 1731 1882 1788 venerabilis
1916 1739 2073 1801 pater
2110 1728 2212 1784 To-

2314 558 2420 617 rat,
2451 560 2510 606 ut
2556 561 2733 607 tamen
2761 553 2865 608 alia
2905 555 3248 619 committat,
3299 557 3473 611 adhuc
3515 560 3869 626 paenitentiam

2313 658 2475 714 agere
2502 652 2595 697 aut
2624 644 2836 715 ignorat
2858 653 2951 699 aut
2978 646 3299 701 dissimulat.
3339 647 3477 715 Quid
3499 650 3649 704 enim
3674 653 3899 720 prodest-

2315 734 2359 789 si
2387 743 2603 804 peccata
2630 735 2752 805 quis
2772 735 2997 790 luxuriae
3020 736 3243 800 deﬂeat,
3281 746 3338 792 et
3359 748 3539 795 tamen
3560 742 3746 796 adhuc
3769 758 3868 798 an.

2313 826 2453 882 ritis:
2470 826 2691 881 testibus
2714 827 2963 882 anhelet?
2988 827 3242 899 Autqnid
3265 830 3483 899 prodest
3506 831 3552 885 si
3586 832 3685 885 ira:
3712 832 3867 903 culpas

2307 918 2420 989 jam
2453 917 2675 988 lugeat,
2706 927 2761 972 et
2791 927 2969 973 tamen
3018 919 3195 974 adhuc
3246 920 3461 976 invidia:
3490 921 3708 977 facibus
3748 926 3867 980 tabe-

2314 1009 2466 1063 scat?
2497 1008 2729 1064 Necesse
2754 1018 2841 1063 est
2859 1009 3023 1063 etiam
3048 1048 3063 1073 ,
3094 1019 3156 1064 ut
3195 1010 3286 1079 qui
3335 1025 3395 1066 se
3436 1010 3621 1065 illicita
3655 1014 3869 1068 meminit

2314 1100 2671 1165 commisisse,
2703 1102 2745 1153 a'
2763 1100 3085 1169 quibusdam
3112 1100 3275 1156 etiam
3298 1101 3462 1157 licitis
3482 1104 3704 1158 studeat
3732 1105 3873 1160 absti-

2316 1202 2448 1244 nere
2473 1204 2487 1243 :
2519 1198 2785 1257 quatenus
2812 1204 2910 1259 per
2938 1189 3043 1244 hoc
3066 1190 3334 1246 conditori
3366 1208 3463 1247 suo
3485 1191 3800 1257 satisfaciat,
3822 1204 3875 1248 et

2314 1281 2408 1352 qui
2433 1281 2705 1337 commisit
2731 1282 3024 1352 prohibita,
3052 1282 3372 1354 sibimetipsi
3392 1284 3680 1339 abscidere
3703 1285 3874 1340 debeat

2313 1373 2476 1429 etiam
2502 1387 2782 1437 concessa,
2814 1381 2868 1428 et
2897 1386 2957 1428 se
2986 1373 3346 1443 reprehendat
3370 1374 3424 1429 in
3450 1375 3714 1441 nﬁnimis,
3732 1392 3873 1445 quem

2313 1463 2562 1518 meminit
2597 1463 2889 1534 deliquisse
2933 1465 2989 1517 in
3015 1464 3387 1521 maximis:et
3432 1466 3514 1521 sic
3554 1482 3685 1523 vere
3726 1470 3879 1536 presi-

2316 1543 2540 1609 tentiam
2578 1555 2824 1625 agimus,
2874 1555 2919 1611 si
2954 1570 3017 1611 ea
3055 1570 3174 1625 quae
3227 1557 3604 1614 commisimus
3654 1559 3877 1628 perfecte

2314 1645 2656 1715 deploremus
2694 1663 2708 1700 :
2737 1655 2796 1702 et
2826 1645 2947 1702 illos
2972 1645 3228 1701 nimirum
3264 1650 3604 1704 emendatior
3628 1651 3735 1705 vita
3764 1666 3879 1706 san-

2315 1736 2551 1804 ctificat,
2595 1752 2734 1806 quos
2758 1748 2858 1808 per
2889 1738 3265 1809 paenitentiam
3294 1739 3520 1797 abluens
3546 1740 3764 1799 afﬂictio
3793 1742 3882 1799 ﬂe.

633 1821 774 1888 bias,
806 1838 872 1879 ex
896 1823 1103 1878 visione
1126 1822 1367 1893 angelica
1399 1821 1701 1893 intelligens
1725 1820 1901 1891 qualis
1926 1818 1999 1874 sit
2024 1833 2213 1888 super-
2240 1812 2289 1874 B
2318 1833 2469 1879 tuum
2496 1827 2742 1882 mundat.
2778 1827 2845 1882 Et
2864 1828 2991 1897 quia
3018 1828 3085 1883 de
3101 1828 3618 1899 quadringentorum
3638 1845 3881 1888 versuum

634 1925 828 1966 norum
860 1912 1059 1967 civium
1086 1911 1254 1983 gloria
1285 1920 1340 1966 et
1364 1925 1611 1981 superare
1645 1908 1942 1965 Jerusalem
1973 1908 2211 1975 claritas,

636 1999 811 2058 dixit':
839 1999 944 2057 Per
983 2004 1123 2058 vicos
1163 2003 1278 2072 ejus
1322 2001 1557 2056 Alleluia
1588 2002 1887 2056 cantabitur
1911 2000 2062 2073 (Tob.
2089 2017 2211 2066 xm,

633 2096 750 2167 22),
777 2097 1027 2165 quamvis
1065 2096 1119 2151 in
1163 2095 1403 2154 Ecclesia
1440 2109 1714 2163 nunquam
1755 2109 1786 2148 a
1833 2092 2015 2149 divina
2057 2093 2214 2148 laude

633 2195 898 2243 cessetur.
957 2188 1024 2242 Et
1068 2188 1324 2258 quoniam
1373 2184 1535 2253 hujus
1583 2186 2044 2256 quinquagesimae
2073 2184 2215 2241 cele-

633 2279 881 2337 bratione
914 2278 1164 2334 fidelibus
1204 2277 1471 2348 perfectio
1514 2276 1712 2346 quietis
1742 2277 2001 2340 innuitur,
2029 2285 2085 2332 et
2121 2277 2213 2333 de-

632 2370 789 2425 nario
808 2383 1034 2424 numero
1064 2385 1272 2423 summa
1301 2367 1650 2438 perfectionis
1676 2367 2017 2436 exprimitur,
2059 2368 2214 2436 quin-

633 2460 968 2531 quagenario
1002 2459 1182 2515 decies
1224 2459 1387 2514 ducto
1415 2459 1481 2513 ad
1515 2458 2004 2527 quingentesimum
2026 2471 2213 2526 perve-

633 2551 805 2617 nitur,
846 2559 1033 2620 aperte
1078 2558 1408 2605 monstratur
1435 2548 1563 2618 quia
1595 2560 1937 2616 nequaquam
1970 2546 2084 2600 sola
2111 2560 2210 2600 nos

632 2642 961 2697 abstinentia
990 2641 1171 2697 carnis
1198 2642 1251 2696 in
1281 2641 1401 2695 cibo
1448 2648 1503 2694 et
1537 2647 1668 2708 potu
1696 2640 1764 2694 ad
1792 2647 1995 2693 mterna
2014 2638 2210 2709 gaudia

631 2739 871 2802 reparat,
902 2732 1006 2787 nisi
1030 2732 1300 2802 adjunctis
1324 2730 1482 2785 bonis
1503 2729 1624 2785 aliis
1656 2730 1872 2801 dignam
1903 2729 2014 2785 Deo
2041 2728 2211 2783 absti-

629 2820 873 2878 nentiam
914 2836 1038 2876 cum
1086 2821 1190 2876 title
1239 2829 1389 2876 recta
1430 2820 1644 2875 devotio
1692 2819 1891 2873 mentis
1937 2820 2206 2873 ostendat.

630 2913 763 2968 illud
798 2913 994 2984 quippe
1036 2914 1303 2983 jejunium
1345 2912 1488 2968 Deus
1535 2912 1828 2982 approbat,
1877 2912 2039 2982 77o
2066 2912 2209 2981 quod

633 3006 704 3061 ad
731 3005 847 3075 ejus
864 3005 1050 3062 oculos
1073 3020 1265 3060 manus
1292 3005 1761 3075 eleemosynarnm
1787 3004 1963 3067 levat,
1997 3004 2209 3059 dicente

632 3095 919 3164 propheta,
976 3093 1316 3163 Sanctiﬁcate
1353 3094 1620 3164 jejunium
1652 3092 1829 3163 (Joelt
1865 3103 1910 3147 et
1940 3093 2024 3165 ιι).
2062 3092 2210 3163 Jeju-

631 3184 780 3239 nium
809 3199 1041 3255 namque
1070 3185 1450 3252 sanetilicare',
1500 3193 1583 3240 est
1607 3182 1872 3252 adjunctis
1903 3185 2059 3240 bonis
2091 3185 2208 3241 aliis

631 3273 850 3344 dignam
880 3275 991 3331 Deo
1019 3273 1425 3340 abstinentiam,
1451 3284 1510 3328 ut
1537 3273 1789 3339 diximus,
1826 3274 2009 3330 carnis
2028 3283 2211 3330 osten-

632 3364 761 3420 dere
789 3385 803 3420 :
831 3366 957 3436 quia
1007 3366 1062 3421 in
1111 3379 1325 3421 cassum
1372 3379 1501 3436 caro
1544 3364 1815 3431 atteritur,
1864 3365 1910 3420 si
1958 3381 1988 3419 a
2029 3367 2210 3435 pravis

637 3454 1003 3526 voluptatibus
1026 3456 1245 3511 animus
1276 3470 1385 3511 non
1423 3454 1747 3522 refrenatur,
1779 3464 1835 3510 et
1862 3456 2206 3527 Redemptori

628 3553 820 3599 nostro
853 3561 1019 3599 unum
1044 3546 1164 3600 sine
1193 3545 1370 3601 altero
1401 3545 1617 3615 placere
1642 3559 1980 3616 nequaquam
2004 3557 2205 3617 potest,

629 3634 678 3689 si
704 3643 798 3688 aut
827 3634 873 3689 is
896 3635 988 3705 qui
1025 3635 1165 3690 bona
1192 3636 1304 3707 agit
1330 3636 1507 3690 adhuc
1531 3635 1757 3690 luxuria:
1794 3636 2207 3707 inquinamenta

631 3739 738 3779 non
770 3724 989 3790 deserit,
1017 3734 1112 3780 aut
1153 3725 1199 3781 is
1228 3726 1318 3795 qui
1348 3726 1596 3781 castitate
1630 3725 1939 3795 przeminet,
1979 3728 2206 3783 necdum

630 3835 692 3875 se
714 3835 812 3890 per
837 3822 978 3875 bona
1012 3836 1176 3891 opera
1207 3830 1467 3878 exercet:
1493 3829 1548 3877 et
1587 3821 1679 3891 qui
1719 3822 1861 3875 bona
1903 3820 2080 3891 aliqua
2107 3836 2209 3892 pro

630 3910 815 3964 mundi
856 3912 1139 3968 honestate
1169 3912 1409 3978 inchoat,
1437 3927 1780 3983 nequaquam
1812 3913 1866 3968 in
1894 3912 2011 3981 Qus
2032 3914 2217 3969 inten-'

631 4001 775 4056 tione
797 4002 953 4057 debet
980 4017 1301 4072 permanere
1318 4044 1333 4068 ,
1360 4017 1461 4058 nec
1486 4018 1583 4073 per
1610 4002 1753 4058 bona
1787 4017 1951 4073 opera
1974 4017 2209 4073 prasen-

636 4092 708 4148 tis
738 4094 920 4148 mundi
952 4094 1177 4166 gloriam
1208 4109 1481 4164 quaerere,
1534 4095 1626 4150 sed
1656 4103 1820 4150 totam
1844 4110 1991 4165 spem
2025 4097 2075 4150 in
2103 4095 2210 4150 Re-

632 4185 936 4254 demptoris
992 4186 1075 4240 sui
1127 4186 1359 4241 adventu
1415 4186 1728 4240 constituat.
1795 4183 1932 4240 Sunt
1977 4198 2210 4253 namque

629 4276 872 4346 plerique
920 4276 1281 4341 continentes,
1328 4276 1417 4346 qui
1463 4291 1661 4345 corpus
1702 4289 1798 4344 per
1826 4274 2207 4329 abstinentiam

628 4364 889 4435 afﬂigunt,
916 4365 1011 4420 sed
1043 4367 1109 4421 de
1133 4366 1248 4433 ipsa
1275 4381 1370 4419 sua
1397 4365 1724 4419 abstinentia
1753 4365 2018 4419 humanos
2055 4362 2208 4418 favo-

631 4472 720 4512 res
779 4466 1068 4527 expelunt,
1131 4458 1389 4513 doctrinm
1449 4458 1784 4524 inserviunt,
1850 4458 2210 4528 indigentibus

629 4548 799 4603 multa
827 4548 1152 4619 largiuntur.
1193 4548 1303 4604 Sed
1343 4549 1505 4604 fatua:
1528 4548 1772 4620 profecto
1798 4559 1923 4605 sunt
1949 4550 2205 4618 virgines,

628 4639 756 4709 quia
805 4639 976 4701 solam
1022 4639 1197 4695 laudis
1243 4639 1569 4695 transitoria:
1610 4640 2019 4695 retributionem
2056 4655 2207 4709 qua:-

630 4736 794 4793 runt,
827 4729 974 4797 quia,
1007 4729 1221 4783 dicente
1256 4729 1504 4795 Domino,
1536 4729 1783 4784 laborum
1811 4744 2029 4784 suorum
2056 4728 2210 4782 dam-

629 4820 866 4875 nabilem
917 4821 1220 4875 mercedem
1271 4819 1539 4891 rccipiunt
1594 4818 1808 4890 (Matth.
1857 4818 1961 4889 vt).
2016 4817 2121 4872 Sed
2153 4824 2210 4871 et

628 4912 771 4969 bona
796 4912 961 4968 etiam
1001 4928 1122 4967 cum
1154 4912 1384 4982 simplici
1423 4912 1722 4967 intentione
1762 4910 1904 4966 facta
1940 4920 2067 4964 tunc
2097 4909 2209 4964 Deo

625 5009 750 5059 sunt
779 5001 1009 5072 placita,
1040 5003 1085 5058 si
1114 5001 1315 5056 fuerint
1342 5000 1461 5056 sine
1495 5002 1645 5070 pravi
1680 5001 1858 5070 operis
1888 4999 2206 5055 admistione

627 5092 810 5148 oblata
834 5132 851 5158 ,
896 5091 1037 5147 sicut
1076 5092 1335 5161 scriptum
1375 5100 1495 5146 est:
1530 5091 1744 5146 Declina
1775 5109 1807 5146 a
1846 5090 1983 5145 malo
2021 5100 2071 5144 et
2120 5089 2206 5156 fac

628 5184 821 5237 bonum
850 5180 1022 5253 (Psal.
1048 5199 1236 5247 xxxvu,
1264 5182 1380 5253 24).
1420 5182 1580 5237 Prius
1621 5191 1706 5237 est
1742 5182 1887 5237 enim
1935 5180 2207 5237 declinare

631 5289 662 5328 a
696 5272 874 5339 malo,
896 5282 949 5329 et
981 5281 1109 5329 tunc
1143 5283 1201 5327 ut
1230 5273 1479 5343 proficiat
1499 5287 1658 5343 agere
1682 5272 1879 5328 bonum
1912 5266 2108 5342 :‘prius
2139 5272 2206 5327 de

632 5364 926 5428 prmteritis
955 5363 1118 5434 digne
1157 5364 1422 5433 ptenitere
1450 5363 1718 5434 peccatis,
1763 5372 1818 5418 et
1834 5373 1971 5445 .tune
1994 5371 2052 5417 ut
2078 5378 2204 5431 pro-

635 5462 746 5509 sint
812 5452 968 5509 bonis
1021 5454 1276 5510 insudare
1330 5454 1604 5525 Operibus.
1684 5452 1790 5509 Sed
1834 5453 2206 5524 paenitentiam

631 5560 797 5615 agere
844 5547 1004 5617 digne
1045 5562 1152 5602 non
1199 5561 1523 5616 possumus,
1573 5545 1689 5601 nisi
1733 5545 1949 5601 modum
1995 5558 2209 5613 quoque

631 5634 874 5703 ejusdem
948 5636 1281 5704 pmnitentize
1345 5651 1752 5708 cognoscamus.
1830 5633 2207 5689 Paenitentiam

632 5728 830 5798 Quippe
876 5742 1035 5799 agere
1080 5738 1202 5798 cst,
1247 5737 1301 5785 et
1335 5738 1641 5800 perpetrata
1683 5728 1820 5784 mala
1846 5727 2122 5798 plangere,
2153 5734 2208 5780 et

2316 1930 2546 1972 numero
2568 1917 2830 1984 diximus,
2871 1925 3043 1973 restat
3066 1926 3127 1974 ut
3157 1920 3423 1976 rationem
3466 1922 3535 1978 de
3561 1938 3881 1983 commemo-

2317 2016 2441 2059 rato
2469 2007 2821 2078 quadraginta
2851 2023 2948 2064 sex
2966 2024 3221 2065 versuum
3250 2025 3479 2067 numero
3504 2015 3878 2084 compleamus.

2267 2138 2276 2146 .
2314 2092 2415 2149 llic
2436 2095 2636 2150 etenim
2673 2108 2939 2152 annorum
2978 2112 3236 2154 numerus
3270 2100 3659 2169 perfectionem
3697 2103 3877 2160 Domi.

2314 2186 2422 2241 nici
2449 2188 2713 2256 corporis,
2741 2187 2896 2257 cujus
2930 2190 3194 2261 sanguine
3216 2193 3478 2263 redempti
3509 2211 3709 2263 sumus,
3738 2197 3882 2267 crius

2314 2290 2478 2331 carne
2507 2278 2806 2346 pascimur,
2834 2287 2892 2334 et
2918 2273 3113 2336 cruore
3139 2289 3412 2351 potamur,
3442 2285 3596 2354 cujus
3621 2288 3879 2357 passionis

2313 2368 2676 2445 sacrosanctis
2711 2371 3016 2441 mysteriis,
3046 2380 3103 2427 et
3130 2373 3184 2428 in
3209 2375 3389 2430 anima
3423 2387 3481 2432 et
3509 2378 3562 2432 in
3589 2394 3831 2450 corpore,
3851 2396 3885 2436 ι

2311 2460 2556 2528 peccatis
2599 2461 2761 2515 etiam
2806 2472 2863 2518 et
2892 2463 2961 2517 ab
2992 2464 3122 2533 ipsis
3162 2468 3599 2537 corruptionibus
3626 2511 3642 2535 ,
3668 2488 3795 2541 qua
3816 2474 3880 2529 ob

2312 2559 2533 2618 peccata
2559 2553 2921 2624 contigerunt,
2938 2556 3289 2625 salvabimur,
3313 2561 3591 2631 aptissime
3617 2567 3881 2635 congruit.

2313 2639 2557 2697 Tradunt
2581 2645 2725 2699 enim
2748 2646 3077 2701 naturalium
3106 2664 3290 2704 rerum
3321 2653 3637 2722 scriptores,
3660 2656 3881 2713 formam

2312 2731 2555 2800 corporis
2588 2732 2809 2787 humani
2847 2742 2927 2789 tot
2952 2737 3159 2792 dierum
3197 2740 3371 2808 spatio
3407 2742 3589 2812 perlici
3613 2762 3628 2797 :
3656 2746 3789 2815 quia
3812 2747 3884 2803 vi-

2311 2818 2503 2874 delicet
2533 2822 2727 2891 primis
2749 2839 2842 2879 sex
2867 2841 2898 2879 a
2926 2829 3282 2897 conceptione
3307 2831 3496 2888 diebus
3520 2832 3671 2889 lactis
3697 2837 3879 2894 habeat

2312 2909 2719 2967 similitudinem
2745 2953 2761 2978 ,
2814 2916 3166 2984 sequentibus
3208 2935 3401 2976 novem
3450 2932 3802 2981 convertatur
3832 2926 3877 2981 in

2312 3000 2665 3068 sanguinem,
2703 3001 2898 3058 deinde
2936 3004 3094 3075 771
3126 3007 3411 3064 duodecim
3453 3011 3740 3077 solidetur,
3771 3014 3874 3069 reli-

2311 3090 2434 3159 quis
2464 3092 2648 3147 decem
2676 3103 2733 3149 et
2756 3103 2880 3151 octo
2909 3096 3157 3153 firmetur
3182 3116 3353 3170 usque
3384 3102 3449 3158 ad
3476 3104 3720 3173 perfecta
3745 3106 3881 3162 linia—

2314 3191 2495 3237 menta
2522 3185 2765 3239 omnium
2802 3186 3189 3243 membrorum.
3251 3190 3317 3245 Et
3362 3192 3487 3248 hinc
3523 3192 3638 3262 jam
3687 3195 3879 3267 relique

2313 3279 2557 3340 tempore
2593 3289 2763 3343 usque
2792 3276 2859 3328 ad
2891 3284 3101 3347 tempus
3144 3288 3331 3349 partus
3360 3282 3739 3351 magnitudine
3779 3302 3874 3357 ang-

2311 3370 2607 3417 mentatur.
2647 3363 2750 3419 Sex
2788 3374 2969 3420 autem
3022 3376 3077 3422 ct
3118 3384 3310 3425 novem
3337 3381 3394 3426 et
3420 3373 3707 3428 duodecim
3730 3377 3874 3431 etde-

2312 3469 2431 3509 cem
2473 3464 2528 3509 et
2570 3465 2697 3510 octo
2739 3459 3091 3527 quadraginta
3133 3462 3371 3532 quinque
3412 3463 3662 3520 faciunt:
3702 3469 3881 3537 quibus

2310 3543 2357 3597 si
2384 3561 2547 3598 unum
2576 3545 2967 3614 adjeecrimns,
2998 3549 3050 3602 id
3082 3558 3167 3604 est
3195 3552 3370 3620 ipsum
3392 3554 3531 3608 diem
3560 3570 3670 3624 quo
3696 3557 3881 3611 discre-

2310 3640 2422 3687 tum
2444 3649 2542 3703 per
2571 3636 2811 3690 membra
2839 3652 3038 3707 corpus
3063 3649 3399 3695 crcmentum
3429 3657 3645 3698 sumere
3683 3645 3883 3715 incipit,

2311 3732 2393 3778 tot
2439 3726 2693 3780 nimirum
2742 3728 2858 3782 dies
2899 3730 2953 3783 in
2983 3730 3340 3788 aadilicatione
3369 3735 3616 3804 corporis
3656 3735 3883 3805 Domini,

2310 3828 2441 3889 quot
2488 3821 2541 3875 in
2592 3820 2800 3876 fabrica
2849 3823 3032 3893 templi
3076 3839 3248 3881 annos
3288 3826 3616 3883 invenimus.
3677 3830 3763 3885 De
3794 3846 3879 3901 quo

2310 3910 2512 3979 templo
2541 3911 2738 3965 dicenti
2769 3930 2782 3966 :
2817 3911 3010 3967 Solvite
3035 3914 3283 3986 templum
3310 3916 3407 3970 hoc
3431 3926 3480 3971 et
3502 3919 3561 3972 in
3592 3920 3768 3975 tribus
3788 3922 3875 3974 dico

2312 3998 2407 4054 bus
2433 4000 2667 4055 excitabo
2688 4000 2845 4067 illud,
2871 4003 3247 4073 responderunt
3272 4003 3453 4060 Juda'i
3485 4020 3505 4058 :
3530 4007 3876 4080 Quadraginta

2312 4098 2359 4142 et
2387 4105 2479 4143 sea:
2505 4091 2657 4144 annis
2679 4091 2999 4159 aediﬁcatum
3034 4102 3107 4146 est
3150 4093 3398 4164 templum
3422 4095 3540 4157 hoc,
3572 4107 3622 4151 et
3647 4109 3709 4151 tu
3740 4100 3875 4152 tribu

2311 4181 2492 4235 diebus
2522 4182 2781 4236 "excitabis
2804 4181 2983 4236 illud?
3016 4182 3196 4252 (Joan.
3236 4200 3297 4249 tt,
3343 4186 3459 4257 l9.)
3498 4187 3565 4240 Et
3601 4189 3734 4257 quia
3770 4198 3874 4243 tem—

2311 4271 2458 4343 plum
2490 4271 2617 4327 illud
2663 4289 2825 4327 manu
2869 4273 3072 4328 factum
3111 4286 3515 4332 sacrosanctam
3539 4277 3762 4335 Domini
3781 4294 3875 4334 car-

2311 4378 2470 4429 nem,
2498 4378 2661 4435 quam
2700 4379 2767 4419 ex
2796 4364 3013 4435 Virgine
3050 4367 3310 4437 sumpsit,
3340 4377 3409 4422 ut
3438 4385 3507 4424 ex
3533 4370 3645 4425 hoc
3677 4371 3788 4425 loco
3807 4370 3872 4424 di-

2316 4456 2551 4522 scimus,
2599 4456 2893 4526 ligurabat,
2921 4457 3048 4526 quia
3077 4473 3230 4527 reque
3253 4473 3453 4529 corpus
3478 4460 3623 4530 ejus,
3651 4462 3789 4531 quod
3808 4469 3874 4515 est

2315 4547 2558 4603 Ecclesia
2584 4587 2600 4613 ,
2646 4547 2772 4617 quia
2817 4547 3241 4618 uniuscujusque
3286 4549 3522 4605 ﬁdelium
3553 4568 3757 4623 corpus
3786 4550 3874 4605 ani-

2315 4651 2569 4707 mamque
2597 4637 2942 4708 designabat,
2981 4638 3303 4695 mandemus
3336 4640 3583 4708 quotidie
3611 4657 3714 4711 per
3741 4652 3872 4697 omne

2317 4737 2531 4798 tempus
2568 4728 2694 4783 vita:
2737 4737 2937 4783 nostra:
2977 4728 3176 4799 templa
3219 4743 3504 4799 corporum
3544 4732 3870 4799 cordiumque

2317 4826 2625 4871 nostrorum
2654 4857 2671 4883 ,
2729 4825 2790 4871 ut
2834 4816 3060 4886 spiritus
3106 4816 3202 4871 Dei
3244 4817 3495 4873 habitare
3542 4820 3791 4890 dignetur
3826 4816 3867 4870 in

2317 4911 2473 4967 nobis
2495 4952 2510 4979 ,
2543 4921 2599 4967 et
2633 4911 2785 4983 juxta
2816 4911 2958 4982 quod
3001 4911 3289 4983 Apostolus
3339 4914 3598 4969 admonet
3633 4910 3867 4985 :Abjectit

2311 5005 2548 5075 operibus
2584 5004 2931 5069 tenebrarum,
2976 5005 3257 5058 induantur
3281 5021 3375 5060 nos
3403 5014 3555 5060 arma
3590 5006 3724 5061 lucis
3748 5004 3866 5059 πίει-

2312 5107 2369 5152 ut
2412 5096 2467 5149 in
2493 5096 2577 5150 die
2618 5095 2828 5150 honeste
2854 5094 3200 5159 ambulemus,
3221 5112 3323 5149 non
3348 5096 3402 5148 in
3431 5093 3863 5151 comessationibss

2310 5195 2359 5240 et
2385 5185 2719 5239 ebrietatibus
2741 5225 2755 5248 ,
2788 5200 2891 5238 non
2924 5184 2980 5238 in
3024 5184 3280 5238 cubilibus
3308 5193 3357 5238 et
3391 5185 3747 5254 iMpudiciliis,
3778 5196 3860 5234 nos

2312 5276 2368 5329 in
2381 5276 2707 5329 contentione
2737 5284 2784 5329 et
2812 5275 3148 5329 wmulatione
3174 5290 3192 5329 :
3215 5275 3306 5330 sed
3339 5276 3625 5331 induamus
3652 5293 3738 5331 nos
3778 5271 3860 5325 DO-

2311 5368 2510 5423 miuum
2536 5366 2719 5423 Iesum
2745 5366 3008 5421 Christum
3040 5366 3217 5436 (Rom.
3243 5384 3363 5433 xm,
3394 5369 3585 5440 12-”)
3605 5410 3621 5434 ,
3649 5368 3734 5440 qui
3754 5376 3856 5420 cun

2313 5462 2475 5519 Patre
2499 5470 2553 5518 et
2581 5461 2783 5533 Spiritu
2809 5469 2997 5517 sancto
3024 5461 3156 5516 vivit
3185 5471 3238 5517 ct
3265 5470 3454 5534 regnat
3487 5462 3628 5518 Deus
3646 5475 3738 5532 per
3757 5468 3853 5510 om-

2312 5556 2400 5611 nia
2423 5553 2615 5610 sazcula
2646 5552 2988 5621 smculorum,
3010 5552 3201 5609 Amen.
