4006 6338
77 462 237 519 Ηοδο
267 472 332 517 ut
353 462 506 518 vobis
530 462 674 518 nulla
696 460 854 527 desit,
883 463 1039 519 Carle
1060 464 1243 529 cbare,
1272 465 1446 536 gratia

81 549 379 607 \‘ersuum
405 567 656 607 mensura
684 555 890 623 pandit,
920 563 1082 624 atque
1105 570 1333 609 aerarum
1357 556 1649 626 quantitas.

74 641 272 712 Regis
296 657 506 697 necnon
542 658 727 697 mensa
749 645 899 699 dives
926 656 1284 716 cognomento
1305 645 1588 714 ferculum,

70 726 387 801 Prompsit
413 732 568 787 vobis
591 747 720 788 sana
746 734 998 804 princeps
1028 749 1125 805 per
1153 736 1431 791 doctorum
1458 736 1684 799 fercula.

71 821 239 886 Quae
268 820 434 890 plano
459 836 708 877 sermone
729 823 871 878 dicta
897 824 1089 878 strinxi
1116 824 1232 894 lege
1247 826 1546 880 carminum
1566 866 1582 894 ,

68 913 160 965 Et
201 928 369 983 prosa
385 913 587 969 diserta
606 913 762 984 junxi
788 915 1018 972 diversis
1043 926 1103 971 ut
1125 916 1322 972 calleas

71 1001 284 1071 Supra
309 1002 555 1071 qumdam
584 1018 775 1073 nempe
798 1004 865 1059 de
892 1004 977 1059 bis
1007 1004 1287 1075 explanavi
1318 1005 1543 1077 largius,

74 1089 165 1146 Ut
200 1099 580 1148 transcurrens
598 1093 796 1165 quippe
817 1095 1062 1164 quaedam
1091 1096 1397 1166 computavi
1417 1097 1683 1165 strictius,

701 349 1035 408 HINCMARI
1075 350 1436 409 oruscum
1475 349 1705 405 unus.
1748 383 1817 393 —
1855 356 1943 413 nr:
1984 359 2187 417 REGIS
2222 332 2573 434 ransom,
2627 366 2779 423 ETC.

3273 368 3378 427 834

1722 475 1769 534 Α
1802 468 1868 524 Et
1890 470 1932 524 si
1956 470 2176 542 dignum
2210 474 2401 530 stricta
2425 459 2578 532 ducis
2601 478 2857 548 crplicuri
2886 479 3113 551 plenius.

1796 564 1999 618 Adsum
2031 566 2174 621 votis
2198 567 2338 623 forte
2366 568 2519 625 nobis
2540 572 2583 626 si
2610 571 2882 625 donantur
2904 573 3016 626 otia

1794 653 2032 711 Prendat
2058 671 2152 711 rex
2178 672 2297 726 qum
2333 660 2529 729 praesul
2567 659 2756 727 offert,
2799 669 2855 717 ct
2898 662 3230 719 demonstret
3260 676 3381 720 mo-

1876 804 1881 811 .
3108 751 3129 825 [
3151 754 3305 809 ribus

1796 834 1973 891 Sensu
2001 836 2169 892 verbo
2204 839 2319 893 haec
2353 839 2406 893 in
2434 848 2559 894 actu
2589 842 2799 896 cunctis
2822 857 2990 913 regno
3012 843 3245 901 subditis

1790 923 1970 996 Longa
2001 924 2128 981 felix
2151 928 2297 982 vivat
2329 929 2431 984 isto
2459 929 2650 985 Carlus
2676 933 2783 985 vita
2811 934 3028 1000 saeculo,
3111 950 3120 957 '

1789 1013 1950 1072 Vivat
1974 1016 2155 1074 clarus
2186 1034 2399 1090 semper
2428 1020 2571 1076 almo
2595 1030 2906 1079 sanctorum
2932 1024 2990 1079 in
3011 1028 3309 1084 consortio.

67 1254 3349 1295 ._.___.__.___________________________________________

1048 1402 2414 1570 HINCMARI

1237 1666 1757 1727 ARCHIEPISCOPI
1807 1652 2241 1727 RHEMENSIS’

737 1829 1899 1989 OPUSCULA
2001 1833 2727 2025 VARIA.

584 2387 718 2465 DE
768 2387 1061 2468 REGIS
1109 2387 1567 2470 PERSONA
1634 2390 1764 2469 ET
1821 2392 2135 2472 HEGIO
2198 2394 2865 2492 MINISTERIO,

1184 2542 1279 2595 AD
1318 2542 1652 2599 CAROLUM
1690 2541 1977 2601 CALVUM
2010 2546 2270 2605 REGEM.

932 2672 1099 2737 (Apud
1138 2674 1477 2735 Sirmondum,
1522 2687 1588 2725 ex
1633 2675 1803 2727 codice
1842 2678 1894 2727 S.
1939 2677 2153 2744 Remigii
2196 2682 2535 2752 Rhemensis.)

692 2908 1087 2966 PRIEFATIO.

162 3004 401 3064 Domino
421 3002 654 3073 glorioso
681 3002 911 3059 ﬁdeliter
934 3004 1161 3059 devotus
1181 3010 1235 3058 et
1258 3003 1453 3060 devote
1481 3003 1676 3060 ﬁdelis.

164 3096 535 3154 Obaudientes
578 3103 907 3165 praeceptum
956 3095 1168 3149 Domini
1214 3110 1312 3164 per
1358 3096 1683 3165 prophetam

87 3187 365 3258 iubentis,
389 3185 664 3255 Interroga
695 3185 990 3239 sacerdotes
1029 3184 1190 3256 legem
1226 3202 1395 3240 meam
1427 3186 1580 3257 (Agg.
1614 3202 1680 3253 It,

91 3278 211 3349 12),
252 3291 419 3346 super
451 3274 769 3345 quibusdam
812 3275 1064 3346 capitulis
1087 3291 1176 3331 me
1203 3276 1485 3333 consulere
1525 3278 1682 3334 vobis

89 3366 319 3437 placuit.
364 3365 442 3420 De
489 3365 687 3434 quibus
733 3365 993 3436 quoniam
1035 3381 1135 3436 per
1179 3381 1239 3422 se
1283 3366 1498 3423 Veritas
1526 3367 1678 3435 dicit,

92 3458 205 3525 Qui
242 3476 277 3513 a
315 3458 588 3529 semetipso
612 3456 860 3528 loquitur,
911 3457 1134 3528 gloriam
1178 3459 1445 3528 propriam
1490 3461 1679 3530 quam't

87 3549 283 3618 (Joan.
305 3565 408 3615 vn,
434 3551 548 3620 18),
574 3549 794 3620 dignum
816 3549 942 3603 duxi
969 3564 1078 3604 non
1110 3549 1256 3604 nudo
1278 3565 1399 3606 meo
1426 3567 1679 3608 sermone

85 3642 249 3697 vobis
294 3640 640 3710 respondere,
694 3640 789 3695 sed
825 3641 955 3712 quid
1001 3640 1056 3695 in
1088 3640 1385 3710 Scripturis
1419 3643 1589 3698 sacris
1624 3651 1680 3699 et

86 3747 192 3803 per
218 3731 518 3787 catholicos
560 3732 812 3787 doctores
840 3731 966 3786 inde
1002 3731 1256 3800 loquatur
1297 3732 1530 3803 Spiritus
1552 3748 1677 3789 san-

90 3835 234 3892 ctus,
258 3824 522 3895 quosdam
549 3823 849 3880 odoriferos
870 3823 1139 3890 ﬂosculos,
1169 3834 1231 3880 ut
1252 3841 1441 3880 revera
1460 3827 1527 3881 de
1546 3842 1677 3898 agro

88 3914 276 3986 pleno,
323 3913 725 3983 Scripturarum
771 3914 977 3969 scilicet
1020 3928 1232 3983 campo,
1265 3915 1353 3969 cui
1400 3916 1678 3971 benedixit

88 4003 634 4073 Dominus,,breviter
651 4003 897 4059 in~unum
925 4005 1081 4059 vobis
1108 4004 1381 4076 colligere.
1406 4006 1474 4060 Et
1498 4007 1676 4063 sciens

90 4093 427 4163 pollicitum,
477 4092 632 4158 Quod
649 4094 1095 4165 supererogaveris
1120 4133 1136 4159 ,
1180 4110 1274 4165 ego
1311 4110 1432 4148 cum
1474 4095 1675 4151 rediero

89 4184 314 4239 reddam
333 4183 426 4237 tibi
452 4181 607 4255 (Luc.
637 4199 694 4249 x,
718 4183 831 4255 15),
856 4184 923 4239 de
944 4184 1030 4239 bis
1057 4198 1176 4254 quae
1198 4184 1346 4254 regio
1373 4184 1673 4241 ministerio

98 4274 249 4330 vobis
271 4288 305 4328 a
319 4272 433 4327 Deo
459 4273 746 4328 commisso
758 4282 1066 4345 competere
1088 4273 1218 4340 vidi,
1233 4274 1388 4343 quasi
1414 4274 1674 4330 scintﬂas

89 4367 362 4422 micantes
402 4363 591 4419 lumini
621 4365 861 4419 scientia;
904 4372 1098 4420 vestrae
1128 4363 1487 4436 superadjeci.
1540 4364 1678 4433 Quia

90 4470 248 4523 vero,
275 4463 340 4511 ut
360 4453 611 4510 Comicus
638 4454 770 4509 dicit
793 4453 931 4525 (Ter.
963 4456 1020 4508 in
1056 4453 1251 4523 Andr.)
1276 4472 1289 4508 :

311 4564 619 4628 Obsequium
636 4566 836 4628 amicos,
852 4566 1035 4616 veritas
1049 4564 1215 4615 odium
1238 4565 1384 4628 parit,

88 4680 281 4729 etnon
309 4671 625 4738 assentatio,
662 4670 910 4727 videlicet
934 4671 1194 4736 adulatio,
1228 4670 1457 4741 principi
1490 4684 1557 4727 ac
1587 4670 1682 4727 do-

91 4766 244 4819 mino
267 4771 429 4820 terra:
451 4762 667 4835 placere
691 4761 868 4828 debet,
892 4762 1114 4817 minimc
1139 4770 1321 4817 autem
1345 4763 1682 4817 sacerdotem

91 4855 297 4912 sectari
339 4870 458 4911 eam
491 4856 743 4926 oportet,
766 4854 812 4909 si
856 4855 1112 4925 quiddam
1140 4854 1451 4910 mordacius
1478 4854 1683 4909 dictum

92 4947 149 5002 in
180 4947 472 5004 sententiis
497 4962 527 5001 a
549 4960 635 5001 me
653 4945 894 5002 collectis
924 4946 991 5001 de
1014 4945 1156 5016 regis
1195 4958 1424 5015 persona
1451 4953 1507 5000 et
1533 4943 1682 5014 regio

92 5037 406 5093 ministerio
435 5036 770 5101 inveneritis,
815 5052 924 5092 non
972 5044 1163 5091 contra
1206 5050 1322 5100 vos,
1354 5049 1557 5104 quaeso,
1588 5033 1682 5089 sed

91 5145 196 5199 pro
222 5129 520 5185 vobiseas
565 5145 653 5184 me
687 5127 967 5200 collegisse
1014 5128 1234 5198 putetis,
1284 5127 1540 5197 quoniam
1590 5134 1684 5182 aut

93 5220 263 5276 talem
290 5219 346 5274 in
370 5219 702 5291 benignitate
731 5233 797 5274 ac
819 5219 1082 5283 bonitate,
1115 5218 1255 5273 sicut
1302 5217 1431 5288 ipsa:
1466 5216 1673 5272 descri-

93 5312 233 5367 bunt
260 5310 568 5377 sententiae,
600 5326 697 5367 vos
725 5326 845 5367 esse
872 5319 926 5366 et
946 5311 1025 5366 sic
1048 5325 1209 5381 agere
1236 5310 1367 5375 scio,
1395 5320 1488 5366 aut
1521 5312 1683 5368 talem

95 5417 219 5460 esse
241 5410 301 5459 et
325 5402 406 5458 sic
434 5417 594 5474 agere
620 5405 797 5474 cupio.
823 5402 992 5472 Hujus
1011 5412 1189 5457 autem
1212 5402 1379 5459 libelli
1407 5404 1685 5459 sententiae

96 5492 336 5548 triformi
359 5502 485 5548 sunt
503 5493 819 5550 collectione
844 5495 1125 5550 distinctae.
1159 5493 1343 5549 Primo
1370 5493 1586 5564 quidem
1617 5493 1685 5548 de

95 5601 337 5657 persona
369 5585 512 5659 regis
537 5595 594 5642 et
619 5587 770 5658 regio
798 5585 1101 5641 ministerio
1134 5584 1187 5638 in
1233 5583 1473 5654 generali
1500 5583 1684 5654 reipu-

1710 2915 1760 2977 B
1784 2928 1907 2984 qua:
1921 2913 1967 2969 si
1987 2912 2278 2973 exitialiter
2296 2925 2519 2988 agentes
2542 2919 2704 2975 aliter
2721 2935 2828 2976 non
2853 2923 3128 2991 potuerint
3147 2930 3367 3004 corrigi,

1784 3008 2071 3077 temporali
2114 3018 2289 3064 morte
2313 3010 2703 3081 praecipiuntur
2737 3013 2976 3079 multari,
3002 3018 3146 3085 quod
3178 3034 3211 3073 a
3244 3022 3368 3090 qui-

1782 3095 2008 3152 busdam
2046 3098 2247 3154 dicitur
2290 3102 2614 3157 contradici.
2662 3102 2798 3157 Tum
2842 3106 2968 3175 quia
3009 3122 3106 3162 rex
3147 3121 3369 3181 propter
3429 3175 3431 3177 ,

1781 3185 2141 3242 ministerium
2189 3188 2418 3259 regium,
2458 3190 2621 3245 etiam
2663 3206 2765 3247 nec
2792 3193 3204 3266 quibuscunque
3242 3214 3369 3268 pro-

1780 3276 2103 3347 pinquitatis
2130 3280 2643 3347 necessitudinibus,
2672 3292 2861 3338 contra
2897 3284 3064 3341 Deum
3092 3298 3363 3345 sanctam-

1781 3382 1887 3437 que
1908 3367 2207 3423 Ecclesiam
2242 3378 2406 3438 atque
2431 3378 2622 3425 contra
2658 3373 3045 3443 rempublicam
3084 3379 3369 3449 agentibus

1779 3458 2154 3525 criminaliter,
2183 3457 2378 3514 allectu
2401 3461 2606 3516 carnali
2635 3476 2860 3533 parcere
2883 3464 3111 3520 debeat:

1778 3633 1908 3691 Car.
1930 3634 1973 3690 Ι.
2002 3663 2074 3676 --
2098 3632 2255 3702 Quod
2283 3635 2445 3691 bonos
2493 3653 2637 3708 reges
2680 3636 2822 3692 Deus
2853 3637 3000 3708 facit,
3044 3643 3215 3698 malos
3239 3660 3360 3714 per-

2486 3730 2669 3784 mittit.

1850 3856 2139 3925 Quoniam,
2185 3864 2249 3913 ut
2294 3857 2553 3929 scriptum
2604 3868 2710 3926 est,
2761 3859 2973 3917 Domini
3021 3872 3098 3918 est
3147 3882 3363 3937 regnum

1779 3949 1953 4021 (Psal.
1984 3964 2100 4015 ut,
2144 3948 2258 4019 19),
2293 3960 2344 4003 et
2376 3951 2462 4004 cui
2489 3951 2709 4006 voluerit
2743 3952 2887 4008 dabit
2917 3954 3052 4009 illud
3091 3955 3252 4028 (Dan.
3287 3975 3361 4024 tv,

1778 4038 1991 4110 14):et
2033 4039 2176 4094 sicut
2222 4039 2414 4094 beatus
2462 4038 2796 4111 Augustinus
2846 4042 2898 4097 in
2948 4043 3087 4100 libro
3118 4046 3186 4101 de
3214 4046 3364 4102 Bono

1777 4130 2196 4201 perseverantiae
2229 4130 2359 4185 dicit
2386 4129 2525 4201 (cap.
2559 4131 2614 4203 6)
2641 4150 2655 4186 :
2686 4149 2705 4182 ι
2731 4131 2876 4186 Nihil
2904 4132 2965 4189 fit
2994 4135 3094 4190 nisi
3116 4136 3257 4205 quod
3272 4145 3367 4191 aut

1779 4224 1923 4279 Deus
1946 4222 2097 4289 facit,
2125 4231 2219 4277 aut
2235 4222 2353 4278 fieri
2373 4224 2519 4294 juste
2541 4224 2827 4294 permittit,
2859 4244 2877 4278 ι
2911 4241 3032 4281 cum
3060 4227 3186 4282 boni
3208 4241 3367 4299 reges

1706 4351 1752 4415 C
1785 4328 2035 4390 regnant,
2061 4319 2199 4375 sicut
2225 4319 2320 4374 Dei
2347 4319 2519 4391 gratia
2541 4319 2665 4415 boui
2690 4329 2835 4382 sunt,
2863 4320 2935 4374 ita
2960 4330 3016 4375 et
3046 4321 3152 4376 Deo
3172 4332 3367 4393 agente

1784 4418 2035 4482 regnant,
2059 4410 2200 4464 sicut
2223 4408 2338 4479 ipse
2360 4408 2490 4463 dicit
2510 4422 2524 4461 :
2544 4406 2650 4462 Per
2669 4425 2749 4463 me
2770 4425 2917 4479 reges
2941 4419 3155 4480 regnant
3181 4408 3365 4482 (Prov.

1781 4517 1903 4567 vm,
1927 4499 2049 4572 15);
2079 4507 2135 4553 et
2157 4514 2279 4554 cum
2307 4497 2435 4553 mali
2460 4512 2613 4565 reges
2648 4507 2896 4568 regnant,
2922 4499 3062 4553 sicut
3090 4499 3214 4554 mali
3242 4508 3370 4556 sunt

1785 4607 1882 4648 suo
1904 4590 2056 4655 vitio,
2089 4589 2160 4644 ita
2189 4597 2245 4643 et
2268 4602 2496 4659 regnare
2521 4588 2914 4657 permittuntur
2935 4588 3118 4645 divino
3139 4591 3367 4661 judicio,

1786 4680 2054 4736 interdum
2076 4678 2313 4742 occulto,
2340 4677 2435 4732 sed
2462 4692 2738 4747 nunquam
2772 4677 2995 4748 injusto,
3023 4679 3165 4735 sicut
3200 4683 3371 4753 scrip-

1786 4780 1897 4825 tum
1927 4777 2011 4825 est
2036 4786 2048 4823 :
2078 4767 2180 4834 Qui
2209 4766 2337 4837 facit
2360 4783 2576 4838 regnare
2601 4768 2924 4838 hypocritam
2947 4781 3161 4840 propter
3181 4788 3368 4842 pecca-

1785 4873 1838 4917 ta
1864 4861 2043 4933 populi
2078 4860 2197 4931 (Job
2222 4874 2409 4925 xxxiv,
2444 4857 2557 4928 50).
2589 4857 2744 4913 Facit
2769 4858 2971 4915 dictum
2997 4869 3102 4927 est,
3126 4877 3194 4917 ex
3212 4860 3373 4930 justi-

1786 4951 1874 5004 titc
1904 4948 2260 5005 retributione
2303 4947 2574 5017 permittit,
2610 4960 2677 5002 eo
2718 4946 3004 5003 locutionis
3038 4962 3235 5019 genere
3265 4964 3373 5018 quo

1787 5039 2004 5102 dicitur,
2045 5036 2325 5091 Induravit
2368 5033 2630 5091 Dominus
2670 5052 2761 5089 cor
2817 5035 3118 5091 Pharaonis
3164 5036 3365 5106 (Exod.

1788 5143 1868 5194 ix,
1899 5126 2015 5198 12).
2048 5124 2331 5180 Induravit
2372 5123 2577 5180 dictum
2604 5116 2720 5188 est,
2755 5138 2853 5193 per
2870 5124 3105 5195 Mm
3132 5139 3236 5179 non
3265 5142 3375 5181 mo-
3439 5116 3499 5198 x”;
3560 5125 3587 5177 ς⁵

1786 5219 1924 5285 livit,
1952 5218 2046 5273 sed
2074 5231 2139 5272 ex
2162 5214 2387 5285 iustitiae
2428 5214 2784 5270 retributione
2823 5214 3066 5269 indurari
3095 5215 3364 5285 permisit.

1786 5311 1863 5366 De
1894 5310 2111 5380 quibus,
2141 5307 2235 5377 qui
2263 5322 2367 5362 non
2392 5305 2625 5361 faciente
2653 5304 2746 5359 sed
2776 5303 2886 5359 Deo
2916 5303 3260 5373 permittente
3283 5320 3372 5360 rc-

1786 5411 1985 5474 guant,
2037 5400 2297 5456 Dominus
2343 5412 2442 5467 per
2484 5396 2804 5474 prophetam
2851 5394 3099 5464 queritur
3142 5395 3371 5450 dicens:

1786 5470 1819 5547 Ῐ
1820 5494 1900 5563 psi
1928 5497 2289 5562 regnaverunt,
2320 5496 2367 5541 et
2403 5503 2509 5540 non
2530 5501 2594 5539 ea:
2616 5470 2697 5538 me
2714 5500 2733 5538 :
2755 5484 3015 5554 principes
3038 5483 3369 5548 exstiterunt,

1786 5593 1832 5636 et
1861 5598 1963 5635 non
1994 5579 2208 5649 cognovi
2239 5576 2382 5647 (Ose.
2416 5590 2533 5637 vm,
2556 5573 2634 5645 4).
2668 5592 2687 5625 ι
2720 5574 2798 5628 Ex
2833 5588 2913 5638 se,
2950 5573 3126 5643 inquit
3166 5572 3372 5644 Grego-

99 5656 262 5732 blicae
300 5656 483 5731 causa.
529 5656 733 5732 Deinde
779 5690 897 5744 qua
926 5676 1120 5730 debeat
1167 5687 1286 5729 esse
1320 5674 1576 5729 discretio
1626 5672 1680 5727 in
1711 5699 1762 5760 D
1788 5674 1901 5729 rius
1933 5656 2221 5744 (Pastoral.
2267 5684 2381 5736 cap.
2416 5667 2493 5736 1),
2524 5676 2581 5721 et
2625 5681 2732 5721 non
2779 5682 2846 5721 ex
2891 5665 3120 5760 arb’itrio
3167 5663 3367 5721 summi

98 5764 498 5834 misericordia,
543 5774 599 5823 et
627 5767 694 5823 de
723 5765 925 5822 ultione
964 5763 1276 5837 specialium
1309 5778 1681 5834 personarum,

1794 5763 2022 5819 rectoris
2054 5769 2298 5831 regnant,
2348 5758 2438 5829 qui
2471 5757 2633 5813 nullis
2662 5755 2780 5831 fulti
2807 5745 3120 5823 virtutibus,
3165 5768 3371 5827 nequa-
