4006 6338
665 359 769 417 R35

1489 347 1818 404 HINCMARI
1859 342 2070 398 RHEM.
2113 338 2425 396 ARCIIlEi‘.
2466 338 2826 399 OPIlSCULA
2866 339 3093 398 V'ARIA.

3787 353 3894 407 830

668 491 824 548 quam
860 469 1117 528 divinitus
1141 463 1340 529 vocati,
1369 463 1462 518 sed
1485 476 1581 516 sua
1602 459 1851 530 cupidine
1873 457 2104 520 accensi,
2129 454 2237 510 cul-
2261 457 2312 516 Α
2339 468 2445 507 non
2474 452 2644 508 solum
2666 454 2947 522 przesentis
2970 454 3178 524 imperii
3206 454 3395 511 faciem
3419 456 3608 523 fuscat,
3633 460 3899 521 sedetiam

669 580 789 619 men
832 557 1108 630 regiminis
1149 553 1363 622 rapiunt
1405 552 1583 622 potius
1618 565 1778 620 quam
1820 555 2226 615 assequuntur:

671 671 802 726 quos
831 665 1007 708 tamen
1037 650 1280 703 internus
1307 645 1476 715 judex
1518 651 1576 700 et
1618 641 1882 713 provehit,
1926 649 1980 696 et
2010 654 2116 694 non
2145 653 2236 694 co-

672 745 896 817 gnoscit,
925 741 1048 811 quia
1071 753 1210 808 quos
1235 737 1592 806 permittendo
1633 735 1847 795 tolerat,
1875 731 2116 803 profecto
2142 746 2238 799 per

671 835 922 899 iudicium
947 827 1340 899 reprobationis
1366 827 1596 896 ignorat.
1636 847 1654 876 ι
1685 825 1760 878 De
1785 823 1980 892 quibus
2011 822 2238 876 Domino

671 939 763 994 per
775 920 1112 976 Psalmistam
1135 917 1330 981 dicitur
1352 915 1628 985 :Dejecisti
1642 931 1727 968 eos
1749 915 1874 967 dum
1891 912 2238 966 allevarentur

670 1011 840 1082 (Psal.
872 1024 1043 1074 unt,
1071 1007 1181 1077 18).
1227 1005 1364 1060 Dum
1393 1005 1654 1059 allevatur
1682 1003 1825 1057 enim
1849 1000 2113 1070 dejicilur,
2145 1000 2238 1069 qui

470 1073 578 1216 ψ
664 1073 962 1247 ἰοηοτὶδυε
989 1073 1222 1169 prolicit,
1246 1104 1301 1152 et
1322 1096 1560 1150 moribus
1579 1094 1778 1148 deﬁcit.
1803 1092 1983 1147 Justus
2009 1105 2240 1160 namque

702 1203 722 1246 t
751 1189 1058 1244 misericors
1096 1186 1386 1247 Dominus,
1416 1185 1722 1238 mortalium
1752 1192 1868 1238 acta
1915 1182 2233 1247 disponens,

702 1203 722 1246 t
751 1189 1058 1244 misericors
1096 1186 1386 1249 Dominus,
1416 1185 1722 1238 mortalium
1752 1192 1868 1238 acta
1915 1182 2233 1251 disponens,

672 1279 774 1332 alia
799 1277 1044 1333 concedit
1079 1276 1360 1344 propitius,
1404 1275 1506 1328 alia
1548 1274 1812 1344 permittit
1848 1273 2037 1335 iratus,
2078 1281 2240 1340 atque

673 1384 732 1424 ea
759 1385 876 1439 quae
897 1369 1156 1438 permittit
1183 1369 1262 1422 sic
1298 1367 1510 1432 tolerat,
1537 1374 1596 1420 ut
1642 1367 1758 1420 haec
1800 1366 1856 1420 in
1903 1366 1986 1421 sui
2031 1365 2239 1422 consilii

673 1474 826 1514 usum
853 1466 1043 1512 vertat.

673 1568 797 1624 CAP.
853 1567 918 1622 II.
971 1595 1042 1606 -—
1093 1567 1244 1632 Quod
1303 1565 1477 1635 populi
1535 1565 1758 1635 felicitas
1803 1565 1869 1619 sit
1913 1581 2004 1618 rex
2043 1565 2237 1630 bonus,

1109 1638 1384 1706 infelicitas
1422 1653 1512 1689 rex
1551 1637 1745 1689 malus.

740 1727 815 1784 De
843 1729 1058 1783 nomine
1090 1729 1252 1798 regis,
1283 1737 1336 1781 et
1367 1744 1484 1796 quae
1517 1728 1588 1780 sit
1613 1726 1841 1780 felicitas
1887 1725 2097 1795 populis
2137 1727 2238 1780 sibi

2336 545 2477 600 ﬁlios
2500 560 2625 600 suos
2651 555 2706 599 et
2733 556 2971 613 nepotes,
3005 562 3074 600 ne
3098 556 3220 616 post
3245 562 3303 603 se
3345 549 3493 618 regni
3540 550 3901 610 haereditatem

2335 644 2575 701 teneant,
2614 635 2887 692 obscurat.
2919 636 3146 707 Propter
3175 639 3448 708 piaculum
3481 641 3629 696 enim
3671 642 3903 699 Salomo-

2337 729 2423 784 nis
2450 743 2672 798 regnum
2703 727 2899 783 domus
2935 729 3098 783 Israel
3126 730 3382 786 Dominus
3407 732 3471 787 de
3492 748 3660 788 manu
3683 733 3905 792 ﬁliorum

2337 816 2453 886 ejus
2484 817 2756 886 dispersit,
2789 827 2843 871 et
2876 827 3094 887 propter
3125 819 3395 889 justitiam
3441 821 3615 876 David
3665 826 3805 893 regis
3827 827 3911 880 Iu-

2337 923 2556 962 cernam
2586 909 2651 962 de
2679 908 2884 962 semine
2909 907 3024 975 ejus
3054 924 3265 980 semper
3295 911 3349 964 in
3370 909 3670 968 Jerusalem
3703 916 3911 986 reliquit

2341 996 2458 1067 (III
2481 996 2609 1067 Reg.
2629 1012 2724 1061 xu,
2744 998 2878 1067 xw).
2897 998 3036 1054 Ecce
3055 1009 3315 1068 quantum
3328 999 3538 1068 justitia
3557 1004 3704 1074 regis
3726 1008 3908 1061 mle

2338 1088 2505 1152 valet,
2537 1088 2878 1142 intuentibus
2903 1090 3184 1158 perspicue
3218 1099 3388 1159 patet.
3420 1091 3535 1146 Pax
3561 1093 3710 1146 enim
3753 1111 3908 1166 popu-

2339 1175 2512 1231 lorum
2541 1187 2642 1241 est,
2674 1185 2914 1231 tutamen
2941 1179 3149 1246 patriae,
3178 1180 3489 1235 immunitas
3517 1181 3717 1250 plebis,
3749 1190 3910 1238 muni~

2341 1279 2578 1324 mentum
2602 1269 2806 1339 gentis;
2830 1285 2960 1324 cura
2978 1271 3316 1340 languorum,
3338 1274 3593 1343 gaudium
3618 1275 3910 1342 hominum,

2342 1361 2629 1431 temperies
2661 1362 2828 1424 aeris,
2874 1363 3139 1417 serenitas
3166 1364 3350 1424 maris,
3391 1372 3551 1418 terrae
3594 1365 3914 1431 fecunditas,

2341 1452 2590 1507 solatium
2615 1466 2930 1520 pauperum,
2956 1453 3239 1507 hmreditas
3257 1452 3506 1515 filiorum,
3523 1463 3578 1507 et
3602 1454 3908 1523 Sibilmupal

2341 1558 2465 1612 spes
2494 1541 2684 1594 futura:
2731 1542 3095 1596 beatitudinis.
3145 1543 3397 1595 Attamen
3444 1543 3583 1597 sciat
3633 1559 3728 1597 rex
3756 1546 3910 1612 quod.

2343 1633 2484 1685 sicut
2518 1631 2571 1683 in
2598 1631 2792 1684 throno
2823 1632 3097 1685 hominum
3126 1633 3332 1700 primus
3358 1633 3688 1686 constitutus
3710 1642 3816 1696 est,
3843 1634 3912 1686 sic

2342 1730 2398 1776 et
2427 1723 2476 1775 in
2500 1722 2697 1791 pinnis,
2725 1722 2768 1774 si
2791 1721 3059 1788 justitiam
3088 1739 3193 1777 non
3223 1723 3434 1787 fecerit,
3459 1723 3755 1792 primatum
3780 1724 3918 1777 habi-

670 1821 946 1891 subjectis,
980 1821 1022 1873 si
1053 1819 1222 1887 gratia
1264 1819 1358 1871 Dci
1389 1819 1558 1872 bonus
1588 1833 1678 1871 rex
1725 1833 1884 1886 super
1918 1833 2010 1871 eos
2046 1832 2240 1888 regna-
2273 1809 2315 1867 Β
2345 1823 2498 1867 turus
2536 1822 2636 1868 est.
2687 1812 2886 1868 Omnes
2913 1830 3165 1884 namque,
3212 1830 3562 1885 quoscunque
3609 1826 3918 1885 peccatoris

670 1916 824 1975 verit,
855 1921 912 1967 et
941 1928 1058 1980 quae
1087 1912 1158 1966 sit
1193 1910 1479 1966 infelicitas
1506 1910 1715 1980 populis
1743 1909 1844 1962 sibi
1888 1908 2160 1978 subjectis,
2195 1911 2241 1965 si

673 2005 846 2057 malus
883 2018 979 2056 suo
1018 2003 1147 2055 vitio
1185 2017 1278 2054 rex
1321 2013 1481 2070 super
1522 2017 1614 2054 cos
1656 2001 1988 2069 regnaverit,
2026 2011 2244 2055 sanctus

670 2092 970 2162 Cyprianus
998 2092 1049 2144 in
1080 2091 1216 2144 libro
1250 2091 1314 2144 de
1341 2091 1598 2160 gradibus
1643 2089 1976 2143 Abusionum
2006 2091 2245 2144 ostendit

671 2181 810 2252 (cap.
853 2182 948 2252 9):
979 2201 996 2233 ε
1029 2180 1253 2246 Nomen,
1304 2182 1572 2251 inquiens,
1620 2181 1760 2250 regis
1810 2181 2245 2235 iulellectualiter

672 2274 776 2326 hoc
802 2275 1012 2336 retinet,
1049 2282 1108 2328 ut
1153 2272 1408 2339 subjectis
1452 2273 1700 2328 omnibus
1736 2274 1961 2327 rectoris
2009 2273 2241 2328 oliicium

671 2370 940 2432 procuret.
993 2363 1099 2417 Sed
1143 2363 1375 2432 qualiter
1421 2363 1556 2417 alios
1578 2364 1848 2433 corrigere
1883 2365 2102 2432 poterit,
2151 2366 2242 2434 qui

671 2453 915 2522 proprios
957 2468 1153 2517 mores,
1184 2468 1250 2506 ne
1283 2453 1448 2522 iniqui
1477 2453 1604 2517 sint,
1652 2469 1758 2508 non
1806 2454 2065 2518 corrigit?
2112 2469 2244 2522 quo.

672 2544 819 2598 niam
852 2544 904 2597 in
928 2543 1136 2613 justitia
1180 2544 1320 2614 regis
1345 2543 1664 2599 exaltabitur
1695 2542 1908 2608 solium,
1945 2552 1998 2599 et
2025 2545 2077 2599 in
2100 2544 2244 2599 veri-

671 2645 781 2692 tate
833 2636 1152 2693 solidabitur
1202 2637 1621 2707 gubernaculum
1685 2637 2000 2708 populorum
2059 2635 2238 2706 (Prov.

671 2730 804 2795 xvr).
843 2730 1057 2783 Iustitia
1109 2744 1236 2782 vero
1275 2729 1415 2799 regis
1453 2738 1556 2793 est,
1598 2729 1867 2783 neminem
1913 2729 2110 2795 injuste
2147 2742 2244 2796 per

671 2819 965 2888 potentiam
1006 2818 1331 2888 opprimere,
1379 2819 1494 2872 sine
1539 2833 1891 2887 personarum
1931 2819 2244 2888 acceptione

673 2909 812 2961 inter
839 2908 1012 2960 virum
1043 2917 1097 2961 et
1139 2909 1442 2976 proximum
1473 2925 1629 2963 suum
1668 2909 1812 2978 juste
1850 2907 2117 2977 judicare,
2148 2909 2243 2962 ad-

671 3000 824 3053 venis
856 3008 912 3053 et
937 2999 1149 3068 pupillis
1193 3009 1248 3052 et
1299 2999 1472 3054 viduis
1517 2999 1852 3055 defensorem
1905 3015 2045 3064 esse,
2100 2999 2242 3055 furta

672 3089 946 3152 cohibere,
993 3089 1256 3144 adulteria
1305 3091 1529 3160 punire,
1580 3090 1792 3158 iniquos
1830 3106 1935 3145 non
1978 3091 2239 3156 exaltare,

2343 1903 2444 1957 sub
2470 1917 2530 1956 se
2561 1904 2614 1956 in
2642 1904 2894 1973 praesenti
2941 1904 3150 1969 habuit,
3181 1919 3346 1974 supra
3376 1919 3436 1958 se
3481 1906 3644 1958 modo
3675 1905 3917 1974 implaca-

2341 1994 2434 2049 bili
2457 1995 2509 2048 in
2543 1994 2630 2048 illa
2653 2009 2814 2064 paena
2841 1994 3020 2048 futura
3050 1997 3288 2051 habebit.
3319 2015 3339 2048 ι

2411 2106 2541 2162 CAP.
2570 2107 2656 2162 Ill.
2685 2137 2758 2147 —
2788 2107 2998 2176 Magaw
3017 2111 3258 2178 potentia:
3282 2120 3649 2180 argumentum
3671 2122 3751 2164 est
3783 2127 3911 2166 recte

2930 2180 3344 2232 administratio.

2412 2268 2564 2336 Quod
2593 2283 2661 2323 ex
2714 2268 2854 2323 bona
2881 2270 3351 2326 administratione
3401 2274 3685 2344 regiminis
3727 2292 3910 2345 magna

2341 2371 2461 2412 esse
2487 2358 2833 2426 cognoscitur
2865 2360 3104 2426 potentia
3145 2360 3494 2428 temporalis:
3531 2381 3547 2412 ι
3589 2363 3786 2434 Magna
3819 2377 3907 2426 est.

2345 2446 2721 2515 inquitbeatus
2741 2445 3266 2518 Gregoriusinlibro
3288 2448 3569 2505 Mora!ium
3621 2455 3739 2522 (lib.
3802 2470 3910 2507 xm

2344 2535 2562 2602 Moral.,
2605 2553 2722 2607 cap.
2775 2538 2863 2608 19)
2917 2541 3156 2606 potentia
3207 2542 3536 2610 temporalis,
3589 2559 3711 2611 qua:
3767 2546 3911 2598 habet

2344 2628 2486 2696 apud
2515 2627 2684 2682 Deum
2709 2631 2957 2683 meritum
2992 2645 3146 2685 suum
3177 2631 3243 2686 de
3277 2639 3417 2687 bona
3449 2634 3909 2689 administratione

2343 2719 2643 2788 regiminis.
2688 2719 2832 2772 Bona
2883 2729 2964 2774 est
2992 2721 3179 2775 ordine
3212 2737 3308 2774 suo
3339 2725 3602 2790 potentia,
3643 2725 3743 2778 sed
3775 2736 3909 2778 cauta

2344 2810 2580 2878 regentis
2617 2807 2818 2878 indiget
2843 2809 2970 2862 vita.
3004 2809 3172 2879 Igitur
3211 2811 3346 2865 bene
3391 2813 3528 2865 hanc
3558 2827 3813 2877 exercet,
3837 2817 3907 2883 qui

2343 2907 2400 2952 et
2425 2900 2658 2952 retinere
2702 2899 2845 2952 illam
2875 2904 3106 2963 noverit,
3137 2909 3193 2956 et
3230 2902 3567 2973 impugnare.
3598 2903 3754 2958 Bene
3794 2907 3906 2959 hanc

2344 2999 2586 3054 exercet,
2622 2989 2714 3059 qui
2751 2991 2854 3045 scit
2882 3006 2978 3060 per
3026 2991 3172 3046 illam
3222 3008 3387 3063 super
3433 2995 3620 3066 culpas
3673 3000 3838 3070 erigi,
3865 3010 3906 3051 et

2345 3080 2449 3133 scit
2495 3095 2617 3134 cum
2648 3081 2738 3134 illa
2767 3082 2980 3136 cmteris
3002 3084 3315 3151 aequalitate
3359 3089 3627 3156 componi.
3679 3089 3902 3144 Humana

672 3178 970 3249 impudicos
993 3189 1048 3232 et
1072 3181 1363 3234 histriones
1389 3196 1493 3234 non
1524 3183 1751 3244 nutrire,
1790 3182 1982 3252 impios
2007 3183 2072 3237 de
2095 3192 2240 3238 terra

2350 3171 2549 3224 etenim
2580 3186 2733 3226 mens
2756 3171 3072 3243 plerumque
3097 3176 3392 3242 extollitur,
3438 3179 3598 3231 etiam
3627 3195 3766 3234 cum
3793 3183 3894 3234 nulla

672 3271 921 3338 perdere,
951 3271 1246 3340 parricidas
1271 3279 1326 3326 et
1352 3272 1686 3341 perjurantes
1699 3273 1879 3326 vivere
1904 3287 2010 3327 non
2038 3273 2240 3340 sinere,

671 3359 933 3415 ecclesias
960 3361 1274 3424 defendere,
1302 3376 1564 3432 pauperes
1582 3361 1938 3433 eleemosynis
1975 3363 2140 3429 alere,
2155 3363 2245 3432 ju-

671 3460 785 3506 stos
815 3467 974 3522 super
1021 3453 1173 3522 regni
1223 3454 1435 3522 negotia
1485 3454 1833 3518 constituere,
1875 3469 2030 3510 senes
2050 3466 2106 3511 et
2148 3473 2240 3511 sa-

671 3542 885 3610 pientes
914 3550 969 3595 et
1001 3542 1212 3595 sobrios
1251 3543 1590 3598 consiliarios
1635 3543 1852 3608 habere,
1882 3560 2160 3616 magorum
2189 3554 2246 3601 et

674 3634 1025 3697 hariolorum,
1053 3633 1596 3704 pythonissarumque
1637 3635 2108 3705 superstitionibus
2135 3652 2245 3692 non

673 3725 986 3789 intendere,
1030 3726 1359 3780 iracundiam
1400 3725 1639 3791 dilI‘erre,
1663 3727 1892 3796 patriam
1936 3726 2148 3783 fortiter
2191 3738 2248 3782 et

667 3817 814 3887 juste
860 3824 1049 3871 contra
1089 3817 1428 3872 adversarios
1478 3819 1786 3884 defendere,
1833 3835 1931 3890 per
1965 3821 2146 3876 omnia
2191 3822 2246 3876 in

673 3906 785 3962 Deo
807 3905 1081 3962 conlidere
1102 3947 1117 3972 ,
1144 3909 1592 3978 prosperitatibus
1614 3910 1851 3967 animum
1878 3926 1984 3966 non
2011 3911 2244 3979 elevare,

672 4006 867 4052 cuncta
894 3997 1117 4052 adversa
1161 3997 1429 4066 patienter
1455 3997 1706 4063 tolerare,
1739 4000 1895 4055 fidem
1923 4003 2246 4058 catholicam

673 4087 728 4141 in
770 4088 938 4142 Deum
971 4088 1192 4152 habere,
1217 4087 1355 4142 filios
1384 4103 1510 4143 suos
1535 4104 1642 4143 non
1671 4090 1851 4145 sinere
1874 4090 2037 4160 impie
2065 4108 2243 4163 agere,

673 4179 838 4232 certis
880 4178 1028 4232 horis
1077 4178 1413 4234 orationibus
1443 4179 1691 4236 insistere
1713 4221 1727 4245 ,
1757 4191 1884 4236 ante
1930 4183 2092 4238 horas
2120 4199 2249 4239 con-

673 4284 836 4338 grnas
865 4271 1046 4325 cibum
1077 4285 1184 4325 non
1216 4281 1455 4340 gustare.
1496 4270 1584 4326 Vae
1617 4275 1754 4326 enim
1797 4285 1950 4328 terrre
1975 4277 2127 4345 cujus
2156 4293 2248 4330 rex

671 4377 800 4429 puer
812 4370 957 4422 est,et
972 4359 1121 4428 cujus
1136 4361 1392 4430 principes
1406 4378 1557 4416 mane
1571 4362 1840 4416 comedunt
1856 4363 2053 4432 (Eccle.
2070 4365 2243 4436 x,16).

673 4447 800 4502 Haec
815 4449 961 4518 regni
985 4449 1394 4516 prosperitatem
1412 4450 1463 4503 in
1478 4451 1723 4519 praesenti
1749 4450 1968 4515 faciunt,
1987 4463 2042 4508 et
2067 4466 2245 4525 regem

613 4529 631 4546 ’
675 4538 741 4590 ad
757 4536 991 4590 coelestia
1008 4551 1167 4604 regna
1195 4537 1414 4592 meliora
1426 4540 1742 4607 perducunt.
1761 4540 1860 4606 Qui
1883 4555 2008 4595 vero
2022 4557 2244 4612 regnum

676 4642 782 4680 non
821 4628 1116 4681 secundum
1146 4628 1284 4682 banc
1328 4628 1498 4699 legem
1526 4629 1818 4700 dispensat,
1849 4633 2044 4688 multas
2085 4634 2244 4689 nimi-

675 4731 793 4768 rum
823 4717 1177 4770 adversitates
1200 4717 1410 4787 imperii
1442 4720 1712 4774 tolerabit.
1747 4721 1951 4777 Idcirco
1981 4723 2122 4784 enim
2134 4741 2242 4793 pax

673 4820 814 4876 saepe
841 4805 1158 4876 populorum
1209 4809 1475 4878 rumpitur
1495 4849 1511 4876 ,
1541 4804 1594 4865 et
1620 4811 1938 4868 offendicula
1983 4816 2144 4869 etiam
2174 4817 2241 4870 de

674 4912 843 4966 regno
886 4896 1235 4963 suscitantur,
1269 4908 1532 4953 terrarum
1580 4915 1793 4971 quoque
1839 4901 2046 4959 fructus
2078 4905 2239 4959 dimi-

675 4998 930 5053 nuuutur,
969 4997 1024 5043 et
1050 4990 1268 5044 servitia
1299 4991 1614 5061 populorum
1641 4996 2062 5063 praepediuntur,
2087 5001 2241 5054 multi

673 5089 729 5132 et
756 5080 890 5133 varii
921 5080 1134 5136 dolores
1176 5083 1588 5152 prosperitatem
1620 5088 1769 5155 regni
1813 5088 2078 5155 inliciunt,
2107 5094 2240 5146 cha-

676 5185 858 5225 rorum
891 5181 946 5225 et
974 5172 1264 5227 liberorum
1292 5184 1491 5230 mortes
1525 5177 1795 5232 tristitiam
1821 5179 2120 5246 conferunt,
2154 5184 2244 5238 ho-

675 5263 835 5316 stium
881 5262 1129 5320 incursus
1172 5267 1479 5335 provincias
1517 5270 1753 5338 undique
1790 5281 2026 5338 vastant,
2057 5273 2244 5330 bestia:

676 5362 1044 5408 armentorum
1080 5362 1135 5410 et
1177 5372 1431 5426 pecorum
1462 5377 1650 5432 greges
1691 5361 2009 5430 dilacerant,
2042 5374 2243 5436 tempe-

677 5451 844 5499 states
869 5446 1012 5502 veris
1042 5456 1096 5502 et
1125 5449 1319 5505 hiemis
1369 5453 1670 5518 turbantur,
1715 5463 1982 5510 terrarum
2032 5473 2246 5529 quoque

673 5534 1056 5596 fecunditatem
1105 5548 1160 5594 et
1200 5543 1365 5596 maris
1411 5544 1707 5600 ministeria
1733 5546 2038 5614 prohibent,
2068 5559 2123 5602 et
2150 5549 2246 5602 ali-

672 5634 887 5700 quando
922 5631 1208 5690 fulminum
1240 5633 1377 5688 ictus
1401 5648 1609 5705 segetes
1644 5647 1698 5692 et
1725 5639 1976 5692 arborum
2005 5638 2162 5694 ﬂores
2191 5649 2246 5694 et

670 5728 952 5798 pampinos
973 5738 1218 5784 exurunt.
1250 5725 1424 5800 Super
1441 5729 1622 5782 omnia
1646 5743 1772 5784 vero
1801 5729 1942 5800 regis
1964 5729 2240 5798 iniustitia,

2351 3270 2618 3332 potestate
2655 3261 2876 3318 fulcitur
2907 3280 2921 3317 :
2959 3276 3159 3334 quanto
3203 3268 3377 3338 magis
3424 3268 3478 3322 in
3523 3270 3699 3324 altum
3735 3289 3798 3327 se
3827 3276 3891 3326 eri»

2347 3357 2448 3426 git,
2479 3371 2603 3410 cum
2645 3371 2704 3410 se
2751 3358 2798 3410 ei
2827 3357 2989 3411 etiam
3033 3369 3274 3428 putestas
3301 3360 3580 3433 adjungit?
3617 3364 3693 3419 Et
3753 3376 3890 3422 tam

2349 3446 2684 3516 corrigendis
2711 3445 2940 3500 aliorum
2972 3449 3119 3504 vitiis
3171 3461 3294 3520 apta
3322 3453 3672 3509 exsecutione
3735 3472 3903 3525 pratia

2349 3546 2520 3590 ratur.
2572 3534 2724 3590 Unde
2754 3545 2806 3590 et
2837 3536 3180 3612 per‘Paulum
3219 3540 3416 3595 dicitur
3448 3559 3461 3594 :
3492 3541 3750 3597 Minister
3794 3548 3903 3598 enim

2348 3626 2447 3680 Dei
2493 3636 2593 3690 est,
2625 3625 2814 3680 vindex
2839 3629 2894 3679 in
2938 3629 3072 3680 iram
3102 3629 3149 3681 ei
3175 3631 3265 3699 qui
3292 3633 3427 3684 male
3455 3633 3563 3700 agit
3593 3631 3782 3700 (Rom.
3808 3650 3905 3694 xtn,

2356 3718 2435 3788 4).
2485 3717 2619 3772 Cum
2676 3732 2806 3786 ergo
2869 3719 3121 3788 potentia:
3192 3720 3501 3790 temporalis
3561 3723 3905 3779 ministerium

2349 3809 2663 3877 suscipitur,
2717 3824 2929 3864 summa
2981 3825 3112 3865 cura
3158 3811 3487 3881 vigilandum
3523 3823 3630 3878 est,
3677 3823 3745 3868 ut
3796 3817 3904 3868 sciat

2348 3899 2578 3968 quisque
2597 3907 2652 3952 et
2676 3915 2890 3954 sumere
2911 3916 2980 3955 ex
2999 3901 3088 3954 illa
3111 3903 3253 3970 quod
3276 3902 3512 3971 adjuvat,
3535 3911 3595 3957 et
3613 3917 3901 3974 expugnare

2348 3989 2494 4058 quod
2543 3989 2954 4060 tentat(ibid.).
3003 3991 3308 4047 Teneanius
3356 4006 3484 4062 ergo
3519 3991 3901 4063 exteriuqu

2348 4097 2447 4150 pro
2478 4082 2705 4136 aliorum
2731 4083 2964 4138 utilitate
2993 4085 3348 4154 suscepimus,
3389 4089 3673 4141 teneamus
3706 4087 3902 4141 interius

2350 4173 2492 4241 quod
2528 4174 2594 4226 de
2650 4183 2832 4228 nostra
2875 4175 3231 4230 aestimatione
3276 4177 3558 4232 sentimus.
3593 4167 3706 4232 Sed
3755 4188 3898 4233 tamen

2350 4265 2609 4318 decenter
2646 4265 2967 4333 quibusdam
2995 4267 3401 4336 erumpentibus
3439 4268 3630 4338 signis,
3679 4269 3900 4322 talesnos

2350 4356 2491 4422 apud
2541 4369 2636 4408 nos
2687 4370 2806 4410 esse
2836 4356 2934 4424 ipsi
2983 4357 3146 4410 etiam
3192 4358 3284 4426 qui
3314 4359 3469 4412 nobis
3496 4361 3779 4434 commissi
3800 4367 3898 4414 sunt

2354 4459 2461 4498 non
2505 4445 2752 4514 ignorent
2782 4463 2795 4499 :
2826 4457 2884 4500 ut
2913 4454 2967 4500 et
2992 4448 3058 4502 de
3086 4449 3408 4503 auctoritate
3427 4459 3614 4503 nostra
3645 4452 3791 4520 quod
3808 4450 3895 4504 for-

2353 4538 2560 4592 mident
2592 4539 2828 4606 videant,
2873 4551 2928 4596 et
2971 4541 3037 4596 de
3101 4543 3403 4598 humilitate
3449 4545 3595 4616 quod
3649 4548 3898 4602 imitentur

2352 4642 2664 4699 agnoscant.
2691 4633 2913 4700 Servata
2947 4642 3126 4691 autem
3151 4639 3471 4692 auctoritate
3515 4639 3812 4709 regiminis,
3844 4638 3893 4690 sd

2351 4736 2446 4776 cor
2493 4734 2738 4777 nostrum
2766 4726 2882 4779 sine
2909 4727 3211 4782 cessatione
3239 4728 3542 4792 redeamus,
3599 4741 3653 4785 et
3683 4730 3894 4786 conside-

2351 4831 2531 4869 remus
2577 4818 2791 4870 assidue
2821 4819 2964 4886 quod
3013 4834 3199 4874 sumus
3237 4822 3515 4890 aequaliter
3540 4838 3668 4877 cum
3715 4824 3891 4878 ceteris

2349 4905 2574 4969 conditi,
2613 4922 2716 4959 non
2747 4912 2888 4974 quod
2921 4910 3285 4978 tcmporaliter
3311 4913 3525 4966 (ueteris
3556 4913 3782 4981 prtelati.
3813 4911 3891 4963 Po-

2350 5001 2513 5046 testas
2547 4995 2690 5046 enim
2719 5005 2918 5064 quanto
2945 4998 3184 5051 exterius
3207 5001 3426 5062 eminet,
3460 5009 3612 5054 tanto
3639 5001 3799 5071 premi
3827 5000 3890 5052 in-

2352 5084 2517 5138 terius
2563 5085 2741 5150 debet,
2776 5103 2843 5140 ne
2873 5089 3249 5156 cogitationem
3281 5092 3484 5157 vincat,
3513 5109 3584 5148 ne
3614 5097 3665 5148 in
3695 5094 3888 5148 delecta-

2350 5180 2496 5233 tione
2541 5181 2622 5232 sui
2650 5182 2886 5234 animum
2919 5184 3113 5251 rapiat,
3147 5199 3211 5239 ne
3251 5184 3362 5253 jam
3393 5188 3494 5240 sub
3520 5201 3582 5240 se
3613 5202 3757 5241 mens
3790 5196 3883 5236 eam

2352 5283 2539 5338 regere
2569 5285 2674 5324 non
2712 5273 2903 5340 possit,
2933 5274 3019 5326 cui
3051 5289 3109 5328 se
3137 5273 3354 5328 libidine
3381 5275 3695 5330 dominandi
3721 5287 3884 5343 suppo-

2351 5363 2450 5417 nit.
2479 5362 2620 5417 Bene
2649 5363 2817 5418 David
2848 5364 2998 5434 regni
3027 5366 3318 5434 potentiam
3345 5380 3533 5436 regere
3555 5373 3787 5427 noverat,
3808 5359 3880 5429 qui

2350 5452 2636 5507 elationem
2673 5452 2913 5519 ejusdem
2965 5457 3216 5525 polentia:
3246 5457 3594 5526 semetipsum
3624 5451 3879 5528 premendo

2347 5545 2619 5610 vincebat,
2670 5547 2893 5601 dicens:
2923 5549 3164 5613 Domine,
3200 5565 3303 5602 non
3357 5557 3434 5601 est
3481 5547 3759 5601 exaltatum
3806 5552 3878 5591 τον

2348 5654 2517 5692 meum
2568 5634 2762 5708 (Psali
2791 5655 2954 5705 cxxx,
2986 5642 3059 5711 I).
3105 5641 3312 5710 Quique
3338 5643 3393 5694 in
3434 5637 3552 5706 ejus
3596 5627 3876 5692 humilitatis

2349 5740 2636 5801 augmento
2662 5731 2987 5801 subjunxit:
3041 5749 3199 5803 neque
3250 5731 3373 5786 elati
3428 5740 3549 5785 sunt
3603 5725 3728 5782 oculi
3771 5718 3873 5780 πιείο
