4006 6338
151 392 278 448 857

115 592 120 596 _
153 535 335 594 atque
373 518 619 576 addidit:
659 514 840 584 Neque
868 512 1126 568 ambulavi
1185 514 1239 566 in
1281 510 1505 580 magnis.
1556 506 1619 561 Et
1647 506 1739 560 ad-

152 618 281 672 huc
327 612 671 680 semetipsum
691 606 1036 662 subtilissima
1067 603 1408 672 inquisitione
1449 597 1739 653 discutiens

154 703 252 756 ait
295 717 310 754 :
359 694 536 766 Neque
569 686 643 747 ‘in
681 689 1004 746 mirabilibus
1061 702 1218 755 super
1272 701 1372 738 me.
1435 681 1740 750 Omnesque

153 791 340 847 etiam
388 783 738 857 cogitationes
765 794 890 835 suas
917 776 1137 857 a'fundo
1185 775 1366 830 cordis
1393 773 1735 835 cxhauriens,

155 851 482 950 subiungit;
515 877 697 931 dicens
726 888 741 926 :
795 871 855 927 Si
886 851 986 924 nou
1022 865 1287 922 humiliter
1312 865 1614 927 sentiebam,
1643 861 1735 916 sed

153 970 400 1028 exaltari
444 969 672 1022 animam
717 977 887 1017 meam
935 958 1116 1031 (ibid.,
1154 957 1231 1027 2).
1271 956 1409 1010 Ecce
1461 953 1734 1009 humilita-

157 1066 240 1120 tis
267 1059 498 1116 hostiam
526 1057 592 1111 ab
615 1054 804 1110 intimo
826 1051 1002 1106 cordis
1021 1047 1254 1103 oblatam
1278 1047 1468 1101 crebro
1490 1045 1736 1114 replicat,

149 1167 222 1210 et
251 1155 447 1208 iterum
471 1158 632 1217 atque
652 1147 847 1200 iterum
871 1139 1176 1196 confitendo
1196 1137 1389 1192 offerre
1413 1152 1517 1191 non
1538 1143 1736 1198 cessat,

151 1256 400 1312 eamque
459 1235 823 1306 multipliciter
880 1233 1106 1301 loquens
1159 1226 1365 1282 Iudicis
1416 1226 1498 1280 sui
1567 1225 1738 1280 oculis

150 1338 425 1388 ostentat.
483 1327 621 1396 Quid
668 1333 750 1382 est
786 1321 926 1378 hoc?
953 1328 1009 1374 et
1053 1316 1322 1388 quomodo
1352 1317 1494 1370 istud
1531 1313 1739 1369 sacrifi-

150 1424 315 1478 cium
361 1421 470 1474 Deo
518 1417 732 1487 placere
786 1417 1138 1482 cognoverat,
1167 1407 1309 1476 quod
1352 1407 1404 1460 in
1447 1413 1739 1474 conspectu

152 1517 290 1582 ejus
321 1519 467 1565 tanta
502 1507 787 1562 iteratione
807 1502 957 1558 vocis
978 1498 1323 1554 immolabat?
1352 1495 1452 1550 nisi
1497 1495 1635 1564 quod
1659 1497 1739 1547 vi-

151 1605 294 1657 cina
321 1614 440 1655 esse
479 1595 729 1665 superbia
759 1588 1064 1662 potentibus
1094 1587 1248 1651 solet,
1281 1595 1334 1640 et
1361 1599 1495 1656 pene
1527 1598 1741 1652 semper

154 1693 335 1744 rebus
370 1685 704 1742 afﬂuentibus
729 1682 893 1738 elatio
945 1679 1205 1741 sociatur,
1234 1677 1358 1745 quia
1383 1684 1437 1730 et
1461 1689 1599 1744 saepe
1636 1675 1738 1728 hu-

153 1783 341 1839 moris
370 1777 692 1833 abundantia
718 1773 971 1829 duritiam
998 1772 1089 1826 dat
1117 1769 1361 1823 tumoris.
1393 1767 1583 1820 Mirum
1611 1779 1739 1819 vero

155 1881 276 1937 est,
299 1886 420 1926 cum
443 1870 496 1923 in
519 1865 770 1922 cordibus
790 1863 1098 1919 sublimium
1123 1869 1312 1930 regnat
1332 1859 1606 1912 humilitas
1626 1871 1738 1910 mo-

155 1977 314 2018 rum.
349 1958 502 2015 Unde
549 1954 881 2027 pensandum
923 1961 1008 2008 est
1062 1951 1187 2021 quia
1227 1957 1473 2020 potentes
1520 1947 1738 2017 quique,

157 2069 296 2109 cum
346 2051 618 2107 humiliter
671 2047 907 2117 sapiunt,
975 2043 1188 2100 culmen
1260 2050 1534 2097 extraneae
1587 2039 1740 2108 quasi

155 2145 330 2214 longe
359 2143 543 2212 posita:
568 2140 782 2195 virtutis
827 2138 1113 2208 attingunt,
1159 2143 1215 2188 et
1242 2142 1388 2187 recte
1417 2134 1516 2186 hac
1545 2132 1743 2184 virtute

155 2234 454 2289 Dominum
485 2232 803 2301 quantocius
839 2227 1074 2298 placant,
1123 2225 1248 2293 quia
1278 2222 1404 2276 illud
1434 2222 1484 2276 ei
1522 2219 1739 2274 sacrm-

157 2328 316 2381 cium
355 2333 598 2395 potentes
642 2320 892 2383 offerunt,
921 2317 1061 2386 quod
1101 2322 1347 2386 potentes
1376 2315 1463 2368 vix
1497 2312 1741 2367 invenire

158 2425 416 2488 possunt.
465 2412 826 2469 Subtilissima
870 2422 1101 2477 namque
1146 2422 1236 2460 ars
1259 2405 1473 2459 vivendi
1500 2412 1603 2470 est,
1637 2403 1743 2458 cul-

160 2524 294 2565 men
324 2516 526 2570 tenere,
555 2504 777 2575 gloriam
817 2500 1118 2572 reprimere
1145 2517 1158 2553 :
1185 2513 1304 2553 esse
1325 2497 1540 2566 quidem
1573 2495 1626 2549 in
1647 2510 1745 2564 po-

161 2599 366 2663 tentia,
396 2596 489 2652 sed
519 2602 791 2665 potentem
822 2607 880 2646 se
917 2606 1039 2646 esse
1066 2588 1278 2644 nescire
1310 2603 1322 2638 :
1358 2587 1426 2640 ad
1468 2585 1742 2656 largienda

159 2693 313 2747 bona
334 2696 602 2760 potentem
633 2700 692 2742 se
713 2699 1024 2756 agnoscere,
1051 2682 1145 2737 sed
1167 2681 1234 2735 ad
1265 2679 1552 2749 repetenda
1583 2677 1742 2732 noxia

163 2795 336 2836 omne
387 2777 531 2848 quod
565 2784 811 2846 potenter
844 2773 987 2828 valet
1030 2772 1298 2842 ignorare.
1356 2771 1530 2824 Recte
1559 2768 1743 2839 itaque

165 2873 240 2926 de
273 2870 473 2926 talibus
499 2868 736 2924 dicitur:
773 2865 911 2920 Deus
949 2871 1180 2933 potentes
1224 2877 1327 2914 non
1379 2861 1581 2930 objicit,
1625 2876 1744 2913 cum

163 2974 220 3017 et
262 2963 372 3031 ipse
411 2960 477 3014 sit
510 2969 691 3030 potens
721 2955 842 3029 (Job
878 2970 1063 3020 χχχιιι,
1092 2953 1170 3024 5).
1196 2953 1363 3007 Deum
1408 2953 1603 3022 quippe
1628 2951 1746 3004 imi-

163 3055 280 3108 tari
303 3052 590 3114 desiderat,
616 3049 707 3120 qui
734 3048 1009 3118 fastigium
1036 3044 1310 3116 potentiae,
1344 3044 1533 3098 alienis
1564 3044 1742 3098 inten-

167 3154 264 3198 tus
293 3141 632 3203 utilitatibus,
655 3146 710 3194 et
733 3151 839 3194 non
871 3136 985 3192 suis
1009 3135 1259 3189 laudibus
1281 3133 1475 3196 elatus,
1507 3132 1743 3186 admini-

170 3240 318 3287 strat
349 3248 361 3284 :
393 3229 483 3302 qui
527 3227 783 3300 praelatus
808 3226 1019 3282 caeteris
1071 3223 1328 3295 prodesse
1377 3223 1604 3293 appetit,
1637 3237 1745 3276 non

167 3337 427 3395 prmesse.
484 3319 735 3375 Tumoris
783 3330 1015 3386 namque
1047 3315 1230 3376 elatio,
1269 3329 1378 3368 non
1434 3313 1568 3367 ordo
1596 3321 1746 3382 pote-

166 3413 356 3477 statis,
391 3412 444 3465 in
472 3410 700 3466 crimine
725 3416 830 3464 est.
863 3405 1163 3462 Potentiam
1204 3405 1348 3460 Deus
1384 3403 1592 3467 tribuit,
1630 3402 1747 3457 ela-

165 3505 380 3558 tionem
405 3517 530 3556 vero
553 3500 807 3572 potentiae
835 3497 1036 3552 malitia
1064 3505 1263 3551 nostra:
1291 3496 1487 3550 mentis
1517 3493 1743 3548 invenit.

171 3591 452 3647 Tollamus
471 3605 598 3660 ergo
627 3589 767 3660 quod
821 3588 888 3642 de
922 3594 1108 3642 nostro
1136 3585 1480 3651 contulimus,
1517 3591 1572 3638 et
1604 3584 1748 3638 bona

169 3690 307 3740 sunt
333 3696 449 3751 qua:
472 3681 582 3736 Deo
608 3680 870 3750 largiente
897 3677 1252 3749 possidemus.
1288 3694 1307 3727 ι

306 3840 432 3898 Car.
467 3836 554 3894 Π.
582 3865 655 3880 -
683 3834 874 3902 Quales
912 3833 1009 3887 sibi
1037 3830 1280 3885 adhibere
1319 3828 1499 3883 debeat
1530 3842 1622 3882 rea:

788 3903 1139 3959 consiliarios.

251 4043 448 4113 Quales
473 4041 574 4097 sibi
601 4039 860 4094 adhibere
886 4035 1081 4090 debeat
1107 4048 1201 4088 rex
1232 4029 1590 4094 consiliarios,
1621 4027 1724 4082 Am

173 4137 395 4194 brosius
415 4135 469 4188 in
492 4132 642 4188 libris
659 4127 967 4186 Olliciorum
993 4124 1132 4195 (Lib.
1157 4141 1219 4188 tt,
1243 4140 1288 4176 c.
1334 4122 1422 4192 17)
1455 4136 1469 4175 :
1528 4141 1546 4173 ι
1582 4120 1746 4184 Talis,

176 4231 374 4301 inquit,
397 4227 554 4282 debet
577 4238 734 4286 esse,
777 4221 867 4290 qui
892 4217 1181 4273 consilium
1211 4215 1363 4269 alteri
1397 4215 1508 4279 dat,
1557 4221 1618 4267 ut
1665 4226 1752 4268 se-

177 4324 356 4392 ipsum
404 4317 630 4372 formam
665 4313 784 4368 aliis
809 4310 1046 4382 praibeat
1067 4307 1133 4361 ad
1159 4305 1462 4374 exemplum
1485 4303 1750 4358 bonorum

175 4424 428 4482 operum,
453 4407 506 4461 in
543 4404 810 4467 doctrina,
839 4402 892 4455 in
922 4398 1250 4470 integritate,
1287 4397 1340 4450 in
1373 4395 1658 4466 gravitate,
1693 4402 1752 4446 ut

174 4468 254 4559 sit
281 4499 397 4569 ejus
415 4468 597 4553 sermo
625 4493 854 4550 salubris
893 4468 1055 4561 atque
1083 4486 1573 4558 irreprehensiblis,
1619 4500 1747 4539 con-
1775 4499 1825 4558 υ
1853 4469 2006 4569 (Cat):
2031 4468 2084 4523 8·

176 4593 361 4649 silium
389 4589 537 4655 utile,
574 4587 686 4642 vita
725 4587 971 4648 honesta,
1017 4579 1278 4651 sapientia
1316 4577 1510 4633 decora
1546 4575 1741 4648 (ibid.).

177 4684 330 4740 Talis
359 4681 520 4754 igitur
544 4678 706 4734 debet
731 4689 850 4732 esse
889 4671 1250 4735 consiliarius,
1280 4669 1370 4738 qui
1401 4667 1534 4722 nihil
1574 4668 1744 4722 nebu-

174 4781 354 4834 losum
376 4775 595 4838 habeat,
625 4769 756 4826 nihil
783 4767 968 4830 fallax,
1005 4763 1135 4818 nihil
1159 4761 1480 4824 fabulosum,
1511 4759 1644 4814 nihl
1670 4760 1745 4813 si-

176 4867 461 4928 mulatum,
500 4862 644 4934 quod
669 4861 837 4915 vitam
883 4855 999 4926 ejus
1028 4869 1092 4908 ac
1120 4867 1300 4908 mores
1338 4851 1578 4914 refellat;
1612 4851 1744 4904 nihil

177 4959 485 5029 improbum
513 4970 578 5011 ac
604 4949 933 5013 malivolum,
974 4942 1116 5015 quod
1141 4949 1349 4998 avertat
1377 4940 1738 4996 consulentes.

175 5050 297 5105 Alia
325 5057 450 5104 sunt
478 5046 622 5102 enim
648 5058 765 5114 quae
793 5040 1090 5113 fugiuntur,
1121 5038 1223 5093 alia
1253 5050 1372 5104 qua:
1397 5034 1752 5088 contemnun-

180 5151 289 5197 tur.
320 5139 572 5203 Fugimus
615 5151 678 5192 ea
730 5150 847 5206 qua:
897 5139 1122 5204 possunt
1167 5141 1383 5191 nocere,
1438 5138 1558 5194 qua:
1601 5122 1753 5175 mali-

183 5237 324 5290 tiose
381 5237 606 5302 possunt
667 5228 721 5282 in
769 5239 966 5280 noxam
1027 5235 1271 5290 serpere;
1339 5224 1400 5269 ut
1447 5213 1492 5268 si
1560 5212 1605 5266 is
1657 5211 1749 5281 qui

184 5325 489 5382 consulitur
531 5321 689 5376 dubia
737 5319 808 5374 sit
858 5317 983 5381 fide,
1036 5323 1091 5369 et
1128 5311 1369 5383 pecunia:
1413 5307 1636 5369 avidus,
1692 5313 1751 5358 ut

184 5417 362 5488 possit
420 5413 596 5484 pretio
639 5409 866 5472 mutari;
914 5408 956 5462 si
990 5403 1298 5472 iniuriosus,
1346 5398 1435 5453 hic
1460 5397 1662 5467 fugitur
1687 5408 1750 5448 ac

185 5485 508 5564 declinatur.
538 5504 639 5570 Qui
678 5516 806 5556 vero
847 5496 1199 5568 voluptarius,
1231 5493 1623 5558 intemperans,
1647 5485 1751 5540 etsi

185 5597 398 5653 alienus
421 5611 451 5649 a
477 5593 681 5656 fraude,
715 5600 891 5645 tamen
915 5601 1106 5642 avarus
1122 5594 1176 5638 et
1200 5582 1444 5651 cupidior
1472 5579 1607 5633 lucri
1634 5585 1751 5631 tur-

186 5691 295 5761 pis,
333 5688 422 5741 hic
470 5685 847 5741 contemnitur.
898 5679 1048 5747 Quod
1094 5677 1236 5732 enim
1287 5673 1556 5744 specimen
1598 5670 1753 5724 indu-

188 5779 359 5843 striae,
385 5791 544 5846 quem
584 5774 816 5829 fructum
842 5769 1044 5826 laboris
1066 5768 1227 5823 edere
1253 5772 1446 5834 potest,
1478 5775 1638 5830 quam
1667 5772 1755 5813 re-

1030 381 1119 435 DE
1155 376 1359 434 REGIS
1395 368 1710 431 PERSONA
1744 367 1830 423 ET
1871 369 2078 428 REGIO
2119 371 2533 430 MINISTERIO.

1766 485 1814 544 Α
1842 483 2020 553 cipere
2047 485 2226 540 animo
2249 501 2433 542 curam
2459 467 2527 542 ac.
2554 485 2988 552 sollicitudinem,
3013 485 3104 557 qui
3135 501 3194 542 se
3222 496 3409 559 torpo-

1765 1818 1812 1877 B

3292 373 3400 432 858

1841 574 1885 628 ri
1910 575 2116 630 dederit
2140 585 2300 647 atque
2329 579 2586 648 ignaviae?
2607 576 2756 648 (Cap.
2784 578 2897 646 1‘2.)
2924 577 3266 634 Advertimus
3301 581 3407 650 igi-

1842 674 1947 732 tur,
1973 667 2191 736 quodin
2214 669 2555 737 acquirendis
2583 669 2822 723 consiliis
2839 670 3130 738 plurimum
3152 671 3409 743 adjungat

1837 755 1963 810 vita:
2008 758 2265 825 probitas,
2297 759 2554 812 virtutum
2583 760 2933 830 praerogativa
2954 800 2968 825 ,
3020 761 3409 816 benevolentiae

1841 861 1986 912 usus,
2020 846 2344 919 frugalitatis
2390 849 2511 922 [al.,
2538 849 2837 925 facilitatis]
2869 853 3061 922 gratia.
3093 854 3225 920 Quis
3258 855 3406 908 enim

1840 939 1894 993 in
1933 953 2090 994 emno
2117 939 2316 996 fontem
2352 942 2629 1011 requirat?
2651 941 2782 1008 Quis
2811 945 2875 996 de
2905 943 3117 998 turbida
3151 959 3289 1013 aqua
3314 959 3412 1013 po-

1840 1036 1954 1082 tum
2001 1031 2181 1098 petat?
2227 1031 2409 1100 Itaque
2435 1032 2520 1085 ubi
2550 1031 2760 1084 luxuria
2793 1041 2897 1095 est,
2920 1034 3008 1086 ubi
3039 1033 3408 1103 intemperan-

1843 1121 1934 1185 tia,
1959 1122 2047 1175 ubi
2073 1122 2326 1204 vitiorum
2347 1122 2612 1185 confusio,
2639 1123 2763 1191 quis
2789 1123 2911 1176 inde
2933 1123 3032 1177 sibi
3056 1123 3256 1194 aliquid
3270 1125 3408 1178 hau-

1840 1213 2084 1267 rieudum
2106 1214 2415 1269 existimet?
2436 1215 2566 1280 Quis
2593 1229 2697 1267 non
2723 1213 2984 1282 despiciat
3005 1228 3214 1268 morum
3235 1214 3406 1268 collu—

1839 1304 2088 1359 vionem?
2109 1306 2239 1372 Quis
2265 1305 2447 1359 utilem
2472 1320 2647 1359 causa:
2674 1304 2862 1358 aliena:
2883 1305 3107 1374 judicet,
3144 1319 3301 1374 quem
3329 1307 3410 1359 iu-

1839 1395 2282 1450 utilem'suzevitte
2301 1395 2476 1450 videt?
2496 1395 2626 1462 Quis
2640 1395 2834 1449 iterum
2856 1395 3176 1464 improbum,
3195 1395 3412 1449 malivo-

1839 1484 1972 1549 lum,
1995 1485 2438 1539 contumeliosum
2463 1501 2568 1540 non
2594 1483 2793 1556 fugiat,
2821 1493 2873 1537 et
2900 1485 2965 1538 ad
2988 1483 3288 1538 nocendum
3313 1501 3412 1554 pa-

1840 1573 2054 1628 ratum?
2077 1572 2208 1640 Quis
2228 1589 2332 1627 non
2349 1588 2470 1627 eum
2495 1573 2640 1627 omni
2656 1573 2833 1627 studio
2855 1573 3123 1627 declinet?
3138 1573 3269 1639 Quis
3286 1587 3415 1626 vero

1839 1665 2084 1733 quamvis
2102 1665 2424 1719 instructum
2441 1664 2507 1718 ad
2527 1663 2735 1717 consilii
2753 1677 2931 1731 opem,
2949 1661 3218 1716 difﬁcilem
3237 1668 3414 1714 tamen

1840 1770 2059 1810 accessu
2109 1755 2341 1818 ambiat;
2384 1755 2437 1809 in
2491 1769 2597 1823 quo
2632 1755 2702 1808 sit
2733 1753 2883 1816 illud,
2927 1761 3184 1822 tanquam
3211 1752 3255 1806 si
3293 1752 3417 1820 quis

1842 1861 1994 1915 aqua:
2046 1845 2248 1900 fontetn
2296 1845 2628 1915 prteeludat?
2663 1844 2799 1910 Quid
2854 1843 2996 1898 enim
3041 1843 3259 1912 prodest
3318 1843 3417 1896 ha~

1841 1935 1970 1989 bere
2039 1935 2383 2004 sapientiam,
2460 1934 2504 1988 si
2554 1933 2852 1988 consilium
2923 1932 3120 2002 neges?
3167 1932 3225 1985 Si
3282 1946 3415 1986 cou-

1843 2023 2046 2078 sulendi
2082 2023 2408 2078 intercludas
2433 2023 2669 2092 copiam,
2703 2022 2942 2076 clausisti
2972 2021 3197 2085 fontem,
3227 2028 3282 2074 ut
3311 2035 3413 2075 nec

1843 2111 1964 2166 aliis
1993 2110 2258 2180 profluat,
2287 2127 2387 2166 nec
2428 2113 2523 2165 tibi
2555 2111 2744 2180 prosit.
2774 2110 3003 2165 Pulchre
3029 2122 3210 2165 autem
3252 2119 3307 2165 et
3349 2112 3421 2165 de

1843 2201 1934 2255 illo
1963 2202 2246 2264 convenit,
2273 2201 2365 2269 qui
2411 2201 2616 2254 habens
2654 2199 3019 2268 prudentiam,
3054 2199 3418 2254 commaculat

1843 2304 1960 2344 eam
1985 2289 2233 2342 vitiorum
2259 2288 2526 2349 sordibus,
2555 2303 2621 2342 eo
2650 2288 2795 2357 quod
2821 2303 2975 2358 aqua;
2996 2289 3202 2343 exitum
3230 2297 3418 2342 conta-

1843 2381 2030 2435 minet.
2086 2381 2392 2450 Degeneres
2440 2379 2650 2433 animos
2711 2379 2822 2432 vita
2874 2379 3078 2448 arguit.
3137 2378 3421 2445 Quomodo

1843 2475 1988 2529 enim
2015 2488 2137 2527 eum
2164 2482 2319 2540 potes
2346 2471 2590 2542 judicare
2616 2470 2840 2526 consilio
2865 2471 3219 2540 superiorem,
3254 2483 3417 2538 quem

1841 2564 2026 2618 videas
2067 2563 2380 2617 inferiorem
2413 2561 2687 2616 moribus?
2730 2562 2906 2632 Supra
2947 2576 3034 2616 me
3069 2561 3231 2616 debet
3270 2575 3412 2626 esse,

1841 2655 1930 2710 cui
1960 2669 2045 2708 me
2068 2655 2409 2709 committere
2432 2667 2590 2724 paro.
2613 2653 2694 2706 An
2725 2667 2854 2707 vero
2881 2653 3132 2708 idoneum
3159 2666 3283 2706 eum
3314 2665 3418 2720 pu-

1844 2745 1990 2810 tabo,
2017 2743 2107 2814 qui
2155 2745 2286 2799 mihi
2314 2745 2405 2799 det
2433 2742 2717 2798 consilium
2747 2743 2888 2810 quod
2929 2758 3036 2797 non
3079 2742 3171 2796 det
3207 2742 3332 2803 sibi,
3362 2749 3420 2795 et

1843 2837 1976 2891 mihi
2002 2851 2124 2891 eum
2157 2850 2352 2891 vacare
2377 2834 2616 2898 credam,
2656 2833 2748 2902 qui
2773 2832 2874 2887 sibi
2903 2847 3011 2887 non
3038 2831 3236 2886 vacet?
3260 2827 3419 2898 cujus

1843 2926 2081 2980 animum
2110 2924 2412 2994 voluptates
2437 2931 2719 2992 occupent,
2757 2921 2922 2976 libido
2949 2921 3214 2984 devincat,
3243 2919 3420 2974 avari-

1845 3017 1920 3072 tia
1964 3015 2237 3085 subjuget,
2289 3013 2554 3084 cupiditas
2598 3010 2910 3081 perturbet,
2955 3011 3167 3079 quatiat
3209 3010 3418 3064 metus?

1846 3105 2125 3173 Quomodo
2163 3104 2250 3158 hic
2279 3101 2490 3158 consilii
2527 3101 2698 3163 locus,
2727 3099 2816 3153 ubi
2847 3098 3026 3152 nullus
3049 3098 3280 3167 quietis?
3309 3098 3420 3153 Ad-

1847 3197 2126 3251 tnirandus
2165 3194 2295 3248 mihi
2342 3201 2396 3248 et
2442 3190 2816 3261 suspiciendas
2852 3189 3210 3253 consiliarius,
3255 3203 3418 3256 quem

1844 3286 2106 3356 propitius
2133 3283 2388 3338 Dominus
2419 3281 2659 3352 patribus
2681 3280 2848 3345 dedit,
2866 3278 3104 3334 offensus
3123 3278 3362 3332 abstulit.
3395 3297 3416 3330 ι

1847 3376 2001 3448 (Cap.
2021 3376 2131 3445 10.)
2150 3375 2576 3431 Prudentissimo
2596 3373 2788 3441 cuique
2800 3387 3013 3426 causam
3036 3371 3424 3426 committimus

1847 3478 2110 3532 nostram,
2142 3478 2196 3523 et
2223 3467 2291 3522 ab
2319 3481 2384 3521 eo
2408 3465 2693 3520 consilium
2726 3462 3028 3532 promptius
3055 3475 3216 3530 quam
3259 3475 3289 3512 a
3318 3472 3424 3513 ca:-

1851 3562 1979 3616 teris
2004 3561 2293 3630 poscimus.
2319 3558 2550 3613 Praestat
2575 3565 2753 3610 tamen
2780 3553 2932 3608 fidele
2957 3553 3088 3623 justi
3115 3551 3422 3613 consilium,

1847 3660 1903 3707 et
1950 3649 2332 3720 sapientissimi
2373 3649 2592 3718 ingenio
2641 3645 2950 3715 frequenter
2997 3643 3418 3713 praeponderat:

1851 3741 2074 3796 utiliora’
2112 3741 2258 3794 enim
2303 3737 2525 3792 vulnera
2567 3737 2750 3798 amici,
2798 3748 2958 3802 quam
2985 3733 3210 3787 aliorum
3240 3732 3421 3786 oscula

1851 3830 2030 3901 (Prov.
2060 3829 2251 3900 xxvtt).
2279 3828 2481 3883 Deinde
2505 3827 2630 3896 quia
2654 3827 2780 3894 justi
2802 3825 3065 3894 judicium
3086 3831 3188 3887 est,
3216 3824 3425 3892 sapien-
3452 3851 3464 3861 -

1850 3921 1920 3975 tis
1948 3927 2127 3973 autem
2157 3923 2529 3987 argumentum
2549 3955 2564 3979 ,
2598 3916 2649 3968 in
2692 3914 2781 3968 illo
2807 3928 3032 3967 censura
3076 3912 3425 3981 disceptatio-

1850 4011 1952 4072 nis,
1983 4010 2038 4064 in
2076 4010 2178 4062 hoc
2199 4007 2467 4061 calliditas
2496 4003 2844 4058 inventionis.
2879 4001 3028 4066 Quod
3057 4001 3102 4055 si
3136 4009 3424 4068 utrumque

1849 4110 2173 4163 connectas,
2206 4099 2310 4152 erit
2351 4111 2541 4166 magna
2578 4092 2925 4148 consiliorum
2956 4090 3273 4153 salubritas,
3301 4104 3425 4158 qua:

1849 4196 1918 4251 ab
1966 4190 2234 4247 universis
2284 4193 2562 4259 spectatur
2605 4181 2963 4238 admiratione
3006 4179 3318 4250 sapientiae,
3366 4189 3424 4234 et

1849 4299 2035 4342 amore
2077 4281 2424 4354 justitiaazut
2459 4290 2650 4331 omnes
2694 4278 2936 4342 quaerant
2980 4268 3168 4324 audire
3213 4269 3427 4337 sapien-

1851 4380 1981 4434 tiam
2015 4377 2132 4446 ejus
2155 4374 2278 4435 viri,
2312 4372 2366 4426 in
2410 4383 2518 4440 quo
2545 4367 2824 4436 utriusque
2852 4363 3069 4418 virtutis
3106 4360 3296 4430 copula
3324 4361 3418 4414 sit.

2094 4466 2110 4533 )
2156 4465 2279 4520 Ideo
2328 4459 2614 4533 prudentia
2658 4467 2713 4512 et
2750 4455 2958 4526 justitia
3006 4454 3062 4510 in
3105 4465 3429 4521 unoquoque

1853 4560 2209 4622 desideratur,
2247 4563 2302 4611 et
2327 4569 2390 4609 ea
2421 4557 2766 4630 exspectatur
2790 4563 2822 4602 a
2849 4546 3126 4618 pluribus;
3157 4553 3214 4597 ut
3241 4545 3292 4598 iu
3320 4559 3427 4614 quo

1851 4668 1918 4707 ea
1953 4652 2082 4714 sint,
2109 4648 2182 4703 illi
2225 4646 2500 4702 deferatur
2530 4640 2683 4705 fides,
2711 4638 2855 4709 quod
2889 4638 3062 4708 possit
3086 4634 3216 4690 utile
3245 4632 3426 4688 consi-

1851 4745 1980 4800 lium
2010 4758 2075 4797 ac
2099 4739 2252 4796 fidele
2277 4734 2608 4793 desideranti
2635 4733 2784 4788 dare.
2808 4728 2942 4796 Quis
2960 4727 3106 4783 enim
3129 4725 3180 4780 ei
3201 4739 3260 4780 se
3281 4739 3430 4778 com-

1852 4838 2054 4900 mittat,
2074 4848 2235 4904 quem
2255 4845 2362 4885 non
2390 4836 2539 4898 putet
2561 4825 2682 4896 plus
2706 4835 2898 4892 sapere
2927 4833 3088 4888 quam
3112 4816 3226 4885 ipse
3254 4813 3429 4881 sapiat

1851 4929 1942 4999 qui
1973 4927 2167 4999 quaerit
2197 4921 2524 4979 consilium?
2545 4917 2776 4972 Necesse
2796 4923 2880 4970 est
2906 4912 3069 4982 igitur
3091 4916 3149 4963 ut
3173 4914 3429 4976 praestan-

1862 4993 1971 5077 tior
1991 4993 2071 5074 -sit
2098 5034 2128 5072 a
2159 5031 2266 5086 quo
2291 5013 2570 5070 consilium
2609 5015 2852 5078 petatur,
2888 5017 3050 5073 quam
3093 4999 3181 5053 ille
3223 5005 3306 5050 est
3335 4993 3427 5062 qui

1859 5115 2013 5185 petit.
2045 5111 2182 5178 Quid
2223 5108 2368 5163 enim
2407 5101 2656 5160 consulas
2689 5096 2983 5156 hominem,
3014 5105 3171 5160 quem
3201 5100 3306 5140 non
3335 5099 3428 5136 ar-

1860 5176 2081 5264 bitreris
2103 5216 2260 5271 posse
2283 5198 2474 5254 melius
2502 5191 2704 5262 aliquid
2735 5187 2973 5256 reperire
3012 5195 3173 5251 quam
3204 5179 3318 5246 ipse
3344 5176 3427 5227 in-

1857 5269 2269 5363 telligis?_Quod
2297 5291 2342 5344 si
2374 5303 2498 5344 eum
2531 5281 2822 5343 inveneris,
2846 5278 2935 5346 qui
2965 5272 3252 5328 vivacitate
3278 5269 3428 5336 inge-

1856 5387 1954 5450 nii,
2011 5383 2206 5438 mentis
2259 5381 2444 5448 vigore
2488 5384 2652 5442 atque
2700 5368 3025 5423 auctoritate
3072 5367 3324 5431 pratstet,
3372 5365 3427 5409 et

1857 5476 2080 5533 accedat
2105 5489 2190 5538 eo,
2222 5480 2281 5524 ut
2305 5465 2548 5536 exemplo
2575 5473 2629 5517 et
2655 5477 2754 5516 usu
2784 5460 3022 5529 paratior
3049 5454 3150 5517 sit,
3197 5462 3427 5520 pratsen-

1854 5569 1930 5623 tia
1975 5567 2149 5622 solvat
2179 5537 2479 5631 pericula,
2536 5551 2833 5623 prospiciat
2882 5548 3092 5606 futura,
3148 5537 3428 5595 denuntiet
3476 5575 3480 5580 η

1856 5628 2224 5716 imminentia,
2243 5655 2622 5720 argumentum
2651 5640 2934 5711 expediat,
2962 5631 3258 5691 remedium
3289 5628 3427 5684 ferat

1857 5753 1912 5807 in
1950 5759 2208 5816 tempore,
2235 5719 2454 5811 paratus
2481 5737 2551 5792 sit
2583 5750 2690 5790 non
2713 5732 2887 5787 solum
2920 5727 2985 5782 ad
3016 5719 3424 5783 consulendum,
