4006 6338
595 347 703 405 839

1413 337 1746 397 HINCMARI
1782 333 1997 393 RHEM.
2038 328 2352 388 ARCllIEP.
2397 326 2762 387 OPUSCULA
2799 324 3029 383 VARIA.

3727 326 3820 385 840

593 466 690 520 sed
711 471 874 520 etiam
908 461 975 517 ad
1007 456 1459 522 subveniendum;
1491 455 1618 510 huic
1654 454 1726 509 ita
1757 451 1891 507 ﬁdes
1917 449 2167 513 habetur,
2197 450 2249 511 Λ
2272 453 2428 518 gunt.
2463 443 2622 500 Tales
2654 443 2993 499 Christianos
3023 454 3179 511 reges
3207 439 3435 495 dicimus
3459 454 3581 496 esse
3620 438 3821 511 felices,

594 566 657 610 ut
700 555 848 611 dicat
890 551 982 623 qui
1009 549 1294 606 consilium
1325 547 1494 616 petit:
1524 544 1638 600 Etsi
1663 544 1804 598 mala
1834 544 1960 598 mihi
1993 557 2171 595 evene-

596 645 703 699 rint
723 660 817 713 per
835 641 1007 706 illum,
1033 640 1262 694 sustineo
1293 635 1499 708 (Eccli.
1552 651 1688 701 χχιι,
1710 635 1823 702 51).
1856 629 2172 702 llujusmodi

596 732 762 802 igitur
783 733 903 786 viro
924 729 1154 785 salutem
1180 734 1423 782 nostram
1459 734 1515 781 et
1547 722 2005 780 existimationem
2031 734 2174 774 com-

594 824 879 885 mittimus,
907 822 998 891 qui
1030 821 1132 885 sit,
1160 829 1221 874 ut
1244 832 1411 889 supra
1434 817 1669 872 diximus
1689 855 1704 881 ,
1735 814 1914 883 justus
1954 819 2009 867 et
2045 825 2172 880 pru-

595 915 746 968 dens.
769 912 922 967 Facit
942 908 1334 981 enimjustitia,
1360 916 1419 962 ut
1441 905 1620 961 nullus
1640 905 1714 959 sit
1734 901 1939 957 fraudis
1964 907 2168 955 metus:

595 1003 728 1058 facit
757 1003 920 1058 etiam
946 1001 1257 1073 prudentia,
1299 1007 1358 1054 ut
1393 998 1538 1053 nulla
1568 997 1772 1053 erroris
1811 993 2049 1064 suspicio
2079 993 2170 1048 sit.

591 1098 900 1168 Promptius
928 1106 1107 1151 tamen
1135 1109 1234 1150 nos
1250 1093 1397 1163 justo
1421 1093 1539 1149 viro
1565 1107 1728 1161 quam
1756 1088 2005 1161 prudenti
2027 1101 2175 1142 com-

593 1191 877 1245 mittimus.
911 1188 1047 1259 (Lib.
1079 1204 1121 1253 ι,
1156 1204 1203 1241 c.
1236 1184 1349 1257 50.)
1385 1184 1677 1240 Pulchrum
1720 1192 1806 1237 est
1833 1182 1998 1252 igitur
2035 1180 2175 1235 bene

592 1279 750 1344 velle,
776 1288 833 1333 et
855 1293 921 1335 eo
948 1277 1138 1347 largiri
1164 1274 1394 1332 consilio
1423 1282 1481 1328 ut
1502 1274 1708 1344 prosis,
1738 1287 1846 1326 non
1875 1279 1935 1326 ut
1955 1283 2171 1325 noceas.

592 1369 731 1425 Nam
778 1370 824 1424 si
872 1368 1152 1423 luxurioso
1181 1366 1247 1420 ad
1286 1365 1513 1419 luxuriae
1554 1361 1897 1427 elfusionem,
1930 1359 2176 1415 adultero

596 1461 665 1515 ad
710 1461 1016 1516 mercedem
1064 1458 1316 1514 adulterii
1359 1456 1692 1527 largiendum
1737 1464 1923 1525 putes,
1959 1468 2062 1507 non
2093 1459 2176 1508 est

593 1555 949 1611 beneﬁcentia
980 1555 1106 1619 ista,
1136 1553 1227 1608 ubi
1259 1551 1401 1606 milia
1428 1559 1510 1605 est
1538 1550 1930 1607 benevolentia.
1954 1546 2177 1603 Ollicere

591 1646 736 1700 enim
773 1644 917 1700 istud
941 1653 1058 1710 est,
1101 1658 1207 1697 non
1236 1643 1493 1712 prodesse
1526 1640 1706 1695 alteri.
1750 1638 1809 1693 Si
1836 1637 2085 1710 largiar-is
2121 1636 2175 1691 ei

591 1735 685 1805 qui
713 1736 986 1806 conspiret
1011 1734 1272 1789 adversus
1295 1732 1525 1801 patriam
1544 1771 1560 1796 ,
1588 1732 1681 1800 qui
1721 1744 2055 1800 congregare
2081 1744 2176 1783 cu-

592 1792 704 1898 piat
732 1836 824 1882 tuo
845 1792 1080 1895 ⁵ειιιιιιιιιι
1114 1792 1357 1895 perditos
1396 1822 1488 1892 qui
1516 1792 2174 1892 inipugnentvEcvclesiam,
2204 1792 2254 1855 Β

594 1933 702 1973 non
740 1924 823 1971 est
852 1918 968 1972 haec
992 1914 1290 1986 probabilis
1318 1912 1638 1977 liberalitas.
1692 1911 1751 1966 Si
1786 1908 2009 1979 adjuves
2053 1923 2177 1964 eum

591 2010 688 2080 qui
713 2010 977 2065 adversus
1016 2009 1232 2063 viduam
1263 2014 1319 2062 et
1357 2005 1588 2076 pupillos
1616 2004 1768 2076 gravi
1799 2003 2043 2060 decernit
2062 2001 2181 2071 jur-

592 2100 872 2173 gio,autvi
902 2098 1080 2168 aliqua
1096 2097 1463 2167 possessiones
1487 2111 1673 2151 eorum
1696 2095 1906 2165 eripere
1930 2101 2174 2157 conatur,

595 2205 703 2245 non
731 2190 990 2259 probatur
1016 2188 1257 2259 largitas,
1287 2186 1332 2242 si
1364 2185 1505 2255 quod
1550 2185 1705 2240 alteri
1738 2184 1984 2255 largitur,
2021 2182 2177 2238 alteri

593 2283 715 2353 quis
738 2290 1074 2352 extorqueat,
1109 2282 1154 2336 si
1186 2280 1381 2350 injuste
1407 2287 1636 2351 quaerat,
1679 2287 1735 2334 et
1757 2278 1905 2349 juste
1961 2276 2178 2343 dispen-

590 2375 821 2430 sandum
848 2382 1031 2445 putet:
1050 2373 1155 2428 nisi
1181 2373 1342 2437 forte,
1369 2382 1430 2426 ut
1460 2372 1549 2427 ille
1570 2371 1833 2426 Zacbaeus
1857 2368 2010 2439 (Luc.
2035 2366 2174 2437 χιιι),

593 2467 791 2524 reddas
831 2468 983 2539 prius
1027 2468 1075 2522 ei
1119 2465 1478 2536 quadruplum
1522 2478 1684 2534 quem
1730 2460 2087 2524 fraudaveris,
2121 2467 2179 2514 et

591 2556 913 2629 gentilitatis
942 2556 1073 2612 vitia
1099 2555 1222 2611 ﬁdei
1251 2554 1449 2616 studio,
1479 2561 1534 2609 et
1553 2552 1826 2608 credentis
1860 2549 2178 2621 operatione

590 2663 929 2720 compenses.
955 2649 1387 2704 Fundamentum
1434 2646 1598 2718 igitur
1639 2646 1836 2701 habeat
1883 2643 2176 2699 liberalitas

591 2747 707 2794 tua.
737 2740 853 2795 Hoc
881 2740 1114 2809 primum
1157 2738 1441 2808 quaeritur,
1474 2746 1534 2792 ut
1575 2752 1698 2792 cum
1739 2736 1844 2790 ﬁde
1881 2733 2132 2789 conferas
2157 2772 2173 2797 ,

593 2827 837 2884 fraudem
864 2844 972 2885 non
1002 2813 1170 2884 facias
1190 2828 1407 2883 oblatis.
1437 2848 1456 2880 ι
1487 2826 1750 2882 Similiter
1769 2835 1826 2883 et
1851 2826 1907 2880 in
1934 2822 2176 2879 consiliis

593 2932 756 2989 agere
805 2918 963 2973 debet
1003 2917 1372 2983 consiliarius,
1425 2917 1549 2987 quia
1604 2925 1688 2972 est
1741 2924 1798 2970 et
1846 2915 1901 2969 in
1950 2912 2176 2970 consilio

594 3010 829 3064 ntaxima
858 3009 1175 3064 liberalitas.
1226 3046 1245 3055 ι

594 3162 725 3219 Car.
757 3162 823 3219 ν.
860 3192 931 3202 -
971 3161 1121 3217 Nihil
1149 3162 1356 3232 felicius
1400 3178 1557 3233 quam
1599 3161 1646 3216 si
1685 3169 1895 3232 regnent
1920 3159 2173 3230 regnandi
2201 3145 2247 3209 C

1101 3235 1374 3287 scientiam
1411 3232 1677 3286 habentes.

664 3363 812 3420 Nihil
860 3363 1070 3421 felicius
1096 3379 1219 3421 esse
1248 3364 1409 3420 rebus
1437 3364 1692 3420 humanis
1726 3379 1889 3435 quam
1925 3377 2173 3434 regnare,

593 3455 889 3511 miserante
916 3456 1050 3521 Deo,
1068 3455 1350 3510 scientiam
1371 3453 1629 3524 regnandi
1658 3454 1935 3517 habentes,
1953 3468 2022 3510 ex
2041 3453 2178 3510 libro

593 3547 885 3618 Augustini
907 3547 974 3601 de
1002 3545 1234 3600 Civitate
1263 3545 1356 3600 Dei
1384 3544 1498 3615 (lib.
1531 3560 1584 3611 v,
1608 3561 1655 3599 c.
1685 3544 1774 3616 24)
1799 3562 1812 3598 :

673 3654 694 3689 ι
730 3636 832 3702 Qui
859 3651 988 3691 vera
1010 3635 1213 3705 pietate
1234 3634 1445 3705 prtediti
1476 3635 1612 3690 bene
1634 3635 1844 3700 vivunt,
1875 3634 1920 3690 si
1945 3634 2178 3689 habeant

596 3729 879 3784 scientiam
916 3726 1135 3798 regendi
1166 3726 1413 3797 populos,
1457 3726 1592 3780 nihil
1640 3725 1848 3780 felicius
1887 3724 2051 3780 rebus
2078 3724 2178 3779 hu-

597 3819 806 3883 manis,
837 3834 1001 3889 quam
1045 3818 1089 3873 si
1119 3818 1228 3874 Deo
1251 3817 1543 3872 miserante
1575 3818 1808 3872 habeant
1831 3823 2174 3886 potestatem.

597 3909 706 3966 Nos
733 3910 1071 3967 Christianos
1114 3926 1267 3982 reges
1307 3911 1426 3966 ideo
1464 3910 1649 3965 felices
1687 3910 1937 3976 dicimus,
1962 3910 2005 3964 si
2033 3909 2178 3978 juste

597 4012 849 4071 regnant,
892 4004 939 4059 si
966 4004 1107 4058 inter
1130 4002 1343 4073 linguas
1369 4002 1670 4057 sublimiter
1694 4001 2095 4067 honorantium,
2124 4009 2178 4057 et

596 4096 854 4165 obsequia
887 4096 1048 4151 nimis
1085 4095 1360 4149 humiliter
1390 4093 1739 4149 salutantium
1764 4109 1871 4149 non
1905 4091 2176 4148 extolluns

596 4197 706 4252 tur,
739 4187 831 4243 sed
862 4201 920 4241 se
950 4186 1195 4242 homines
1227 4200 1349 4240 esse
1387 4184 1784 4245 meminerunt;
1827 4182 1873 4237 si
1900 4196 2052 4236 suam
2081 4195 2177 4252 po-

594 4283 850 4332 testatem
879 4277 946 4330 ad
976 4275 1070 4329 Dei
1110 4274 1315 4329 cultum
1355 4274 1592 4328 maxime
1625 4272 1959 4329 dilatandum
2003 4272 2173 4342 maje-

595 4368 726 4423 stati
747 4366 866 4436 ejus
887 4365 1143 4421 famulam
1167 4364 1404 4432 faciunt;
1429 4364 1475 4420 si
1498 4365 1667 4419 Deum
1691 4364 1903 4428 timent,
1925 4362 2172 4433 diligunt,

594 4461 801 4529 colunt,
828 4461 875 4517 si
901 4460 1024 4530 plus
1059 4467 1246 4515 amant
1282 4458 1415 4515 illud
1459 4474 1687 4529 regnum
1715 4458 1809 4514 ubi
1843 4473 1951 4513 non
1982 4456 2175 4511 timent
2196 4499 2251 4560 Β

598 4555 801 4610 habere
840 4562 1151 4620 consortes;
1183 4553 1229 4609 si
1270 4553 1477 4627 tardius
1500 4552 1802 4618 vindicant,
1833 4549 1991 4605 facile
2024 4548 2174 4620 igno-

597 4652 784 4712 scunt;
803 4645 849 4701 si
868 4646 1113 4700 eamdem
1138 4646 1430 4701 vindictam
1452 4660 1552 4716 pro
1577 4644 1901 4700 necessitate
1923 4640 2173 4713 regendas

596 4738 917 4809 tuendasque
958 4737 1286 4808 reipublicae,
1318 4753 1423 4793 non
1453 4752 1553 4807 pro
1587 4736 1898 4792 saturandis
1933 4732 2172 4790 inimici-

594 4828 798 4885 tiarum
837 4828 978 4884 odiis
1012 4837 1275 4895 exerunt;
1322 4829 1370 4884 si
1406 4829 1654 4885 eamdem
1687 4827 1923 4893 veniam,
1962 4840 2070 4881 non
2104 4823 2174 4880 ad

514 4970 517 4973 .
597 4920 974 4990 impunitatem
1012 4920 1335 4991 iniquitatis,
1383 4920 1478 4976 sed
1516 4919 1586 4974 ad
1627 4932 1777 4989 spem
1819 4914 2174 4973 correctionis

596 5009 908 5080 indulgent;
937 5009 1004 5075 si,
1035 5010 1180 5079 quod
1218 5023 1409 5078 aspere
1446 5017 1712 5080 coguntur
1738 5007 2055 5078 plerumque
2080 5004 2175 5060 de-

596 5110 838 5167 cernere,
861 5099 1247 5156 misericordiae
1276 5098 1497 5154 lenitate
1522 5106 1578 5154 et
1604 5097 1988 5154 beneﬁciorum
2011 5094 2176 5166 largi-

597 5204 711 5252 tate
730 5204 1113 5267 compensant;
1138 5196 1183 5251 si
1204 5195 1418 5251 luxuria
1448 5203 1600 5251 tanto
1619 5195 1700 5250 eis
1727 5203 1812 5251 est
1836 5193 2169 5265 castigatior,

596 5296 800 5357 quanto
825 5295 1006 5359 posset
1027 5301 1148 5343 esse
1182 5285 1441 5354 liberior;
1468 5287 1514 5342 si
1542 5285 1751 5341 malunt
1782 5285 2170 5356 cupiditatibus

592 5378 778 5449 pravis
800 5418 816 5445 ,
853 5392 1016 5448 quam
1057 5377 1383 5448 quibuslibet
1411 5378 1660 5448 gentibus
1703 5378 1970 5449 imperare
1998 5394 2013 5431 :
2038 5388 2095 5432 et
2123 5378 2170 5433 si

596 5466 713 5524 haec
737 5469 919 5525 omnia
946 5468 1171 5537 faciunt,
1198 5484 1307 5525 non
1333 5479 1555 5540 propter
1579 5470 1828 5524 ardorem
1860 5468 2037 5525 inanis
2057 5469 2171 5540 glo-

596 5558 715 5625 τίω,
745 5559 842 5615 sed
884 5568 1102 5631 propter
1145 5560 1466 5615 charitatem
1516 5558 1792 5616 felicitatis
1837 5568 2093 5614 aeternae:
2125 5558 2170 5614 si

595 5662 699 5720 pro
726 5650 838 5707 suis
867 5652 1123 5721 peccatis,
1154 5651 1476 5707 humilitatis
1502 5660 1559 5707 et
1584 5650 1950 5707 miserationis
1971 5656 2027 5705 et
2046 5664 2172 5704 ora-

600 5742 760 5799 tionis
788 5745 1112 5802 sacriﬁcium
1139 5745 1249 5805 Deo
1280 5758 1378 5802 suo
1406 5759 1534 5801 vero
1561 5744 1844 5802 immolare
1865 5756 1973 5799 non
2002 5739 2174 5812 negli-

2272 539 2486 593 interim
2513 552 2640 607 spe,
2685 543 2870 606 postea
2899 548 2960 589 re
2990 534 3105 603 ipsa
3133 531 3420 602 petituros,
3458 545 3581 587 cum
3622 532 3672 585 id
3694 535 3826 603 quod

2271 637 2648 697 exspectamus
2670 623 2966 680 advenerit.
3002 641 3021 675 ι

2272 739 2404 797 Car.
2439 739 2523 794 Vl.
2552 767 2622 778 —
2652 734 2805 803 Quod
2832 734 2959 789 utile
2991 734 3060 788 sit
3094 734 3253 788 bonos
3292 749 3434 805 reges
3468 733 3563 787 diu
3597 743 3646 789 et
3691 731 3831 804 longe

2826 805 3030 876 lateque
3053 821 3290 875 regnare.

2344 921 2496 989 Quod
2526 920 2657 976 utile
2684 919 2755 974 sit
2780 918 2864 973 his
2893 917 2985 986 qui
3016 923 3266 988 regnant,
3293 923 3350 971 et
3369 916 3567 987 quibus
3591 927 3832 989 regnant,

2273 1014 2320 1070 si
2349 1014 2470 1068 boui
2498 1013 2628 1078 sint,
2665 1012 2755 1067 diu
2798 1010 2956 1081 longe
2984 1008 3198 1079 lateque
3219 1023 3463 1080 regnare,
3496 1009 3637 1065 idem
3665 1011 3718 1065 in
3744 1025 3839 1067 eo-

2273 1104 2395 1159 dem
2446 1103 2584 1157 libro
2629 1103 2819 1156 beatus
2866 1100 3200 1170 Augustinus
3237 1099 3605 1165 demonstrat,
3661 1100 3844 1157 dicens

2274 1195 2387 1267 (lib.
2422 1211 2497 1259 ιγ,
2521 1211 2568 1247 c.
2591 1193 2681 1264 2):
2708 1212 2725 1244 ι
2756 1191 2812 1246 Si
2836 1207 2996 1246 verus
3024 1190 3165 1269 Deus
3190 1189 3423 1257 colatur,
3450 1190 3638 1260 eisque
3656 1192 3840 1254 sacris,

2272 1285 2580 1349 veracibus,
2612 1292 2666 1337 et
2706 1282 2865 1338 bonis
2911 1281 3150 1335 moribus
3190 1280 3480 1343 serviatur,
3523 1281 3655 1336 utile
3679 1290 3845 1336 estut

2273 1375 2400 1430 boni
2430 1375 2588 1444 longe
2618 1373 2832 1443 lateque
2859 1373 2949 1427 diu
2974 1380 3231 1442 regnent;
3257 1384 3435 1441 neque
3457 1370 3561 1426 hoc
3587 1379 3698 1425 tam
3719 1373 3846 1441 ipsis

2274 1480 2437 1536 quam
2474 1463 2579 1519 illis
2626 1464 2758 1519 utile
2786 1471 2871 1518 est
2909 1461 3103 1533 quibus
3142 1472 3389 1534 regnant.
3420 1461 3556 1516 Nam
3584 1471 3844 1533 quantum

2275 1557 2344 1610 ad
2378 1557 2523 1626 ipsos
2548 1554 2820 1624 pertinet,
2849 1552 3023 1622 pietas
3071 1561 3129 1607 et
3167 1552 3411 1622 probitas
3458 1567 3683 1616 eorum,
3732 1569 3847 1623 qua

2274 1660 2468 1716 magna
2500 1643 2594 1698 Dei
2623 1643 2761 1698 dona
2795 1650 2941 1707 sunt,
2972 1640 3167 1696 sufﬁcit
3191 1642 3272 1698 eis
3299 1642 3368 1697 ad
3397 1658 3582 1698 veram
3614 1642 3847 1699 felicita-

2276 1744 2407 1802 tem,
2434 1752 2540 1806 qua
2580 1744 2636 1789 et
2681 1735 2734 1788 in
2763 1734 2867 1789 ista
2895 1734 3002 1787 vita
3028 1732 3167 1788 bene
3191 1743 3404 1804 agatur,
3430 1741 3486 1788 et
3513 1744 3699 1805 postea
3730 1750 3852 1804 per-

2280 1827 2509 1895 cipiatur
2530 1832 2753 1879 aeterna.
2782 1823 2841 1877 In
2868 1824 2971 1877 hac
3000 1837 3129 1894 ergo
3155 1832 3299 1879 terra
3327 1839 3551 1895 regnum
3586 1824 3852 1879 bonorum

2279 1930 2388 1971 non
2415 1924 2523 1969 tam
2551 1914 2656 1968 illis
2684 1922 2995 1984 prtestatur,
3032 1928 3197 1983 quam
3227 1913 3388 1969 rebus
3419 1915 3711 1970 humanis:
3739 1931 3853 1969 ma-

2278 2004 2451 2060 lorum
2482 2020 2611 2062 vero
2644 2020 2871 2076 regnum
2902 2005 3075 2075 magis
3123 2006 3479 2075 regnantibus
3521 2015 3679 2061 uocet
3701 2046 3719 2072 ,
3760 2007 3854 2076 qui

2277 2111 2404 2151 suos
2443 2097 2653 2151 animos
2677 2105 2893 2150 vastant
2918 2096 3185 2151 scelerum
3225 2096 3434 2167 majore
3474 2097 3727 2163 licentia;
3772 2099 3856 2154 his

2279 2198 2478 2254 autem,
2518 2188 2609 2259 qui
2639 2190 2719 2244 eis
2744 2189 3029 2245 serviendo
3050 2190 3374 2254 subduntur,
3410 2205 3513 2245 non
3554 2200 3718 2245 nocet
3754 2192 3853 2247 nisi

2278 2280 2536 2349 iniquitas
2565 2279 2807 2350 prOpria.
2837 2277 2970 2333 Nam
2992 2279 3156 2348 justis
3200 2280 3461 2351 quidquid
3493 2279 3761 2335 malorum
3788 2284 3853 2336 ab

2277 2367 2475 2442 iniquis
2505 2372 2737 2427 dominis
2765 2372 3054 2442 irrogatur,
3103 2386 3212 2426 non
3251 2380 3337 2427 est
3381 2386 3543 2442 poena
3588 2372 3855 2438 criminis,

2277 2462 2373 2516 sed
2394 2463 2610 2516 virtutis
2630 2476 2877 2516 examen.
2907 2461 3139 2517 Proinde
3160 2464 3337 2518 bonus
3358 2465 3522 2518 etiam
3550 2464 3597 2519 si
3628 2467 3854 2530 serviat,

2276 2552 2415 2608 liber
2440 2562 2524 2608 est
2551 2571 2564 2606 :
2595 2552 2768 2607 malus
2793 2562 2973 2608 autem
3016 2554 3227 2609 etiamsi
3256 2563 3472 2626 regnet,
3508 2570 3697 2611 servus
3728 2565 3850 2621 est;

2276 2661 2378 2702 nec
2406 2647 2566 2702 unius
2602 2645 2858 2709 hominis,
2885 2646 3003 2711 sed,
3028 2646 3171 2716 quod
3200 2653 3285 2701 est
3310 2647 3555 2716 gravius,
3588 2648 3856 2702 totdomi-

2277 2755 2471 2794 uorum
2506 2748 2636 2809 quot
2678 2739 2951 2794 vitiorum.
2993 2739 3071 2794 De
3115 2741 3311 2809 quibus
3337 2739 3484 2797 vitiis
3509 2756 3631 2795 cum
3664 2752 3855 2809 ageret

2278 2829 2558 2899 Scriptura
2588 2832 2768 2887 divina
2794 2848 2807 2886 :
2838 2831 2883 2885 Α
2913 2848 3015 2903 quo
3044 2835 3181 2887 enim
3207 2834 3323 2903 quis
3343 2873 3358 2898 ,
3390 2834 3586 2903 inquit,
3621 2835 3854 2888 devictus

2277 2933 2372 2986 est,
2390 2923 2510 2976 huic
2535 2938 2714 2976 servus
2736 2922 2978 2976 addictus
3003 2932 3076 2977 est
3103 2921 3187 2994 (II
3213 2922 3358 2977 Petr.
3383 2939 3458 2990 ιι,
3492 2924 3599 2992 19).
3626 2923 3852 2979 Remota

2278 3012 2461 3082 itaque
2487 3010 2719 3081 justitia,
2749 3012 2881 3082 quid
2921 3021 3047 3068 sunt
3087 3028 3275 3085 regna,
3322 3014 3429 3071 nisi
3456 3029 3649 3086 magna
3689 3012 3853 3071 latro-

2279 3106 2456 3160 cinia?
2485 3124 2504 3155 ι

2275 3216 2403 3273 CAP.
2437 3216 2957 3287 Vll.—Belligerare
2989 3227 3274 3290 etregnum
3304 3218 3529 3290 dilatare
3553 3217 3668 3274 sola
3699 3219 3854 3275 bona:

2710 3304 2852 3358 reges
2876 3288 3095 3359 impellit
3122 3288 3422 3345 necessitas.

2345 3402 2490 3459 Bella
2536 3417 2745 3475 gerere,
2791 3410 2847 3458 et
2874 3402 3102 3459 dilatare
3138 3417 3384 3476 regnum,
3414 3404 3584 3460 bonos
3611 3403 3739 3460 sola
3772 3421 3852 3461 ne.

2275 3498 2531 3553 cessitate
2564 3494 2748 3550 vocari
2775 3535 2790 3561 ,
2824 3510 2891 3550 ex
2934 3494 3073 3551 libro
3099 3494 3385 3567 Augustini
3414 3497 3480 3551 de
3503 3494 3748 3552 Civitate
3774 3496 3852 3552 Dei

2275 3587 2414 3659 (Lib.
2457 3603 2543 3653 tv,
2583 3604 2631 3642 c.
2666 3588 2779 3660 15.)
2831 3608 2850 3642 ι
2883 3589 3224 3660 Belligerare,
3252 3599 3309 3646 et
3340 3592 3655 3661 perdomitis
3685 3593 3853 3663 genti-

2274 3677 2376 3731 bus
2402 3677 2628 3732 dilatare
2668 3693 2915 3748 regnum,
2952 3680 3107 3735 malis
3147 3679 3362 3735 videtur
3397 3679 3647 3746 felicitas,
3704 3681 3854 3737 hbiti!

2275 3768 2588 3824 necessitas.
2622 3767 2728 3823 Sed
2758 3769 2884 3839 quia
2912 3765 3065 3840 pejus
3105 3777 3249 3825 esset
3294 3778 3357 3824 ut
3395 3768 3638 3839 injuriosi
3656 3768 3850 3840 justic—

2275 3856 2428 3912 ribus
2473 3856 2911 3923 dominarentur,
2970 3856 3092 3912 ideo
3140 3873 3246 3911 non
3303 3857 3601 3926 incongrue
3658 3857 3850 3912 dicitur

2275 3949 2439 4004 etiam
2471 3949 2573 4003 ista
2617 3946 2883 4004 felicitas.
2908 3948 3011 4003 Sed
3042 3947 3395 4019 proculdubio
3426 3947 3657 4003 felicitas
3690 3948 3848 4016 major

2276 4048 2382 4105 est,
2413 4039 2646 4094 vicinum
2678 4039 2879 4093 bonum
2914 4038 3114 4093 habere
3142 4039 3467 4093 concordem
3487 4078 3503 4104 ,
3527 4053 3701 4107 quam
3731 4038 3847 4092 vici-

2274 4145 2421 4207 num_
2459 4130 2657 4183 malum
2707 4129 2994 4200 subjugare
3024 4128 3334 4184 bellantem.
3386 4128 3525 4182 Mala
3574 4137 3701 4182 vota
3737 4136 3847 4183 sunt

2276 4232 2465 4290 optare
2510 4222 2709 4276 habere
2752 4236 2910 4291 quem
2961 4220 3160 4287 oderis,
3209 4219 3296 4276 vel
3340 4234 3505 4290 quem
3548 4221 3766 4287 timeas,
3799 4227 3846 4272 ut

2275 4313 2444 4379 possit
2463 4325 2583 4377 esse
2611 4325 2773 4380 quem
2802 4312 3008 4367 vincas.
3038 4329 3057 4361 ι

2277 4429 2405 4487 CAP.
2452 4426 2584 4485 VIII.
2626 4460 2697 4471 ——
2742 4431 2898 4502 Regis
2943 4432 3176 4487 studium
3222 4432 3278 4487 in
3322 4433 3601 4502 procinctu
3641 4432 3843 4498 belli,et

2752 4503 3043 4556 exhortatio
3070 4503 3139 4557 ad
3164 4503 3373 4558 milites.

2352 4631 2373 4665 ι
2409 4613 2663 4668 Formam
2687 4613 2858 4683 regis,
2886 4621 2942 4668 et
2969 4613 3405 4668 exhortationem
3448 4613 3697 4684 ejusdem
3729 4629 3839 4686 erga

2275 4706 2475 4762 milites
2522 4706 2577 4761 in
2623 4705 2903 4775 procinctu
2941 4706 3106 4769 belli,
3141 4707 3419 4773 Dominus,
3466 4708 3648 4777 inquit
3674 4710 3837 4780 Augu-

2275 4797 2471 4863 stinus,
2517 4812 2614 4869 per
2658 4796 2880 4867 Moysen
2911 4797 2967 4851 in
3002 4797 3421 4853 Deuteronomio
3464 4800 3744 4873 designat,
3771 4802 3838 4857 di-

2276 4906 2404 4948 cens
2425 4910 2439 4945 :
2457 4890 2581 4946 Non
2605 4891 2847 4956 declinet,
2876 4891 3070 4962 inquit,
3094 4891 3161 4944 ad
3187 4892 3479 4958 dexteram,
3509 4910 3607 4948 nec
3631 4896 3702 4948 ad
3727 4895 3839 4949 sini-

2273 4995 2439 5038 stram
2482 4982 2661 5055 (Deut.
2705 4997 2839 5045 xvu,
2879 4979 2993 5053 20).
3025 4980 3127 5048 Qui
3157 4981 3204 5036 si
3243 4981 3382 5036 bene
3424 4982 3692 5039 direxerit
3735 4984 3836 5038 vias

2274 5088 2434 5138 suas,
2466 5082 2521 5126 et
2549 5072 2724 5128 studia
2773 5085 2870 5126 sua
2917 5086 3100 5126 coram
3142 5086 3208 5127 eo
3243 5072 3336 5141 qui
3364 5084 3448 5128 est
3475 5072 3598 5129 Rex
3643 5089 3832 5145 regum,

2274 5165 2583 5222 necessario
2624 5172 2843 5234 pacatos
2888 5164 3036 5234 regni
3065 5163 3147 5218 sui
3175 5163 3314 5221 ﬁnes
3348 5167 3667 5236 possidebit.
3698 5165 3834 5222 Unde

2274 5273 2331 5318 et
2355 5263 2464 5319 illic
2492 5277 2618 5318 mox
2640 5262 2890 5318 subditur
2917 5280 2929 5316 :
2964 5258 3029 5314 Ut
3061 5260 3213 5332 longo
3242 5271 3415 5331 regnet
3441 5269 3674 5332 tempore
3698 5274 3833 5329 super

2273 5358 2464 5413 Israel.
2497 5357 2687 5422 Porro,
2715 5356 2759 5412 si
2790 5363 3114 5426 praeceptum
3148 5353 3493 5420 custodierit,
3530 5364 3594 5410 ut
3622 5370 3722 5409 non
3752 5353 3845 5406 de»

2274 5453 2439 5507 clinet
2468 5452 2533 5507 ad
2569 5452 2846 5506 dexteram
2871 5464 3043 5519 neque
3071 5449 3139 5504 ad
3163 5448 3463 5513 sinistram,
3493 5446 3669 5503 foedus
3695 5459 3829 5501 secn-

2276 5546 2453 5600 ritatis
2496 5553 2551 5599 et
2594 5544 2743 5615 pacis
2782 5542 2848 5597 de
2876 5540 3100 5596 victoria
3145 5539 3299 5594 Italus
3334 5538 3741 5610 promerebitur.
3775 5531 3827 5588 Si

2275 5644 2483 5708 exieris,
2506 5642 2680 5711 inquit
2706 5639 2985 5704 Dominus,
3010 5637 3077 5691 ad
3103 5634 3293 5691 bellum
3313 5645 3494 5688 contra
3514 5633 3677 5686 hostes
3700 5637 3837 5687 tuos,

2275 5746 2319 5790 et
2348 5736 2537 5791 videris
2565 5734 2851 5806 equitatum
2892 5741 2940 5787 et
2987 5745 3191 5795 currus,
3233 5739 3281 5785 ct
3323 5727 3576 5796 majorem
3603 5736 3745 5794 quam
3770 5726 3819 5769 ll
