4006 6338
639 358 656 362 ⁸⁷
675 360 782 372 ἀα--

173 422 287 482 8H

1061 421 1148 484 DE
1176 425 1382 484 REGIS
1419 422 1739 482 PEi’lSONA
1778 422 1868 477 ET
1905 424 2114 484 REGIO
2153 429 2566 489 MlNlSTEl‘lO.

3338 442 3450 504 842

171 535 345 591 habes
373 535 660 590 adversarii
687 511 943 592 exercitus
982 541 1398 606 multitudinem,
1429 559 1534 596 non
1562 540 1763 595 timeb‘s
1792 543 1844 603 Α
1867 553 1992 593 eum
2027 543 2255 607 veniret,
2284 544 2450 601 etiam
2492 547 2801 619 religiosum
2832 550 3055 607 militem
3084 554 3249 610 misit.
3278 557 3337 612 in
3363 559 3449 619 his

169 641 293 689 eos,
320 627 445 696 quia
471 625 725 680 Dominus
749 626 889 682 Deus
910 637 1032 683 tuus
1054 639 1223 684 tecum
1252 641 1327 684 est
1353 631 1534 700 (Deut.
1565 648 1660 698 xx,
1686 632 1760 702 1).

168 713 390 770 Bellum
410 718 704 772 necessitas
730 716 914 782 faciat,
931 727 1010 784 ut,
1037 721 1210 790 sopita
1233 721 1520 786 discordia,
1549 738 1652 793 pax
1681 739 1766 779 re-

167 805 431 874 cuperari
459 807 648 874 possit.
680 806 795 863 Hoc
833 823 964 878 ergo
1007 812 1185 866 studio
1220 813 1333 884 regi
1381 813 1622 883 praelium
1672 830 1765 884 ge-

166 895 410 949 rendum
435 904 537 951 est.
567 895 705 962 Rex,
747 901 1210 971 appropinquante
1232 903 1421 974 praelio
1439 945 1454 969 ,
1497 905 1761 960 exercitui

164 998 282 1039 suo
308 986 470 1040 verba
495 986 648 1043 Juda:
687 990 756 1044 ad
797 991 1031 1046 medium
1061 993 1329 1049 deducere
1359 996 1540 1061 debet,
1565 997 1762 1066 quibus

164 1075 252 1128 ait
292 1093 308 1130 :
335 1077 458 1130 Non
482 1081 859 1150 concupiscatis
881 1082 1070 1153 spolia,
1093 1085 1220 1156 quia
1242 1085 1431 1140 bellum
1459 1099 1640 1142 contra
1666 1106 1760 1143 nos

161 1177 252 1220 est
291 1167 378 1238 (II
407 1169 550 1226 Hac.
583 1187 732 1238 xux,
761 1173 872 1244 17).
903 1192 924 1228 ι

156 1296 306 1355 CAP.
352 1299 443 1356 1X.
486 1333 556 1344 —
597 1301 722 1360 Non
749 1322 990 1376 peccasse
1014 1326 1102 1365 eos
1125 1312 1215 1382 qui
1246 1313 1357 1369 Deo
1387 1323 1600 1370 auctore
1623 1314 1756 1370 bella

826 1391 1114 1448 gesserunt.

238 1477 362 1536 Non
386 1496 641 1552 peccasse
661 1500 758 1542 eos
777 1489 870 1558 qui
905 1489 1016 1545 Deo
1037 1501 1258 1549 auclore
1287 1495 1424 1550 bella
1448 1509 1750 1568 gesserunt,

152 1569 508 1639 Augustinus
540 1575 594 1628 in
623 1578 848 1646 praefato
880 1579 1019 1636 libro
1053 1582 1168 1652 (lib.
1212 1601 1250 1650 ι,
1280 1603 1327 1640 c.
1355 1586 1446 1657 21)
1479 1605 1494 1645 :
1530 1607 1550 1640 ς
1579 1587 1753 1656 Quas-

150 1657 294 1712 dam
317 1663 668 1732 exceptiones
693 1666 882 1722 eadem
911 1669 1025 1739 ipsa
1055 1672 1236 1728 divina
1274 1673 1403 1732 fecit
1434 1681 1747 1746 auctoritas,

149 1757 220 1801 ut
264 1748 425 1816 liceat
461 1752 734 1810 hominem
774 1757 967 1813 occidi.
1018 1759 1125 1816 Sed
1174 1762 1260 1818 his
1304 1766 1578 1836 exceptis,
1613 1784 1749 1839 quos

147 1839 335 1892 occidi
360 1838 532 1907 jubet,
578 1844 691 1900 sive
732 1846 856 1902 data
901 1847 1039 1920 lege,
1079 1852 1194 1908 sive
1227 1854 1294 1908 ad
1332 1838 1746 1930 personamipro
1773 1885 1822 1946 Β

148 1937 405 1998 tempore
433 1946 689 2004 expressa
710 1935 954 2006 jussione
987 1959 999 1994 :
1034 1956 1138 1996 non
1168 1952 1349 2000 autem
1387 1946 1502 2017 ipse
1543 1949 1742 2003 occidit

143 2021 252 2089 qui
301 2023 663 2080 ministerium
712 2029 870 2084 debet
901 2031 1142 2101 jubenti,
1183 2035 1324 2090 sicut
1359 2037 1741 2095 adminiculum

143 2113 371 2184 gladius
398 2119 570 2172 utenti
602 2127 697 2174 :et
725 2120 846 2177 ideo
877 2139 1215 2196 nequaquam
1247 2136 1438 2182 contra
1476 2129 1580 2186 hoc
1605 2146 1743 2200 pra:-

139 2214 377 2275 ceptum
424 2206 704 2276 fecerunt,
753 2228 861 2284 quo
910 2215 1112 2270 dictum
1169 2227 1252 2272 est
1293 2237 1307 2272 :
1366 2219 1494 2275 Non
1537 2223 1739 2278 occides

141 2294 357 2364 (Exod.
387 2313 490 2362 xx,
525 2297 646 2368 15),
679 2301 770 2370 qui
815 2303 929 2358 Deo
978 2315 1198 2362 auctore
1243 2307 1381 2363 bella
1427 2323 1737 2381 gesserunt,

142 2393 248 2438 aut
269 2399 556 2454 personam
579 2399 828 2465 gerentes
851 2393 1077 2462 publica:
1101 2399 1406 2466 potestatis,
1439 2403 1738 2460 secundum

137 2470 266 2540 ejus
300 2473 481 2546 leges,
518 2478 621 2533 hoc
666 2490 750 2535 est
784 2481 1100 2552 justissima:
1149 2489 1378 2545 rationis
1424 2491 1734 2562 imperium,

138 2565 450 2621 sceleratos
477 2579 652 2624 morte
678 2572 990 2640 punierunt.
1027 2576 1090 2630 Et
1110 2577 1385 2634 Abraham
1421 2597 1529 2636 non
1562 2583 1735 2638 solum

137 2669 256 2709 non
283 2665 368 2710 est
413 2658 658 2728 culpatus
698 2664 1034 2721 crudelitatis
1077 2671 1316 2733 nomine,
1349 2686 1538 2726 verum
1569 2676 1734 2729 etiam

138 2741 398 2801 laudatus
426 2748 645 2804 nomine
677 2739 926 2820 pietatis,
959 2756 1103 2826 quod
1129 2757 1298 2813 voluit
1328 2759 1497 2815 lilium
1527 2778 1734 2833 nequa-

137 2850 310 2906 quam
327 2840 610 2906 scclerate,
629 2847 721 2898 sed
747 2846 1086 2915 obedienter,
1113 2853 1363 2907 occidere
1391 2853 1543 2924 (Gen.
1571 2858 1729 2927 xxn).

137 2925 214 2981 Et
255 2930 454 2985 merito
480 2933 741 3001 qum-ritur
774 2946 957 2992 utrum
986 2954 1084 3009 pro
1109 2939 1266 3009 jussu
1297 2943 1392 2998 Dei
1424 2925 1730 3001 sit'haben-

136 3018 296 3087 dum,
329 3024 470 3090 quod
495 3023 686 3095 Jephte
715 3028 881 3085 tiliam
907 3047 1026 3101 qua:
1052 3035 1193 3104 patri
1233 3039 1473 3093 occurrit
1500 3029 1726 3107 occidit,

133 3125 267 3164 cum
296 3112 350 3167 id
392 3127 453 3169 se
503 3117 739 3172 vovisset
781 3121 1182 3179 immolatarum
1222 3126 1332 3182 Deo
1370 3129 1512 3198 quod
1551 3131 1599 3185 ei
1647 3148 1728 3187 re-

135 3206 327 3261 deunti
357 3208 424 3263 de
444 3212 631 3279 prmlio
658 3215 848 3270 victori
876 3218 1127 3286 primitus
1173 3223 1501 3279 occurrisset
1524 3225 1724 3296 (Judic.
1756 3240 1800 3302 ρ

135 3297 240 3367 ιι).
270 3297 382 3355 Nec
405 3299 631 3358 Samson
653 3304 814 3360 aliter
839 3319 1150 3376 excusatur,
1173 3312 1317 3380 quod
1341 3315 1578 3385 seipsum
1601 3331 1724 3370 cum

133 3389 389 3446 hostibus
433 3394 588 3447 ruina
619 3395 811 3452 domus
856 3403 1145 3470 oppressit,
1177 3404 1281 3458 nisi
1327 3406 1455 3474 quia
1487 3405 1724 3477 Spiritus

133 3483 374 3538 latenter
394 3485 495 3540 hoc
512 3485 771 3554 jusserat,
799 3492 889 3561 qui
912 3508 1011 3562 per
1029 3495 1179 3550 illum
1207 3498 1470 3552 miracula
1491 3497 1726 3556 faciebat

133 3569 341 3638 (Judic.
367 3577 499 3645 xvi).
529 3575 624 3631 llis
653 3578 814 3648 igitur
847 3585 1108 3652 exceptis,
1139 3601 1276 3654 quos
1319 3587 1403 3642 vel
1446 3587 1532 3643 lex
1571 3587 1721 3657 justa

132 3665 483 3734 generaliter,
511 3667 596 3722 vel
642 3668 756 3738 ipse
799 3669 922 3726 fons
962 3671 1190 3741 justitizze
1237 3676 1381 3731 Deus
1410 3679 1722 3747 specialiter

130 3755 305 3808 occidi
348 3756 526 3824 jubet,
574 3762 820 3832 quisquis
857 3763 1152 3831 hominem,
1193 3767 1278 3822 vel
1321 3769 1582 3838 seipsum,
1631 3769 1718 3826 vel

129 3845 430 3913 quemlibet
455 3849 736 3917 occiderit,
768 3852 1041 3909 homicidii
1071 3856 1299 3912 crimine
1336 3866 1568 3914 tenetur.
1607 3879 1627 3912 ι
1673 3865 1675 3868 ‘

127 3979 262 4036 CAP.
286 3981 357 4036 X.
380 4012 450 4023 —-
476 3983 629 4058 Quod
656 3989 745 4057 qui
777 3988 912 4043 bella
942 3998 1192 4058 tractant,
1227 4001 1276 4047 et
1303 3993 1398 4048 sub
1422 3996 1585 4052 armis
1609 3999 1714 4052 mi-

537 4055 711 4124 litant,
741 4057 851 4113 Deo
883 4076 986 4114 non
1013 4055 1310 4132 displicent.

199 4167 356 4235 Quod
385 4170 477 4243 qui
523 4171 663 4228 bella
711 4182 970 4242 tractant,
1007 4187 1064 4233 et
1104 4180 1206 4235 sub
1247 4181 1418 4238 armis
1453 4184 1712 4253 militant,

127 4259 240 4315 Deo
267 4276 376 4316 non
400 4263 740 4333 displiceant,
770 4266 898 4321 item
921 4270 1253 4340 Augustinus
1274 4273 1341 4328 ad
1370 4273 1711 4334 Bonifacium

124 4353 296 4424 (epist.
321 4354 448 4427 205)
481 4373 495 4410 :
532 4377 551 4409 ‹
583 4357 700 4414 Noli
724 4361 1039 4419 existimare
1066 4365 1338 4422 neminem
1360 4367 1471 4423 Deo
1497 4367 1712 4438 placere

123 4460 309 4518 posse,
338 4449 428 4518 qui
459 4449 512 4504 in
541 4452 711 4507 armis
735 4453 942 4511 bellicis
970 4456 1186 4513 militat.
1221 4459 1278 4514 ln
1314 4460 1401 4516 his
1435 4469 1556 4518 erat
1580 4477 1709 4518 san-

1861 641 2019 686 erant
2047 633 2220 698 etilli,
2250 636 2342 704 qui
2382 637 2689 707 baptizandi
2724 656 2846 695 cum
2876 644 3149 700 venissent
3181 647 3249 703 ad
3273 646 3442 706 Joan-

1862 738 1986 778 nem
2039 733 2290 781 sanctum
2341 729 2553 784 Domini
2609 748 3034 800 praecursorem,
3090 749 3145 794 et
3207 742 3444 800 amicum

1861 812 2072 882 sponsi,“
2092 813 2160 869 de
2182 829 2289 885 quo
2319 815 2432 886 ipse
2461 814 2718 878 Dominus
2753 825 2831 878 ait
2857 843 2867 881 τ
2894 826 2962 880 In
2997 831 3134 885 natis
3162 833 3445 889 mulierum

1860 917 1966 956 non
2004 908 2232 958 surrexit
2276 907 2449 976 major
2481 909 2686 966 Joanne
2715 912 2952 985 Baptista
2981 919 3195 990 (Matth.
3221 939 3297 988 χι,
3331 925 3447 996 li),

1859 1001 1916 1046 et
1939 993 2260 1062 quaesissent
2285 997 2354 1053 ab
2379 1013 2445 1054 eo
2465 1001 2592 1069 quid
2618 1001 2879 1072 facerent,
2911 1009 2990 1064 ait
3015 1012 3094 1066 eis
3118 1029 3130 1064 :
3159 993 3440 1070 Neminem

1859 1086 2244 1152 concusseritis,
2270 1087 2403 1144 nulli
2425 1076 2745 1150 calumniam
2773 1098 3018 1167 feceritis,
3049 1107 3269 1174 su/jiciat
3298 1109 3440 1163 vobis

1855 1178 2174 1245 stipendium
2207 1191 2432 1236 vestrum
2477 1184 2629 1255 (Luc.
2663 1203 2755 1252 lli,
2787 1190 2878 1261 14)
2907 1209 2921 1245 :
2953 1209 3060 1248 non
3108 1211 3204 1252 eos
3253 1200 3442 1271 utique

1855 1268 1958 1321 sub
1992 1270 2160 1325 armis
2203 1272 2439 1328 militare
2475 1279 2772 1346 prohibuit,
2805 1283 3003 1351 quibus
3031 1301 3189 1343 suum
3236 1268 3440 1363 stipen-

1855 1359 2003 1414 dium
2034 1360 2278 1418 suilicere
2317 1366 2514 1423 debere
2559 1373 2830 1442 przccepit.
2859 1375 2965 1430 Alii
3001 1391 3132 1448 ergo
3161 1396 3258 1450 pro
3283 1359 3440 1438 vobis

1854 1453 2058 1508 orando
2079 1465 2318 1526 pugnant
2345 1469 2532 1515 contra
2559 1462 2856 1520 invisibiles
2885 1466 3135 1524 inimicos
3174 1489 3186 1524 :
3217 1486 3316 1528 vos
3339 1489 3438 1544 pro

1852 1543 1935 1598 eis
1985 1548 2271 1616 pugnando
2319 1548 2576 1608 laboratis
2625 1565 2814 1610 contra
2863 1558 3102 1615 visibiles
3145 1543 3436 1619 barbaros.

1855 1628 2073 1688 Utinam
2101 1651 2204 1690 una
2235 1636 2366 1692 tides
2394 1650 2540 1695 ess:t
2584 1643 2637 1696 in
2678 1644 2964 1713 omnibus,
2996 1649 3122 1718 quia
3157 1660 3213 1706 et
3258 1654 3441 1708 minus

1852 1720 2211 1793 laboraretur,
2259 1737 2314 1782 et
2355 1728 2571 1788 facilius
2617 1735 2861 1793 diabolus
2896 1753 3019 1794 cum
3066 1741 3180 1797 suis
3227 1747 3436 1816 angelis

1850 1815 2178 1872 vinceretur.
2225 1819 2340 1876 Hoc
2372 1837 2502 1892 ergo
2552 1827 2784 1896 primum
2831 1831 3041 1902 cogita,
3086 1835 3302 1903 quando
3345 1853 3438 1891 ar-

1848 1909 2016 1983 maris
2041 1911 2109 1965 ad
2135 1927 2390 1982 pugnam,
2421 1917 2550 1985 quia
2580 1919 2751 1975 virtus
2782 1929 2871 1975 tua
2900 1923 3066 1978 etiam
3091 1925 3207 1995 ipsa
3233 1942 3431 1998 corpo-

1849 2002 1978 2060 ralis
2004 2006 2204 2060 donum
2234 2007 2330 2064 Dei
2357 2017 2457 2064 est.
2489 2011 2580 2066 Sic
2605 2013 2746 2068 enim
2779 2017 3044 2088 cogitabis
3073 2019 3139 2074 de
3167 2019 3309 2077 dono
3335 2022 3436 2079 Dei

1845 2110 1951 2150 non
1987 2095 2168 2153 facere
2198 2108 2388 2154 contra
2429 2099 2617 2157 Deum.
2665 2102 2828 2162 Fides
2866 2107 3014 2163 enim
3053 2113 3270 2179 quando
3298 2127 3428 2184 pro-

1843 2187 2098 2254 mittitur,
2128 2190 2293 2245 etiam
2323 2191 2467 2248 hosti
2497 2197 2762 2252 servanda
2791 2207 2875 2254 est
2905 2209 3097 2256 contra
3123 2217 3286 2272 quem
3314 2205 3432 2261 bel-

1842 2277 1951 2335 lum
1976 2282 2201 2350 geritur,
2231 2292 2437 2360 quanto
2463 2287 2635 2357 magis
2662 2289 2840 2345 amico
2864 2305 2964 2360 pro
2987 2307 3094 2361 quo
3125 2297 3432 2363 pugnatur?

1841 2367 2035 2425 Pacem
2067 2372 2269 2428 habere
2289 2366 2460 2430 debet
2491 2377 2759 2445 voluntas,
2794 2380 2994 2436 bellum
3021 2385 3336 2449 necessitas,
3365 2395 3426 2440 ut

1838 2459 2031 2517 liberet
2059 2461 2202 2519 Deus
2232 2480 2262 2519 a
2286 2467 2634 2535 necessitate,
2661 2479 2717 2525 et
2735 2483 3018 2528 conservet
3043 2475 3097 2529 in
3124 2491 3278 2544 pace.
3307 2476 3426 2533 Non

1837 2551 1984 2605 enim
2018 2567 2124 2622 pax
2150 2549 2412 2625 quaeritur
2453 2567 2514 2612 ut
2542 2558 2740 2616 bellum
2785 2563 3068 2628 excitetur,
3103 2567 3196 2621 sed
3224 2569 3425 2624 bellum

1836 2645 2043 2714 geritur
2066 2653 2126 2700 ut
2151 2662 2254 2715 pax
2286 2651 2621 2719 acquiratur.
2648 2652 2777 2709 Esto
2814 2669 2944 2727 ergo
2976 2657 3140 2711 etiam
3169 2657 3422 2717 bellando

1834 2737 2113 2808 paciﬁcus,
2144 2749 2204 2794 ut
2242 2755 2338 2796 eos
2369 2757 2506 2812 quos
2533 2759 2812 2816 expugnas
2836 2749 2905 2803 ad
2940 2750 3092 2819 pacis
3127 2751 3421 2808 utilitatem

1803 2835 1806 2838 ’
1833 2834 2097 2890 vincendo
2125 2836 2409 2904 perducas.
2432 2838 2585 2894 Beati
2603 2842 2742 2895 enim
2762 2843 2995 2912 paciﬁci,
3028 2843 3104 2899 ait
3133 2845 3421 2912 Dominus,

1831 2925 2080 2992 quoniam
2104 2925 2204 2992 filii
2237 2925 2335 2980 Dei
2364 2930 2686 2984 vocabuntur
2714 2931 2929 3003 (Matth.
2962 2949 3016 3000 v,
3049 2935 3124 3006 9).
3151 2935 3209 2992 Si
3235 2947 3422 2993 autem

1802 3021 1806 3024 '
1831 3030 1936 3084 pax
1981 3016 2218 3072 humana
2267 3028 2376 3074 tam
2426 3021 2599 3078 dulcis
2646 3033 2732 3079 est
2769 3040 2876 3095 pro
2919 3029 3200 3096 temporali
3244 3029 3422 3086 salute

1831 3106 2164 3174 mortalium,
2187 3120 2393 3180 quanto
2414 3121 2498 3168 est
2524 3113 2732 3171 dulcior
2753 3133 2856 3187 pax
2885 3119 3067 3174 divina
3095 3135 3193 3190 pro
3211 3132 3420 3179 aeterna

1833 3194 2006 3250 salute
2042 3197 2397 3269 angelorum?
2423 3199 2610 3272 itaque
2632 3204 2844 3260 hostem
2871 3219 3200 3278 pugnantem
3229 3226 3420 3268 neces-

1831 3287 1966 3342 sitas
1994 3289 2244 3358 perimat,
2273 3307 2382 3346 non
2410 3293 2683 3352 voluntas.
2728 3296 2882 3353 Sicut
2927 3301 3212 3358 rebellanti
3248 3313 3304 3359 et
3331 3321 3416 3360 re-

1828 3379 2044 3435 sistenti
2074 3381 2328 3438 violentia
2360 3385 2624 3452 redditur,
2659 3388 2734 3443 ita
2768 3390 2911 3446 victo
2949 3393 3033 3447 vel
3061 3402 3220 3464 capto
3249 3396 3417 3452 mise-

1827 3471 2060 3527 ricordia
2076 3473 2190 3544 jam
2215 3476 2457 3544 debetur,
2504 3481 2740 3536 maxime
2774 3481 2828 3536 in
2871 3497 2978 3552 quo
3017 3487 3167 3554 pacis
3195 3496 3413 3557 pertur-

1823 3563 1971 3619 batio
2015 3581 2122 3620 non
2163 3567 2400 3624 timetur.
2431 3589 2451 3622 ι
2484 3571 2551 3626 Ει
2578 3573 2938 3645 Hieronymus
2970 3593 2983 3629 :
3019 3595 3038 3629 ι
3072 3577 3325 3649 Legimus
3354 3581 3408 3636 in

1823 3651 1962 3708 libro
2006 3654 2450 3728 Paralipomenon
2515 3662 2654 3718 filios
2682 3663 2851 3722 lsrael
2902 3668 2970 3722 ad
3022 3683 3256 3739 pugnam
3301 3673 3414 3728 isse

1821 3753 2004 3800 mente
2030 3747 2286 3817 paciﬁca,
2318 3753 2446 3822 quia
2477 3770 2583 3809 non
2630 3772 2730 3826 pro
2772 3758 3021 3816 vincendi
3062 3760 3285 3818 libidine
3311 3766 3411 3820 sed

1820 3850 1922 3905 pro
1947 3839 2274 3907 acquirenda
2303 3858 2436 3912 pace
2457 3850 2788 3918 pugnabant.
2828 3874 2846 3900 ο

1782 3942 1784 3944 ’
1819 3945 1949 4003 CAP.
1981 3947 2071 4004 XI.
2091 3980 2162 3991 —
2184 3951 2420 4037 Militem.
2433 3959 2678 4037 potestati
2706 3962 3029 4037 obedientem
3069 3982 3173 4021 non
3190 3983 3408 4037 peccare

2331 4028 2378 4080 si
2399 4026 2662 4083 hominem
2685 4033 2910 4086 occidat.
3096 4098 3108 4105 ,

1889 4114 2110 4172 Militem
2131 4121 2384 4188 potestati
2410 4124 2511 4178 sub
2535 4139 2641 4194 qua
2669 4135 2753 4182 est
2775 4128 3117 4186 obedientem
3144 4147 3249 4188 non
3273 4148 3406 4204 pec-

1816 4221 1945 4262 care
1973 4209 2019 4263 si
2059 4209 2333 4266 hominem
2371 4213 2602 4280 occidat,
2659 4216 2995 4289 Augustinus
3045 4211 3119 4275 in.
3151 4221 3289 4279 libro
3339 4225 3409 4278 de

1816 4301 2047 4357 Civitate
2077 4301 2174 4357 Dei
2222 4302 2335 4372 (lib.
2361 4320 2473 4367 t,c.
2507 4305 2635 4378 26):
2688 4328 2707 4360 ι
2756 4309 2932 4377 Miles,
2982 4327 3106 4367 cum
3144 4314 3405 4372 obediens

1813 4395 2091 4465 potestati,
2126 4393 2225 4450 sub
2249 4410 2354 4465 qua
2375 4395 2614 4469 legitime
2642 4401 2966 4458 constitutus
2995 4413 3099 4470 est,
3123 4405 3406 4462 hominem

1814 4486 2038 4551 occidit,
2074 4485 2219 4541 nulla
2252 4487 2493 4545 civitatis
2519 4504 2629 4545 suae
2658 4491 2777 4564 lege
2815 4508 2939 4548 reus
2975 4503 3059 4550 est
3083 4496 3400 4553 homicidii:

121 4552 245 4596 ctus
276 4543 480 4610 David,
527 4545 614 4602 cui
655 4545 923 4606 Dominus
971 4559 1080 4606 tam
1133 4568 1388 4627 magnum
1433 4556 1742 4653 perhibuit:

2025 4543 2037 4551 ,
2478 4543 2486 4545 ε
2523 4543 2538 4545 π
2589 4543 2623 4545 κ-
2660 4543 2774 4564 ag-
2816 4543 2936 4548 --η
2981 4543 3058 4550 η-
3083 4543 3400 4553 _-_....,.-...

1838 4593 1924 4633 mo
1957 4577 2061 4634 nisi
2091 4577 2300 4646 fecerit,
2333 4595 2460 4636 reus
2507 4591 2593 4637 est
2626 4583 2836 4654 imperii
2863 4585 3060 4642 deserti
3093 4597 3250 4659 atque
3275 4605 3404 4645 con-

57 4654 84 4708 .-
121 4634 511 4692 testimonium.
560 4637 619 4693 In
671 4641 757 4695 his
793 4643 956 4697 etiam
1007 4645 1222 4714 plurimi
1267 4649 1410 4705 illius
1446 4653 1706 4720 temporis

113 4721 269 4792 justi.
302 4723 359 4779 ln
388 4727 472 4782 his
500 4737 619 4783 erat
645 4738 700 4784 et
723 4731 1103 4800 ille-centurio,
1130 4737 1224 4805 qui
1262 4738 1493 4795 Domino
1519 4742 1657 4797 dixit
1686 4759 1702 4797 :

1812 4669 2022 4738 tempti.
2072 4667 2226 4736 Quod
2256 4671 2302 4725 si
2331 4685 2430 4726 sua
2455 4683 2648 4742 sponte
2671 4683 2835 4744 atque
2860 4677 3186 4734 auctoritate
3239 4680 3404 4737 fecis-

1805 4767 1911 4824 set,
1943 4758 1998 4813 in
2053 4759 2258 4828 crimen
2306 4758 2459 4816 eil'usi
2511 4763 2730 4818 humani
2765 4766 3044 4835 sanguinis
3096 4769 3398 4829 incidisset.

120 4811 246 4868 Non
275 4832 390 4869 sum
418 4818 606 4889 dignus
636 4831 692 4875 ut
723 4823 882 4878 intres
905 4825 998 4879 sub
1024 4835 1217 4882 tectum
1242 4845 1438 4896 meum,
1472 4834 1564 4888 sed
1582 4844 1704 4889 tun-
1804 4811 1990 4917 Itaque
2019 4823 2161 4902 unde
2209 4849 2431 4919 punitur
2456 4851 2502 4905 si
2539 4849 2754 4907 fecisset
2781 4811 3034 4925 iul-:55“,
3061 4856 3185 4912 inde
3211 4861 3400 4928 punie-

114 4915 230 4960 tum
259 4907 346 4960 dic
375 4911 546 4977 verba,
585 4921 632 4965 et
660 4914 936 4968 sanabitur
976 4934 1108 4987 puer
1144 4934 1310 4974 meus.
1359 4921 1504 4978 Nam
1531 4935 1579 4979 et
1607 4943 1700 4997 ego

111 4997 272 5051 homo
303 5016 419 5052 sum
464 5003 559 5055 sub
601 5014 854 5073 potestate
898 5008 1211 5064 constitutus
1230 5052 1246 5076 ,
1276 5012 1470 5069 habens
1497 5018 1592 5070 sub
1620 5035 1702 5073 me

113 5087 328 5155 milites,
357 5100 407 5144 et
445 5092 562 5147 dico
603 5094 727 5148 huic
757 5112 775 5150 :
813 5095 978 5164 Vade,
1008 5110 1058 5153 et
1096 5100 1272 5168 vadit;
1302 5113 1350 5157 et
1379 5103 1472 5158 alii
1498 5124 1517 5162 :
1551 5105 1698 5174 Veni,

1808 4947 1896 4992 tur
1921 4939 2021 4992 nisi
2047 4938 2237 4994 fecerit
2253 4939 2456 5010 jussus.
2505 4941 2659 5009 Qudd
2689 4944 2734 4998 si
2763 4945 2837 4999 ita
2871 4953 2958 5002 est
2996 4947 3221 5016 jubente
3248 4966 3397 5022 rege.

1807 5039 2012 5099 quanto
2037 5031 2209 5101 magis
2223 5031 2449 5102 jubente
2472 5032 2775 5091 Creatore?
2803 5035 2906 5104 Qui
2934 5051 3065 5108 ergo
3101 5040 3253 5096 audit
3283 5057 3393 5096 non

1803 5121 1971 5178 licere
2011 5137 2071 5177 se
2107 5124 2380 5191 occidere,
2415 5123 2582 5181 faciat
2623 5127 2670 5182 si
2711 5128 2876 5198 jussit
2920 5129 3074 5198 cujus
3122 5147 3230 5187 non
3262 5133 3392 5189 licet

111 5189 160 5232 ει
195 5181 368 5246 venit;
400 5192 445 5236 et
472 5200 618 5239 servo
660 5203 772 5241 meo
799 5204 818 5243 :
843 5187 957 5244 Fac
1000 5193 1117 5257 hoc.
1147 5202 1196 5246 et
1222 5193 1372 5262 facit.
1405 5195 1482 5252 De
1506 5213 1614 5268 quo
1644 5209 1701 5256 et
1798 5212 1951 5283 jussa
1982 5221 2351 5270 contemnere.
2403 5181 2801 5273 Tantummddo
2848 5219 3030 5275 videat
3072 5230 3258 5277 utrum
3305 5224 3394 5279 di--

108 5271 374 5328 Dominus
403 5293 416 5330 :
451 5275 613 5332 Amen
638 5279 755 5333 dico
778 5282 938 5346 vobis,
970 5299 1073 5338 non
1115 5283 1286 5339 inveni
1309 5296 1510 5343 tantam
1536 5291 1698 5360 ﬁdem

106 5362 163 5414 in
196 5362 370 5418 Israel
397 5365 616 5435 (Matth.
646 5385 764 5435 vm,
795 5371 966 5444 8-10).
999 5373 1056 5427 ln
1087 5375 1174 5430 his
1204 5387 1322 5431 erat
1349 5385 1405 5431 et
1439 5379 1529 5435 ille
1555 5381 1695 5436 Cor-

106 5451 314 5517 nelius,
344 5455 412 5509 ad
443 5473 602 5525 quem
634 5461 830 5515 missus
875 5463 1098 5533 angelus
1142 5466 1316 5520 dixit:
1343 5467 1574 5536 Corneli,
1603 5491 1694 5527 ac-

105 5553 266 5611 ceptas
292 5555 412 5598 sunt
443 5541 780 5618 eleemosynte
810 5561 945 5616 tum,
975 5564 1024 5607 et
1047 5557 1309 5612 exaudita:
1341 5572 1464 5616 sunt
1491 5566 1693 5618 oratio-

105 5649 194 5686 nes
225 5643 332 5687 tua:
361 5635 498 5707 (Act.
531 5654 585 5703 χ,
619 5639 696 5709 5).
733 5640 833 5696 Ubi
861 5659 987 5698 eum
1029 5648 1332 5718 admonuit,
1363 5663 1424 5708 ut
1458 5658 1524 5712 ad
1557 5659 1689 5714 bea-

104 5732 214 5778 tum
261 5724 480 5782 Petrum
522 5731 822 5800 apostolum
870 5737 1128 5805 mitteret,
1154 5751 1208 5796 et
1250 5743 1320 5799 ab
1359 5747 1451 5803 illo
1479 5752 1691 5808 audiret

100 5831 220 5894 quin
268 5815 448 5874 facere
500 5823 764 5878 deberet:
798 5827 864 5881 ad
902 5845 1062 5898 quem
1116 5838 1458 5908 apostolum,
1508 5856 1565 5899 ut
1618 5850 1686 5904 ad

544 5916 794 5975 Pu‘not.
856 5921 958 5982 cx
975 5925 1108 5984 xv.

1803 5303 1930 5358 vina
1955 5302 2133 5372 jussio
2155 5305 2303 5361 nullo
2326 5315 2480 5362 nutet
2508 5308 2733 5364 incerto.
2766 5308 2876 5365 Nos
2921 5326 3018 5380 per
3042 5326 3231 5368 aurem
3262 5329 3394 5370 con-

1801 5392 2084 5449 scientiam
2125 5397 2497 5464 convenimus,
2549 5400 2885 5455 occultorum
2931 5403 3088 5458 nobis
3125 5402 3394 5474 judicium

1803 5503 1908 5542 non
1930 5502 2279 5558 usurpamus,
2311 5504 2471 5545 nemo
2522 5491 2626 5547 scit
2653 5493 2782 5561 quid
2829 5504 3021 5566 agatur
3062 5497 3116 5551 in
3146 5497 3389 5567 homine,

1801 5577 1906 5632 nisi
1937 5579 2162 5647 spiritus
2188 5579 2424 5634 hominis
2448 5582 2542 5651 qui
2584 5583 2639 5637 in
2670 5585 2786 5654 ipso
2815 5598 2899 5641 est
2927 5586 2978 5658 (I
3001 5585 3124 5643 Cor.
3149 5589 3233 5660 ιι).
3256 5609 3277 5642 ι

1798 5689 1928 5746 CAP.
1973 5689 2085 5744 XII.
2126 5721 2192 5730 —
2236 5690 2523 5774 Victoriam
2564 5697 2621 5774 in
2667 5697 2800 5774 bello
2837 5717 2932 5770 per
2967 5700 3386 5774 Omnipotcntem

2341 5763 2461 5819 dari
2491 5768 2576 5820 cui
2602 5763 2839 5824 voluerit.

1870 5855 2164 5912 Victoriam
2197 5858 2248 5913 in
2281 5858 2420 5916 bello
2463 5861 2532 5919 ab
2578 5861 2961 5934 Omnipotente
3008 5883 3107 5940 per
3136 5868 3386 5940 angelum

2867 5962 2947 6021 27
