4006 6338
149 455 262 514 845

1023 448 1112 504 DE
1147 447 1350 505 REGIS
1387 442 1703 502 PERSONA
1739 443 1828 498 ET
1865 443 2072 500 REGIO
2121 443 2541 500 MINISTERIO.

3297 433 3400 506 sto

147 567 312 625 sum?
338 565 474 639 (Act.
490 564 593 637 Ix.)
615 563 680 620 Et
698 570 855 634 putas
867 561 1068 616 nullam
1089 561 1196 614 vim
1217 558 1578 614 adhibendam
1591 572 1712 613 esse
1738 556 1792 618 Α
1814 553 1904 606 dia
1931 563 2026 606 est.
2050 552 2188 639 Quid
2206 562 2290 608 est
2312 561 2494 608 autem
2524 550 2914 615 misericordia,
2956 551 3058 605 nisi
3084 550 3271 604 aliena:
3305 553 3405 605 mi-

148 662 380 723 bomint,
409 666 471 712 ut
494 659 564 712 ab
589 656 793 711 erroris
815 653 1058 724 pernicie
1086 653 1366 716 liberetur,
1401 667 1522 706 cum
1549 653 1724 722 ipsum

151 749 472 812 Dominum,
511 762 619 816 quo
639 759 799 800 nemo
826 757 925 798 nos
949 741 1133 796 utilius
1167 742 1374 812 diligit,
1406 742 1727 797 certissimis

145 827 416 908 exemplis
450 838 553 892 hoc
579 837 758 892 facere
791 836 1006 900 videas,
1039 842 1095 888 et
1121 832 1397 888 Christum
1427 834 1616 889 audias
1647 834 1730 888 di-

147 937 367 985 centem
391 946 406 982 :
437 927 604 982 Nemo
626 926 762 981 venit
781 926 849 979 ad
879 942 960 980 me
976 964 990 989 ,
1015 925 1116 978 nisi
1139 941 1291 993 quem
1313 923 1475 979 Pater
1497 935 1732 980 attraxe-

145 1016 688 1090 rit.’(Joan.vt,.M.)
712 1016 864 1084 Quod
902 1014 963 1068 fit
992 1016 1046 1069 in
1084 1014 1337 1070 cordibus
1361 1015 1602 1069 omnium
1635 1016 1732 1085 qui

145 1122 215 1163 se
251 1107 319 1162 ad
362 1107 529 1161 Deum
573 1105 766 1161 divina:
809 1103 1104 1158 iracundiae
1151 1103 1345 1157 timore
1385 1111 1727 1158 convertunt.
1787 1155 1792 1160 .

142 1195 428 1267 Quidquid
448 1211 576 1251 vero
599 1196 729 1251 facit
752 1210 879 1250 vera
907 1203 964 1248 et
991 1192 1231 1264 legitima
1261 1201 1436 1248 mater
1463 1192 1727 1258 Ecclesia,

145 1287 372 1342 etiamsi
401 1301 650 1356 asperum
680 1298 1033 1353 amarumque
1057 1285 1325 1339 sentiatur
1345 1323 1362 1348 ,
1393 1299 1500 1339 non
1530 1283 1732 1337 malum

145 1391 258 1448 pro
295 1375 439 1430 malo
476 1375 689 1440 reddit,
727 1374 823 1429 sed
852 1373 1054 1428 bonum
1086 1372 1384 1443 disciplina:
1412 1373 1732 1443 expellendo

145 1468 362 1524 malum
396 1467 695 1538 iniquitatis
728 1466 950 1536 apponit
993 1464 1190 1536 (ibid.).
1227 1463 1392 1520 Vides
1435 1466 1600 1536 igitur
1626 1480 1735 1519 non

141 1572 280 1613 esse
299 1555 753 1612 considerandum
771 1554 915 1624 quod
941 1553 1170 1624 quisque
1190 1553 1421 1623 cogitur,
1451 1555 1548 1608 sed
1576 1554 1736 1624 quale

149 1652 239 1708 sit
263 1648 395 1704 illud
419 1663 529 1719 quo
552 1647 796 1718 cogitur,
824 1654 1008 1701 utrum
1031 1644 1231 1700 bonum
1260 1660 1328 1699 an
1355 1644 1557 1698 malum
1585 1663 1596 1697 :
1627 1659 1736 1700 non

145 1759 270 1816 quo
298 1743 529 1812 quisque
563 1741 736 1796 bonus
773 1753 895 1794 esse
917 1737 1089 1807 possit
1107 1738 1338 1804 invitus;
1370 1738 1466 1793 sed
1495 1739 1735 1794 timendo

147 1833 308 1905 quod
343 1847 452 1887 non
479 1830 598 1885 vult
634 1829 780 1900 pati,
804 1827 891 1883 vel
916 1828 1173 1898 relinquit
1204 1827 1588 1898 impedientem
1618 1827 1736 1882 ani-

1835 641 1990 695 seria:
2027 628 2272 710 quaedam
2315 643 2366 695 in
2401 649 2588 695 nostro
2615 641 2778 696 corde
2812 639 3129 708 compassio,
3170 655 3276 708 qua
3302 639 3406 692 uti-

1833 746 1940 800 que
1963 731 2010 784 si
2036 745 2323 798 possumus
2349 730 2635 784 subvenire
2659 729 3071 800 compellimur?
3103 729 3284 784 Servit
3309 743 3408 782 au-

1837 828 1942 874 tem
1971 825 2148 874 m'otus
2175 820 2277 874 iste
2303 820 2532 883 rationi,
2555 820 2770 888 quando
2795 821 2867 873 ita
2895 820 3167 888 przehctur
3193 820 3407 874 miseri-

1835 909 2016 964 cordia
2048 918 2107 963 ut
2139 908 2352 978 justitia
2399 918 2772 973 conservetur,
2821 911 2934 963 sive
2979 927 3102 965 cum
3145 911 3408 981 indigenti

1835 999 2109 1066 tribuitur,
2137 1001 2250 1056 sive
2277 1015 2401 1056 cum
2431 999 2726 1070 ignoscitur
2744 1001 3046 1070 poenitenti.
3087 1022 3104 1053 ›

1870 1172 1999 1228 ειν.
2020 1171 2162 1227 XIX.
2193 1202 2260 1212 —
2292 1172 2370 1227 De
2397 1174 2707 1295 discretione
2734 1175 2789 1227 in
2809 1174 3047 1228 habenda
3073 1176 3370 1229 misericor-

2611 1259 2682 1295 ta.

2611 1259 2682 1296 ια.

1908 1375 2040 1429 ltem
2093 1376 2160 1430 de
2213 1376 2542 1431 discretione
2593 1377 2648 1430 in
2702 1377 2948 1433 habenda
3003 1380 3408 1447 misericordia,

1835 1464 2153 1520 Ambrosius
2176 1465 2232 1520 in
2277 1466 2611 1536 expositione
2649 1468 2840 1535 psalmi
2880 1470 3163 1525 centesimi
3213 1471 3408 1526 decimi

1835 1555 2014 1611 octavi
2039 1573 2052 1608 :
2077 1574 2095 1606 ‹
2124 1555 2218 1610 Est
2231 1555 2377 1625 justa
2404 1556 2794 1622 misericordia,
2819 1566 2871 1613 et
2911 1567 2995 1614 est
3017 1561 3178 1614 etiam
3211 1560 3409 1629 injusta

1837 1643 2233 1698 misericordia.
2273 1645 2534 1713 Denique,
2563 1644 2618 1698 in
2643 1645 2759 1716 lege
2787 1647 3046 1717 scriptum
3081 1658 3166 1703 est
3190 1650 3256 1705 de
3285 1666 3418 1720 quo-

1837 1733 1961 1788 dam
1994 1751 2006 1787 :
2039 1730 2164 1787 Non
2213 1734 2534 1788 misereberis
2564 1733 2707 1789 illius
2735 1735 2914 1806 (Deut.
2947 1753 3062 1802 x1x,
3096 1738 3218 1809 i5);
3247 1748 3302 1794 et
3355 1741 3413 1794 in

1838 1824 1994 1880 libris
2023 1824 2334 1896 Regnorum
2363 1825 2496 1896 legis
2527 1827 2653 1896 quia
2680 1825 2810 1882 Saul
2834 1837 3121 1898 propterea
3141 1831 3417 1885 contraxit

150 1903 473 1979 mositatem
497 1960 513 1988 ,
563 1919 650 1976 vel
695 1920 997 1991 ignoratam
1052 1917 1393 1988 compellitur
1443 1933 1739 1989 agnoscere
1765 1903 1816 1967 Β
1844 1916 2124 1983 oﬂ'ensam,
2156 1918 2284 1987 quia
2306 1918 2598 1974 miseratus
2624 1926 2708 1974 est
2730 1919 2882 1990 Agag
2928 1921 3166 1976 hostium
3208 1936 3415 1992 regem,

149 2015 471 2078 veritatem,
501 2020 561 2066 ut
587 2012 782 2068 timens
805 2010 888 2066 vel
912 2019 1130 2080 respuat
1156 2009 1352 2065 falsum
1374 2009 1443 2066 de
1469 2025 1578 2080 quo
1605 2024 1738 2064 con-

152 2101 438 2166 tendebat,
463 2101 550 2156 vel
573 2110 783 2170 quaerat
797 2115 985 2156 verum
1003 2101 1148 2172 quod
1171 2101 1462 2167 nesciebat,
1484 2109 1540 2156 et
1559 2100 1745 2155 volens

147 2191 272 2263 iam
301 2199 484 2246 teneat
509 2190 652 2261 quod
674 2190 911 2245 nolebat.
951 2188 1066 2245 Non
1091 2189 1236 2245 enim
1266 2190 1468 2246 bonum
1508 2190 1746 2246 hominis

151 2294 250 2341 est
278 2283 555 2339 hominem
583 2282 826 2347 vincere,
851 2281 948 2337 sed
973 2281 1174 2336 bonum
1201 2288 1284 2336 est
1310 2281 1513 2336 homini
1536 2291 1596 2336 ut
1620 2295 1744 2361 eum

151 2374 367 2430 veritas
404 2375 587 2429 vincat
617 2372 909 2438 volentem,
936 2373 1061 2442 quia
1092 2371 1292 2427 malum
1317 2379 1404 2427 est
1449 2373 1655 2428 homini
1685 2381 1748 2428 ut

152 2481 290 2522 eum
311 2466 514 2522 veritas
532 2466 713 2521 vincat
741 2465 992 2520 invitum.
1018 2463 1153 2519 Nam
1176 2465 1292 2534 ipsa
1317 2465 1500 2520 vincat
1523 2479 1746 2522 necesse

151 2565 270 2622 est,
307 2556 420 2611 sive
449 2565 764 2628 negantem,
805 2554 920 2610 sive
947 2554 1318 2610 confitentem.
1355 2573 1377 2607 ›
1413 2554 1490 2610 De
1514 2555 1617 2611 hac
1652 2570 1742 2610 sa-

155 2650 309 2706 lubri
335 2649 617 2706 coactione
656 2658 712 2704 et
748 2649 939 2704 beatus
973 2647 1267 2718 Gregorius
1302 2647 1356 2702 in
1386 2647 1606 2702 homilia
1638 2647 1737 2702 tri-

157 2743 372 2814 gesima
396 2751 549 2798 sexta
567 2757 715 2797 more
743 2757 841 2796 suo
871 2739 1178 2795 dulcissime
1203 2748 1260 2796 et
1283 2740 1746 2796 abundantissime

162 2831 321 2886 dicit.
372 2830 504 2898 Quae
555 2830 681 2900 quia
733 2829 1017 2886 notissima
1065 2837 1121 2884 et
1167 2845 1270 2884 usu
1321 2829 1569 2908 lectionis
1618 2830 1743 2884 trita

160 2929 315 2985 sunt,
350 2927 408 2975 et
443 2918 512 2976 n'e
542 2920 801 2992 prolixior
824 2919 966 2976 foret
990 2920 1279 2986 sententia,
1302 2919 1391 2976 hic
1419 2922 1746 2990 praetermit-

163 3023 286 3069 tere
305 3012 507 3069 censui.

162 3167 302 3226 CAP.
340 3167 520 3225 XVIII.
556 3199 624 3209 —
665 3167 822 3249 Quod
865 3167 1087 3246 Christo.
1119 3167 1310 3249 seruiat
1353 3167 1443 3238 qui
1483 3166 1746 3235 improbos

617 3247 830 3308 corripit
865 3254 1043 3292 amore
1059 3247 1305 3306 Jusiliiw.

241 3371 385 3438 Quia
412 3371 574 3428 etiam
605 3369 945 3441 disciplinam
975 3371 1284 3426 exercendo
1309 3371 1361 3425 in
1395 3368 1670 3439 improbos
1695 3377 1752 3422 et

167 3478 492 3536 perversos,
537 3477 645 3518 non
683 3463 793 3520 odii
823 3463 906 3518 sui
939 3478 1198 3530 rancore,
1227 3463 1310 3518 vel
1352 3461 1604 3517 vindicta:
1640 3477 1754 3516 sua:

169 3554 368 3620 livore,
388 3554 483 3610 sed
496 3569 682 3609 amore
702 3554 927 3625 justitiaa
954 3562 1011 3608 et
1035 3554 1233 3608 divinae
1258 3553 1509 3608 vindicta:
1537 3551 1754 3608 Christo

173 3649 400 3713 serviat,
431 3648 572 3704 idem
603 3648 797 3705 bcatus
832 3647 1165 3718 Augustinus
1204 3648 1538 3702 demonstrat
1570 3646 1756 3700 dicens

177 3739 354 3811 (epist.
409 3725 501 3805 48,
548 3739 618 3793 ad
676 3737 852 3810 Vmc.)
885 3755 901 3794 :
937 3757 956 3790 ε
993 3737 1218 3804 Quando
1249 3736 1454 3792 veritas
1494 3735 1755 3806 pradica-

176 3839 270 3884 tur
294 3829 628 3894 errantibus,
659 3828 899 3884 cordatis
923 3825 1073 3882 utilis
1099 3825 1399 3882 admonitio
1424 3833 1539 3889 est,
1571 3824 1756 3879 insen-

172 3922 315 3979 satis
342 3921 548 3978 inutilis
572 3920 812 3976 afﬂictio.
857 3917 981 3975 Non
1005 3928 1080 3974 est
1107 3928 1282 3973 autem
1321 3926 1549 3987 potestas
1597 3917 1698 3968 nisi
1725 3932 1758 3967 a

172 4011 311 4068 Deo.
343 4010 449 4078 Qui
483 4023 659 4067 autem
684 4011 873 4066 resistit
905 4009 1171 4080 potestati,
1202 4007 1302 4062 Dei
1325 4006 1649 4062 ordinationi
1671 4021 1759 4059 re-

174 4105 338 4160 sistit.
369 4104 641 4173 Principes
663 4106 800 4158 enim
830 4120 936 4158 non
956 4111 1076 4157 sunt
1107 4100 1284 4155 timori
1307 4099 1440 4154 bono
1465 4099 1610 4168 operi
1630 4137 1646 4162 ,
1668 4099 1758 4151 sed

173 4193 339 4248 malo.
389 4192 476 4247 Vis
502 4202 677 4248 autem
701 4210 804 4248 non
846 4193 1029 4246 timere
1069 4190 1412 4260 potestatem?
1438 4189 1626 4243 bonum
1651 4187 1754 4255 fac,

176 4292 227 4337 et
252 4283 465 4338 habebis
491 4283 700 4338 laudem
729 4299 794 4338 ea:
815 4282 908 4336 illa
930 4281 1108 4349 (Rom.
1141 4296 1261 4347 xm,
1294 4280 1428 4350 1-5).
1461 4279 1586 4334 Sive
1612 4277 1759 4332 enim

175 4386 420 4448 potestas
474 4377 688 4432 veritati
733 4375 920 4431 favens
961 4375 1198 4444 aliquem
1237 4373 1496 4444 corrigat,
1543 4371 1760 4426 laudem

177 4470 344 4526 habet
367 4486 435 4526 ex
461 4469 550 4526 illa
571 4469 667 4541 qui
688 4468 852 4524 fuerit
878 4469 1198 4525 emendatus
1227 4485 1240 4520 :
1273 4466 1390 4522 sive
1422 4464 1642 4520 inimica
1668 4478 1761 4516 ve-

1779 3249 1826 3312 C

1844 2025 2005 2079 quem
2017 2010 2366 2080 prohibuerat
2376 2011 2642 2066 sententia
2655 2011 2833 2066 divina
2849 2013 3054 2068 servari
3071 2012 3122 2084 (I
3131 2012 3256 2085 Reg.
3271 2016 3416 2084 xm).

1845 2100 1918 2158 Ut
1946 2102 1994 2158 si
2023 2102 2145 2172 quis
2171 2102 2397 2157 latronis
2427 2102 2550 2157 ﬁliis
2575 2097 2994 2174 deprecantibus
3017 2114 3219 2173 motus,
3242 2113 3300 2163 et
3337 2105 3418 2160 la-

1845 2195 2049 2266 crymis
2087 2193 2334 2264 conjugis
2368 2194 2484 2264 ejus
2523 2194 2773 2262 inﬂexus,
2803 2196 3190 2252 absolvendum
3241 2207 3419 2269 putet,

1845 2288 1934 2345 cui
1960 2288 2138 2343 adhuc
2160 2287 2511 2343 latrocinandi
2535 2289 2738 2358 aSpiret
2771 2287 3022 2355 aﬁ'ectus,
3050 2305 3232 2346 nonne
3267 2291 3422 2348 inno—

1845 2388 2035 2435 centes
2059 2379 2241 2434 tradet
2261 2379 2450 2444 exitio,
2481 2380 2571 2448 qui
2594 2379 2791 2436 liberat
2813 2380 3105 2436 multorum
3136 2382 3301 2437 exitia
3324 2399 3420 2438 co-

1845 2468 2147 2540 gitantem?
2175 2468 2334 2524 Certe
2367 2469 2410 2523 si
2441 2469 2679 2539 gladium
2711 2470 2978 2539 reprimit,
3012 2472 3188 2526 vincla
3234 2472 3423 2528 dissol-

1844 2560 1943 2625 vit,
1958 2574 2058 2615 cur
2068 2558 2219 2613 laxat
2232 2558 2460 2613 exsilio?
2489 2572 2586 2613 cur
2610 2558 2966 2614 latrocinandi
2993 2575 3096 2630 qua
3111 2569 3289 2631 potest
3313 2561 3424 2618 cle-

1846 2650 2112 2705 mentiore
2124 2649 2208 2703 via
2221 2665 2326 2705 non
2339 2648 2498 2717 eripit
2513 2647 2841 2716 facultatem,
2858 2650 2948 2720 qui
2980 2651 3311 2706 voluntatem
3334 2667 3426 2708 ex:

1846 2751 2099 2812 torquere
2111 2755 2214 2796 non
2228 2740 2400 2810 potuit
2411 2739 2433 2793 ?
2446 2738 2649 2794 Deinde
2660 2739 2802 2794 inter
2815 2741 2969 2806 duos,
2983 2741 3084 2797 hoc
3096 2751 3181 2797 est
3196 2757 3424 2808 accusa-

1847 2840 2018 2886 torem
2034 2838 2090 2885 et
2101 2844 2273 2895 reum,
2291 2828 2408 2898 pari
2420 2826 2662 2897 periculo
2673 2826 2741 2883 de
2752 2829 2930 2899 capite
2952 2829 3328 2896 decernentes,
3347 2831 3426 2886 al-

1848 2929 2024 2977 terum
2038 2920 2082 2976 si
2095 2934 2200 2975 non
2214 2918 2515 2990 probasset,
2531 2916 2759 2972 alterum
2778 2918 2825 2973 si
2839 2934 2945 2974 non
2959 2929 3103 2976 esset
3115 2919 3184 2975 ab
3203 2936 3431 2978 accusa-

1850 3021 1968 3070 tore
1983 3011 2285 3077 convictus,
2303 3025 2410 3066 non
2422 3009 2476 3065 id
2489 3009 2865 3080 quodjustitize
2875 3008 3135 3082 estjudex
3147 3023 3428 3084 sequatur,

1851 3109 1946 3163 sed
1974 3107 2100 3162 dum
2123 3105 2413 3161 miseretur
2441 3105 2540 3169 rei,
2569 3101 2790 3157 damnet
2807 3105 3153 3178 probantem,
3181 3115 3277 3162 aut
3298 3107 3428 3162 dum

1855 3196 2158 3252 accusatori
2195 3196 2341 3251 favet
2381 3196 2473 3266 qui
2528 3198 2760 3267 probare
2811 3213 2919 3254 non
2978 3197 3171 3267 possit,
3214 3196 3432 3253 addicat

1858 3289 2158 3345 innoxium.
2187 3287 2304 3343 Non
2326 3297 2506 3359 potest
2534 3289 2698 3360 igitur
2726 3290 2843 3346 haec
2871 3289 2981 3346 dici
3017 3289 3166 3358 justa
3218 3290 3430 3345 miseri-

1857 3379 2063 3435 cordia.
2085 3377 2146 3433 In
2174 3379 2289 3448 ipsa
2315 3379 2577 3443 Ecclesia,
2608 3379 2698 3434 ubi
2728 3381 2962 3435 maxime
2985 3380 3231 3435 misereri
3251 3379 3428 3443 decet,

1859 3469 2031 3526 teucri
2056 3469 2456 3540 quamtnaxime
2480 3469 2635 3524 debet
2678 3467 2850 3523 forma
2880 3467 3121 3539 justitim,
3146 3482 3215 3523 ne
3231 3469 3354 3538 quis
3393 3487 3427 3522 a

1857 3562 2132 3618 consortio
2162 3561 2557 3616 communionis
2611 3561 2912 3626 abstentus,
2940 3561 3089 3616 brevi
3120 3560 3434 3632 lacrymula,

1859 3662 2021 3721 atque
2049 3653 2118 3706 ad
2151 3659 2360 3719 tempus
2388 3660 2598 3719 parata,
2619 3650 2702 3706 vel
2737 3651 2902 3706 etiam
2933 3651 3274 3706 uberioribus
3297 3650 3434 3705 ﬂeti-

1858 3742 1981 3807 bus,
2002 3741 2459 3804 communionem,
2498 3755 2660 3810 quam
2685 3739 2931 3810 plurimis
2975 3741 3133 3796 debet
3161 3741 3439 3811 postulare

1860 3830 2212 3901 temporibus,
2240 3829 2492 3884 facilitati
2541 3829 2839 3886 sacerdotis
2864 3840 3206 3901 extorqueat.
3246 3829 3438 3889 Nonne

1861 3937 1984 3977 cum
2061 3921 2152 3976 uni
2240 3919 2480 3992 indulget
2535 3920 2776 3991 indigno,
2827 3920 3088 3991 plurimos
3166 3922 3298 3978 facit
3367 3923 3438 3978 ad

1861 4011 2222 4084 prolapsionis
2274 4011 2580 4082 contagium
2630 4012 2960 4081 provocari?
3013 4012 3270 4068 Facilitas
3289 4013 3436 4067 enim

1862 4102 2034 4156 venia:
2117 4101 2688 4164 incentivum,tribuit
2757 4100 3122 4171 delinquendi.
3170 4101 3285 4157 Hoc
3370 4117 3438 4156 eo

1863 4192 2070 4247 dictum
2151 4201 2235 4247 est
2264 4232 2280 4256 ,
2339 4200 2400 4245 ut
2483 4191 2718 4246 sciamus
2804 4191 3101 4246 secundum
3202 4192 3431 4247 verbum

1863 4281 1981 4347 Dei,
2010 4282 2304 4338 secundum
2335 4283 2598 4336 rationem
2621 4281 3038 4351 dispensandam
3077 4295 3197 4337 esse
3233 4282 3444 4338 niiscri-

1864 4372 2106 4428 cordiam
2131 4372 2485 4427 debitoribus.
2517 4371 2758 4427 Medicus
2787 4372 2924 4441 ipse,
2962 4372 3007 4426 si
3039 4372 3308 4442 serpentis
3353 4373 3440 4428 in-

1866 4462 2034 4517 terius
2092 4462 2331 4516 inveniat
2375 4460 2622 4516 vulneris
2675 4461 3008 4526 cicatricem,
3068 4477 3192 4518 cum
3245 4463 3442 4518 debeat

177 4560 330 4616 ritati
371 4561 428 4614 in
469 4559 704 4630 aliquem
734 4560 953 4625 saeviat,
979 4559 1191 4614 laudem
1227 4558 1391 4614 habet
1427 4573 1497 4614 ex
1537 4556 1627 4610 illa
1664 4556 1755 4626 qui
1784 4594 1841 4658 υ
1867 4570 2114 4610 resecare.
2145 4554 2342 4610 ulceris
2366 4555 2642 4608 vitiumne
2665 4553 2828 4609 latius
2859 4563 3062 4625 serpat,
3096 4563 3275 4611 tamen
3297 4571 3328 4610 a
3356 4571 3444 4613 sc-

175 4653 355 4708 victor
381 4651 542 4709 fuerit
566 4662 874 4709 coronatus.
894 4651 1036 4723 (Lib.
1061 4667 1117 4707 1x
1140 4652 1206 4706 de
1225 4651 1379 4707 Civit.
1395 4650 1513 4715 Dei,
1537 4666 1586 4704 c.
1606 4649 1683 4719 5.)
1703 4650 1755 4702 lu

175 4742 460 4813 disciplina
475 4753 661 4799 nostra
675 4758 782 4798 non
807 4753 914 4798 tam
931 4743 1192 4812 quaeritur
1203 4751 1383 4796 utrum
1403 4743 1525 4812 pius
1545 4740 1758 4794 animus

176 4836 481 4901 irascatur,
508 4836 602 4892 sed
622 4833 790 4906 quare
810 4837 1112 4900 irascatur;
1146 4850 1247 4890 nec
1269 4843 1450 4889 utrum
1474 4834 1544 4889 sit
1564 4833 1754 4896 tristis,

175 4924 275 4980 sed
303 4924 449 4980 unde
476 4925 546 4980 sit
571 4926 774 4991 tristis;
806 4941 908 4981 nec
939 4935 1121 4980 utrum
1149 4926 1369 4988 timeat,
1409 4923 1504 4979 sed
1529 4922 1657 4991 quid
1693 4923 1757 4974 ti-

176 5022 347 5070 meat.
374 5013 538 5070 lrasci
561 5015 705 5071 enim
725 5016 972 5086 peccauti
1001 5024 1058 5070 ut
1086 5015 1412 5085 corrigatur,
1441 5011 1757 5068 contristari

175 5119 278 5177 pro
312 5103 512 5166 afﬂicto
545 5114 603 5160 ut
631 5105 924 5172 liberetur,
955 5107 1148 5160 timere
1186 5103 1518 5175 periclitanti
1549 5116 1619 5156 ne
1640 5117 1760 5171 pcr-

175 5205 304 5263 cat,
347 5198 533 5252 nescio
587 5208 770 5253 utrum
813 5199 1099 5268 quisquam
1146 5213 1277 5253 sana
1325 5195 1761 5252 consideratione

178 5284 564 5354 reprehendat.
603 5285 739 5341 Nam
772 5299 826 5342 et
858 5285 1286 5340 miscricordiam
1322 5284 1627 5340 Stoicorum
1681 5293 1765 5339 cst

179 5372 361 5429 solere
398 5375 640 5445 culpare,
689 5375 784 5432 sed
829 5385 1033 5446 quanto
1080 5375 1358 5430 honestius
1405 5375 1496 5430 ille
1541 5373 1761 5428 Stoicus

179 5463 558 5520 misericordia
583 5467 991 5536 perturbaretur
1018 5466 1253 5521 hominis
1294 5465 1558 5520 liberandi
1595 5480 1756 5533 quam

180 5553 380 5609 timore
405 5556 678 5628 naufragii
702 5559 750 5612 2»
768 5558 950 5630 Longe
975 5559 1169 5614 melius
1193 5569 1247 5613 ct
1266 5558 1765 5626 humanius,ctpio-

177 5659 306 5702 rum
331 5648 580 5704 sensibus
591 5653 1050 5709 accommodatius
1064 5653 1254 5708 Cicero
1278 5655 1330 5708 iu
1348 5653 1580 5710 Caesaris
1607 5653 1763 5706 laude

182 5737 400 5795 locutus
435 5749 538 5806 est,
572 5744 662 5798 ubi
693 5744 770 5799 ait
812 5745 986 5816 (Orat.
1013 5763 1106 5816 pro
1131 5745 1197 5811 ρ.
1227 5745 1362 5817 Lig.,
1401 5762 1448 5798 c.
1478 5744 1566 5816 12)
1598 5764 1609 5798 :
1649 5765 1665 5796 t
1690 5745 1765 5798 De

184 5831 464 5886 virtutibus
488 5835 588 5888 tuis
611 5854 702 5891 nec
729 5837 1109 5907 admirabilior,
1130 5855 1220 5895 nec
1245 5839 1442 5909 gratior
1477 5839 1764 5894 misericor-

1865 4647 2342 4717 candiurendique
2366 4647 2643 4716 proposito
2665 4647 2920 4718 lacrymis
2957 4646 3186 4703 inﬂexus
3233 4650 3440 4719 aegroti,

1867 4739 2278 4795 medicamentis
2326 4748 2473 4809 tegat
2519 4737 2663 4808 quod
2727 4739 2872 4796 ferro
2917 4741 3265 4810 aperiendum
3317 4741 3440 4804 fuit,

1867 4847 2046 4886 nonne
2076 4831 2180 4885 ista
2211 4830 2418 4884 inutilis
2453 4829 2825 4886 misericordia
2862 4839 2964 4896 est,
2997 4831 3042 4886 si
3073 4841 3294 4902 propter
3321 4831 3446 4887 bre-

1867 4937 1988 4976 vem
2068 4921 2344 4976 incisionis
2420 4921 2506 4975 vel
2580 4922 2879 4976 exustionis
2943 4921 3204 4985 dolorem,
3246 4936 3446 4991 corpus

1867 5028 2030 5068 omne
2057 5014 2320 5074 tabescat,
2341 5012 2464 5067 vitae
2497 5028 2628 5068 usus
2673 5013 3126 5070 intercat?Recte
3178 5013 3342 5084 igitur
3392 5025 3449 5070 ct

1871 5103 2128 5160 sacerdos
2162 5102 2377 5166 vulnus,
2402 5118 2471 5157 ne
2515 5103 2677 5159 latius
2725 5112 2931 5173 serpat,
2963 5118 2996 5156 a
3049 5111 3163 5158 toto
3217 5113 3459 5176 corporq

1869 5193 2124 5250 Ecclesitc
2153 5194 2307 5264 quasi
2346 5195 2520 5250 bonus
2569 5195 2811 5249 medicus
2855 5193 3014 5248 debet
3056 5191 3358 5259 abscidere,
3399 5185 3458 5246 et

1869 5285 2098 5355 prodere
2123 5285 2271 5339 virus
2307 5285 2550 5340 criminis
2581 5286 2723 5355 quod
2769 5285 2952 5350 lateat,
2981 5300 3088 5340 non
3139 5284 3346 5348 fovere,
3381 5301 3449 5338 ne

1869 5380 1996 5434 dum
2037 5395 2203 5434 unum
2233 5379 2625 5433 excludendum
2679 5391 2784 5431 non
2837 5385 3011 5447 putat,
3029 5377 3212 5447 plures
3259 5377 3450 5445 dignos

1869 5467 2033 5522 faciat
2052 5483 2189 5538 quos
2217 5468 2464 5523 excludat
2491 5467 2558 5520 ab
2582 5466 2842 5520 Ecclesia.
2862 5466 2990 5522 Jurc
3005 5481 3134 5538 ergo
3154 5465 3446 5536 Apostolus

1866 5559 2050 5614 divino
2076 5574 2175 5615 nos
2201 5560 2450 5614 hortatur
2475 5557 2741 5628 exemplo,
2766 5559 2989 5613 dicens:
3021 5557 3152 5613 Vide
3164 5573 3284 5629 ergo
3302 5557 3448 5611 boni-

1869 5661 2029 5705 tatem
2060 5661 2109 5704 et
2130 5651 2452 5705 severitatem
2480 5648 2610 5703 Dei:
2635 5650 2690 5703 in
2704 5667 2789 5704 eos
2811 5651 3020 5720 quidem
3036 5649 3126 5722 qui
3147 5647 3444 5702 ceciderunt

1867 5744 2232 5806 severitatem;
2273 5742 2327 5794 in
2373 5752 2422 5794 te
2453 5751 2626 5794 autem
2665 5741 2967 5806 bonitatem,
2997 5741 3041 5796 si
3098 5737 3446 5822 permanseris

1867 5834 1922 5890 in
1961 5835 2188 5889 bonitate
2229 5831 2407 5904 (Rom.
2447 5845 2522 5898 xi,
2547 5831 2658 5902 ξε).
2699 5854 2717 5885 ι
