3906 5626
591 497 699 556 887

595 614 724 668 Car.
773 606 980 664 XX.-—-
1013 601 1109 658 Cui
1146 599 1284 654 licite
1329 598 1596 668 ignoscere
1643 591 1794 644 liceat
1823 577 2045 658 principi

1298 665 1493 738 judici.
1563 703 1566 707 .

541 852 568 860 .,
668 797 766 853 Cui
797 809 925 864 ergo
946 789 1406 860 licite,ignoscere
1437 782 1598 836 liceat
1625 774 1855 846 principi
1886 770 1971 826 vel
1989 764 2178 839 iudici,

586 893 701 948 sub
719 862 941 958 iusto—et
984 880 1326 939 misericordi
1360 872 1686 946 iudice,qui
1745 862 2079 924 convertenti
2129 869 2185 913 et

585 973 883 1054 'ptenitcnti
943 974 1203 1047 ignoscit,
1259 971 1451 1025 beatus
1501 961 1799 1032 Gregorius
1849 956 1904 1011 in
1963 949 2183 1008 homilia

585 1042 878 1142 iEvangelii
904 1042 1242 1123 demonstrat
1266 1062 1427 1132 (hom.
1457 1055 1548 1125 32)
1585 1073 1598 1109 :
1649 1071 1668 1104 «
1712 1050 1874 1111 Ecce,
1911 1042 2185 1142 inquietis,

601 1164 696 1235 qui
725 1129 989 1232 superbus
1015 1155 1137 1219 fuit,
1165 1153 1213 1209 si
1235 1129 1528 1206 conversus
1560 1143 1626 1198 ad
1655 1139 1932 1197 Christum
1968 1129 2188 1188 humilis

602 1223 908 1314 factus-est,
928 1247 1275 1315 semetipsum
1297 1238 1533 1310 reliquit.
1553 1234 1608 1290 Si
1632 1229 1941 1288 luxuriosus
1959 1223 2192 1295 quisque

607 1350 675 1404 ad
691 1344 1079 1404 continentiam
1107 1339 1268 1393 vitam
1285 1332 1530 1394 mutavit,
1551 1325 1838 1398 abnegavit
1854 1321 2037 1390 utique
2049 1315 2196 1385 quod

607 1439 732 1494 fuit.
757 1435 814 1491 Si
847 1446 1042 1488 avarus
1071 1428 1300 1499 quisque
1337 1421 1543 1478 ambire
1564 1415 1675 1486 iam
1708 1413 1892 1476 desiit,
1921 1417 1976 1465 et
2007 1402 2194 1474 largiri

611 1531 799 1588 didicit
820 1526 1038 1600 propria
1067 1498 1157 1593 qui
1188 1519 1339 1590 prius
1379 1514 1554 1570 aliena
1585 1508 1864 1580 rapiebat,
1893 1498 2080 1573 procul
2099 1499 2199 1553 du-

610 1628 703 1685 bio
722 1598 1070 1691 semetipsum
1107 1611 1341 1682 reliquit.
1369 1608 1488 1678 lpse
1529 1603 1745 1674 quidem
1788 1605 1871 1654 est
1906 1610 2003 1666 per
2044 1598 2200 1646 natu-

612 1732 752 1782 ram,
776 1715 866 1770 sed
895 1725 1001 1765 non
1021 1716 1105 1762 est
1131 1705 1246 1774 ipse
1272 1715 1369 1772 per
1400 1695 1685 1752 malitiam.
1711 1690 1848 1744 Hinc
1881 1685 2025 1740 enim
2067 1679 2203 1735 scri-

608 1771 764 1880 ptum
794 1824 806 1859 :
836 1801 985 1857 Verte
1000 1771 1209 1867 impios,
1232 1801 1280 1847 et
1307 1785 1578 1844 nouerunt
1617 1779 1799 1852 (Prov.
1837 1793 1935 1842 xu,
1963 1776 2040 1844 7).
2069 1771 2204 1827 Cou-

611 1896 759 1952 versi
792 1904 1024 1961 namque
1071 1883 1222 1955 impii
1248 1895 1352 1937 non
1389 1876 1582 1939 erunt,
1610 1888 1718 1927 non
1749 1869 1874 1940 quia
1915 1881 2020 1923 non
2045 1867 2204 1919 erunt

614 1986 839 2042 omnino
864 1982 918 2035 in
948 1975 1209 2039 essentia,
1242 1971 1336 2028 sed
1365 1968 1574 2025 scilicet
1610 1978 1717 2018 non
1771 1966 1931 2015 erunt
1981 1952 2203 2010 omnino

619 2080 678 2136 in
709 2071 1001 2145 impietatis
1025 2067 1203 2137 culpa.
1241 2063 1394 2118 Tunc
1413 2073 1542 2129 ergo
1567 2051 1926 2120 nosmetipsos
1953 2042 2206 2112 relinqui-

607 2179 765 2229 mus,
809 2154 1361 2222 ~tunc’nosmetipsos
1404 2147 1737 2217 abnegamus
1762 2181 1777 2207 ,
1805 2154 1926 2195 cum
1971 2137 2208 2190 vitamus

599 2256 765 2328 quod
793 2269 892 2325 per
915 2257 1240 2306 vetustatem
1272 2244 1494 2304 fuimus,
1517 2248 1573 2293 et
1598 2237 1664 2291 ad
1688 2237 1791 2290 hoc
1816 2231 2040 2286 nitimur
2061 2224 2207 2297 quod

608 2345 1073 2422 per-novitatem
1127 2351 1405 2394 vocamur.
1458 2333 1761 2387 Pensemus
1808 2320 2080 2394 quomodo
2149 2331 2206 2372 se

607 2412 1240 2504 “i’aulus-abnegaverat,
1272 2427 1365 2497 qui
1409 2423 1653 2480 dicebat:
1702 2417 1826 2472 Vivo
1871 2424 2067 2474 autem,
2091 2412 2208 2482 jam

611 2547 728 2586 non
752 2547 843 2600 ego
862 2524 1007 2599 (Gal.
1035 2541 1097 2590 ιι,
1125 2521 1239 2593 9.0).
1269 2518 1584 2574 Exstinctus
1606 2513 1804 2584 quippe
1830 2508 2006 2563 fuerat
2034 2516 2209 2560 saevus

612 2621 716 2678 ille
747 2596 1082 2691 persecutor,
1113 2623 1168 2668 et
1197 2612 1379 2666 vivere
1407 2613 1649 2677 cmperat
1698 2601 2025 2673 priedicator
2065 2596 2206 2665 pius.

606 2712 686 2766 ’δί
714 2711 859 2766 enim
895 2710 1012 2778 ipse
1033 2713 1200 2769 esset,
1243 2702 1376 2772 pius
1404 2697 1652 2769 profecto
1678 2708 1784 2747 non
1806 2698 1968 2746 esset.
1991 2687 2096 2742 Sed
2119 2683 2211 2754 qui

625 2819 687 2858 se
711 2803 893 2856 vivere
914 2801 1167 2868 denegat,
1202 2794 1348 2848 dicat
1377 2789 1518 2843 unde
1538 2794 1642 2850 est,
1666 2783 1808 2854 quod
1833 2788 2018 2836 sancta
2044 2776 2210 2830 verba

617 2912 727 2966 per
751 2892 1074 2950 doctrinam
1107 2885 1355 2942 veritatis
1400 2880 1666 2941 clamant;
1697 2875 1944 2947 protinus
1990 2868 2168 2924 subdit
2195 2884 2208 2920 :

617 2957 775 3039 "Vivit
799 2997 916 3038 vero
942 2979 1002 3034 in
1023 2994 1104 3033 me
1134 2975 1394 3031 Christus.
1435 2969 1514 3024 Ac
1570 2969 1614 3022 si
1662 2973 1848 3036 aperte
1877 2962 2056 3016 dicat:
2093 2957 2210 3027 Ego

613 3078 850 3149 quidem
881 3089 910 3126 a
957 3071 1163 3138 meipso
1220 3064 1551 3124 exstinctus,
1587 3057 1715 3127 quia
1771 3051 2061 3108 carnaliter
2106 3061 2215 3101 non

617 3135 776 3231 sum,
803 3164 930 3235 quia
959 3135 1595 3224 in‘Christospiritaliter
1618 3147 1760 3201 vivo.
1778 3144 1934 3198 Dicat
1957 3153 2086 3209 ergo
2113 3135 2220 3190 Ve-

611 3229 962 3317 -ritas,‘dicat
991 3267 1004 3302 :
1037 3247 1095 3303 Si
1128 3241 1415 3316 ’quis‘vult
1458 3250 1570 3308 post
1624 3251 1706 3289 me
1757 3232 1932 3287 venire
1959 3269 1974 3295 ,
2001 3229 2215 3296 abneget

630 3344 964 3413 semetipsum
989 3328 1502 3410 (Mattia-xvryﬂi);
1531 3325 1656 3396 quia
1681 3322 1785 3377 uisi
1808 3320 1931 3391 quis
1959 3333 1989 3372 a
2015 3321 2217 3371 semet-

615 3445 753 3513 ipso
801 3435 1051 3498 deficiat,
1086 3430 1152 3485 ad
1201 3441 1325 3483 eum
1375 3423 1467 3493 qui
1517 3433 1679 3488 super
1719 3416 1921 3486 ipsum
1973 3419 2058 3466 est
2110 3422 2221 3462 non

633 3499 1065 3603 appropinquat:
1091 3533 1189 3575 nec
1209 3516 1352 3572 valet
1379 3509 1784 3583 apprehendere
1811 3503 1956 3575 quod
1983 3501 2125 3556 ultra
2149 3499 2224 3569 ip-

616 3589 759 3678 rsum
799 3589 986 3682 est,-si
1021 3607 1279 3666 nescierit
1306 3613 1548 3660 mactare
1572 3599 1840 3669 quodest.
1877 3615 1895 3647 ι
1930 3592 2037 3648 Sed
2085 3589 2225 3644 forte

620 3712 763 3783 v-quis
790 3710 936 3765 dicat
967 3720 982 3761 :
1014 3703 1294 3772 Quomodo
1315 3697 1483 3754 sciam
1497 3695 1545 3749 si
1573 3708 1631 3749 se
1653 3691 1775 3762 quis
1800 3688 1888 3745 cui
1928 3696 2223 3756 pepercero

640 3801 903 3867 correxit,
931 3807 986 3855 et
1015 3798 1068 3852 in
1096 3791 1432 3851 correctione
1455 3781 1852 3858 permanserit?
1873 3778 2080 3834 Redeat
2108 3774 2228 3828 limo

640 3896 894 3966 inquiens
916 3891 983 3945 ad
1023 3885 1349 3944 sententiam
1379 3878 1617 3944 Domini,
1647 3883 1708 3931 ut
1749 3873 1802 3929 si
1833 3868 2147 3941 evangelica
2172 3873 2230 3920 et

639 3984 882 4042 secundo
911 3997 975 4035 ac
1001 3978 1162 4034 tertio
1184 3981 1468 4042 correptus
1489 3983 1596 4024 non
1624 3981 1683 4022 se
1711 3961 2032 4025 correxerit,
2048 3957 2141 4030 qui
2163 3957 2231 4010 ab

622 4077 740 4134 ‘illo
761 4076 898 4131 sicut
921 4071 1172 4128 ethnicus
1195 4076 1250 4124 et
1266 4064 1585 4137 publicanus
1605 4058 1791 4115 haberi
1809 4054 2142 4127 praecipitur,
2159 4049 2234 4104 le-

643 4170 730 4242 gis
761 4167 1105 4223 severitatem
1133 4177 1162 4215 a
1183 4158 1429 4231 principe
1452 4166 1671 4210 necesse
1690 4159 1774 4205 est
1797 4147 2065 4218 sustinere
2076 4157 2238 4214 coga-

627 4271 758 4325 1ur,
775 4274 841 4312 ne
867 4253 1075 4326 quisibi
1092 4249 1374 4308 consulere
1413 4245 1604 4308 uoluit,
1624 4243 1677 4297 in
1691 4255 1824 4312 pace
1837 4239 2022 4292 vivere
2047 4233 2237 4289 volen-

643 4351 794 4406 tibus
817 4324 1018 4401 nocere
1047 4343 1235 4414 possit.
1267 4340 1337 4393 At
1361 4337 1404 4394 si
1433 4335 1554 4406 quis
1582 4334 1709 4388 huic
1735 4328 1971 4401 capitulo
2001 4324 2239 4394 obiicere

643 4440 900 4505 voluerit,
935 4432 1367 4506 quod‘Domiuus
1393 4425 1640 4500 peccanti
1671 4423 1723 4478 in
1750 4420 1906 4476 nobis
1929 4433 2035 4473 non
2066 4414 2240 4470 solum

648 4530 872 4600 septies,
911 4505 1008 4582 sed
1035 4532 1090 4580 et
1117 4521 1422 4592 septuagies
1448 4516 1649 4588 septies
1673 4511 1870 4570 dimitti
1901 4505 2241 4581 praeceperit,

1409 476 1736 538 mscuam
1779 469 1995 529 RlIEM.
2043 445 2362 520 ARCHIEP.
2403 452 2767 515 opuscum
2806 449 3033 508 VARIA.

2096 573 2173 628 vel
2201 576 2252 634 Α
2280 569 2516 624 cubiculo
2556 565 2695 638 quod
2734 572 2846 619 erat
2882 547 3366 615 intratubiculum.
3409 544 3699 623 Dixeruntqse
3725 561 3754 610 ri
3850 549 3851 616 Ϊ

2279 661 2416 716 servi
2453 661 2535 714 sui
2561 672 2579 710 :
2611 657 2745 711 Ecce
2781 652 3079 708 audivimus
3113 647 3252 718 quod
3290 662 3423 716 reges
3457 648 3615 698 domus
3642 644 3759 700 Israel
3850 655 3851 664 ‘

2283 753 2555 806 clementes
2586 748 2688 802 sint
2717 762 2736 800 :
2771 756 3027 814 ponamus
3057 739 3231 808 itaque
3255 752 3422 790 saccos
3447 735 3496 786 in
3525 735 3676 788 lumbis
3698 752 3761 786 ηις
3850 745 3851 814 ἐ

2284 843 2429 907 stris,
2463 835 2811 908 et-funiculos
2851 833 2907 887 in
2937 829 3190 901 capitibus
3221 827 3424 890 nostris,
3455 832 3498 879 et
3521 825 3767 894 egredimur

2287 935 2357 990 ad
2398 947 2567 1003 regem
2606 927 2808 991 Israel;
2859 924 3082 994 forsitan
3123 919 3340 974 salvabit
3381 918 3572 971 animas:
3604 926 3765 968 nostras.
3850 921 3851 992 ξ

2287 979 2355 990 ..-
2399 979 2565 1003 .-πνη
2791 979 2805 991 ,
2859 979 2870 994 ,

2287 1024 2638 1080 Accinxerunt
2669 1019 2836 1074 saccis
2864 1014 3067 1069 lumbos
3097 1027 3244 1075 suos,
3275 1019 3319 1062 et
3348 1014 3601 1078 petiuerunt
3625 1004 3766 1073 [enim

2290 1113 2369 1168 los
2401 1114 2459 1166 in
2494 1108 2751 1180 capitibus
2786 1105 2930 1169 suis,
2973 1111 3320 1168 veneruntque
3361 1097 3425 1150 ad
3461 1111 3608 1164 regem
3638 1091 3767 1155 Israel,

2289 1204 2491 1260 scilicet
2531 1201 2730 1264 Achab,
2775 1207 2824 1253 et
2871 1196 3114 1250 dixerunt
3156 1209 3175 1247 :
3219 1190 3407 1245 Servus
3440 1199 3559 1260 tuas
3599 1185 3769 1240 Benadai

2295 1297 2464 1350 dicit:
2504 1292 2676 1358 Vivat,
2713 1307 2805 1345 oro
2835 1298 2908 1354 te,
2945 1287 3124 1340 anima
3149 1299 3284 1337 mea.
3323 1278 3389 1333 Et
3417 1279 3501 1334 ille
3529 1279 3592 1331 ait
3615 1290 3630 1328 :
3653 1274 3694 1331 Si
3711 1278 3770 1328 ad.

2298 1389 2399 1442 liuc
2426 1387 2586 1451 vivit,
2621 1385 2786 1455 frater
2822 1397 2965 1435 meus
2997 1388 3092 1433 est.
3127 1375 3280 1440 Quod
3309 1379 3592 1442 acceperunt
3715 1382 3772 1436 pro

2299 1477 2501 1540 omine,
2545 1485 2593 1529 et
2638 1474 3253 1544 festinantesrapuerunt
3282 1463 3487 1518 verbum
3505 1471 3573 1514 "es
3601 1475 3669 1512 ore
3691 1458 3772 1527 eiu,

2302 1580 2459 1636 atque
2484 1563 2728 1617 dixerunt
2753 1575 2770 1614 :
2809 1557 3004 1612 Frater
3034 1565 3156 1609 tuus
3186 1551 3455 1607 Benadab.
3491 1549 3554 1603 Et
3587 1548 3686 1601 dixit
3705 1548 3774 1599 eis:

2301 1657 2406 1724 Ite,
2445 1655 2691 1710 adducite
2728 1667 2868 1706 eum.
2910 1646 3166 1718 Egressus
3194 1653 3271 1699 est
3300 1659 3422 1713 ergo
3455 1641 3518 1695 ad
3550 1654 3645 1694 eum
3672 1636 3778 1690 Bem-

2306 1750 2430 1814 dab,
2465 1758 2513 1802 et
2543 1745 2726 1801 levavit
2761 1758 2880 1797 eum
2923 1741 2978 1793 in
3020 1753 3236 1792 currum
3277 1750 3452 1790 suum.
3494 1731 3584 1798 Qui
3607 1731 3778 1783 dixitei:

2309 1845 2582 1907 Civitates,
2609 1855 2739 1911 quas
2767 1837 2884 1891 tulit
2910 1843 3059 1905 pater
3083 1848 3229 1886 meus
3262 1846 3297 1884 a
3326 1838 3471 1896 patre
3496 1836 3595 1888 tuo,
3614 1824 3780 1882 reddam;
3850 1824 3851 1884 l

2229 1920 2280 1982 Β
2307 1946 2354 1991 et
2385 1933 2586 2003 plateas
2615 1931 2701 1999 fac
2731 1929 2825 1982 tibi
2851 1927 2907 1980 in
2934 1925 3218 1986 Damasco,
3251 1921 3389 1975 sicut
3423 1919 3534 1988 fecit
3567 1927 3680 1985 pater
3693 1931 3782 1966 aeu

2307 2028 2363 2082 in
2389 2024 2667 2088 Samaria,
2708 2029 2755 2075 et
2780 2035 2872 2089 ego
2905 2017 3188 2087 [redemtus
3227 2012 3470 2066 recedam
3503 2018 3618 2061 ate.
3653 2003 3783 2071 Pepigil

2308 2134 2430 2189 ergo
2461 2085 2661 2186 ftedus,
2683 2121 2731 2168 et
2755 2085 2954 2165 dimisit
2981 2123 3119 2162 eum.
3156 2104 3308 2158 Tunc
3337 2104 3417 2156 vir
3435 2101 3624 2172 quidam
3643 2097 3690 2149 de
3709 2094 3785 2162 ﬁliis

2309 2208 2679 2281 praphelarum
2710 2202 2844 2258 dixit
2879 2200 2948 2254 ad
2986 2200 3186 2253 socium
3228 2212 3388 2251 suum
3425 2195 3478 2245 in
3514 2204 3702 2245 sermone
3725 2185 3785 2238 De-
3850 2247 3851 2260 χ

2309 2277 2482 2354 mini:
2513 2296 2736 2350 Percute
2768 2309 2868 2347 me.
2907 2291 2975 2344 At
3006 2289 3096 2344 ille
3124 2287 3295 2342 noluit
3325 2295 3592 2356 percutere.
3628 2277 3698 2334 Cui
3716 2277 3783 2328 ait:
3850 2311 3851 2356 ζ

2313 2388 2452 2455 Quia
2491 2385 2706 2441 noluisti
2748 2381 2935 2436 audire
2972 2395 3145 2434 vocem
3181 2375 3400 2429 Domini
3425 2379 3456 2438 ,'
3483 2387 3586 2426 ecce
3616 2367 3788 2422 recedere

2312 2494 2416 2544 me,
2448 2487 2496 2531 et
2522 2475 2776 2546 percutiet
2803 2481 2851 2526 te
2879 2469 2980 2524 leo.
3024 2467 3257 2536 Cumque
3298 2462 3566 2534 paululum
3598 2456 3788 2512 recessisset
3850 2456 3851 2526 γ

2313 2571 2379 2626 ab
2402 2586 2484 2635 eo,
2507 2563 2702 2622 invenit
2727 2579 2845 2620 eum
2872 2561 2972 2625 leo,
3001 2568 3154 2629 atque
3173 2555 3455 2627 percussit.
3481 2550 3575 2607 Sed
3593 2557 3630 2603 et
3649 2547 3788 2600 alterum

2314 2661 2579 2716 inveniens
2601 2658 2788 2718 virum,
2831 2652 2966 2706 diait
2993 2650 3062 2703 ad
3085 2663 3202 2702 eum
3228 2660 3245 2697 :
3283 2644 3506 2699 Percute
3530 2656 3616 2694 nte.
3638 2635 3711 2701 Qui
3727 2649 3790 2701 pa-

2317 2753 2480 2808 cussit
2505 2765 2646 2814 eum,
2678 2755 2726 2800 et
2751 2740 3060 2799 vulneravit.
3090 2737 3230 2790 Abiit
3258 2751 3390 2806 ergo
3418 2731 3664 2803 propheta,
3691 2733 3722 2776 et
3744 2737 3791 2771 et-

2318 2842 2482 2896 currit
2512 2839 2620 2909 regi
2645 2838 2700 2890 in
2724 2835 2829 2898 vin,
2867 2841 2916 2886 et
2945 2827 3161 2883 mutavit
3192 2824 3498 2896 aspersione
3518 2818 3697 2890 palmis
3715 2829 3750 2864 ω
3766 2820 3792 2860 ά

2321 2931 2499 2988 oculos
2529 2908 2671 2984 suos.
2705 2923 2938 2994 Cumque
2965 2919 3235 2982 transiret,
3267 2912 3514 2969 clamavit
3539 2910 3598 2963 ad
3622 2908 3791 2976 regem,“

2323 3024 2395 3078 ait
2433 3037 2451 3076 :
2481 3019 2676 3076 Servus
2708 3025 2830 3070 tuus
2851 2987 3106 3082 egressus
3144 3016 3219 3062 est
3254 3005 3331 3059 ad
3367 3000 3676 3073 prwliandvm
3701 2991 3791 3046 ωιιὶ-
3850 2987 3851 2998 “

2326 3129 2461 3176 nus;
2491 3124 2709 3178 eumque
2741 3103 2955 3176 fugisset
3002 3101 3084 3154 vir
3111 3113 3266 3161 unus,
3302 3093 3524 3148 adduxit
3550 3103 3646 3145 eum
3666 3082 3793 3156 quidem
3850 3105 3851 3162 ς

2330 3205 2398 3259 ad
2436 3175 2548 3265 me,
2589 3175 2636 3253 et
2667 3197 2740 3251 ait
2769 3212 2786 3250 :
2819 3191 3036 3248 Custodi
3067 3189 3234 3244 virum
3265 3187 3431 3241 istam
3467 3199 3486 3237 :
3517 3180 3595 3251 qui
3629 3177 3664 3230 si
3694 3175 3795 3240 lapsu

2246 3270 2296 3335 ο
2327 3295 2516 3366 fuerit,
2548 3293 2644 3346 erit
2677 3288 2855 3342 anima
2882 3295 2973 3338 tua
2997 3298 3088 3353 pro
3116 3280 3302 3334 anima
3329 3277 3478 3346 ejus,
3525 3279 3603 3326 aut
3638 3265 3794 3320 talentis

2326 3355 2529 3458 argenti
2558 3381 2836 3454 appendes.
2868 3377 3008 3431 Dum
3037 3384 3213 3428 autem
3241 3387 3342 3441 ego
3368 3369 3594 3423 turbatus
3618 3363 3692 3413 hac
3711 3355 3793 3408 illac
3850 3359 3851 3432 ξ

2323 3495 2423 3549 que
2463 3492 2542 3530 me
2578 3483 2821 3529 verterem
2843 3510 2858 3535 ,
2907 3466 3075 3527 subito
3116 3479 3220 3517 non
3257 3459 3572 3530 comparuit.
3599 3451 3654 3506 Et
3679 3447 3729 3500 ait
3753 3454 3797 3493 in

2327 3537 2498 3624 Israel
2535 3567 2602 3620 ad
2643 3575 2804 3618 eum:
2841 3559 2956 3614 Hoc
2986 3567 3059 3612 est
3089 3554 3363 3626 judicium
3409 3563 3578 3611 tuum,
3615 3539 3716 3614 quod
3740 3537 3798 3601 φα

2328 3658 2621 3716 decrevisti.
2664 3656 2731 3709 At
2769 3653 2858 3708 ille
2884 3651 3061 3706 statim
3093 3647 3342 3702 abstersit
3378 3643 3618 3715 pulverem
3652 3635 3698 3686 dt
3723 3626 3801 3693 lla?

2329 3771 2426 3808 sua
2448 3794 2463 3819 ,
2502 3761 2549 3805 et
2586 3747 2823 3819 cognovit
2860 3758 2979 3799 eum
3017 3756 3109 3795 rex
3137 3737 3348 3800 Israel,
3383 3734 3518 3806 quod
3544 3735 3652 3786 esset
3675 3723 3801 3788 deire

2299 3809 2517 3918 'pltctis.
2566 3809 2672 3907 Qui
2709 3840 2782 3893 ait
2814 3837 2881 3890 ad
2917 3851 3033 3890 eum
3061 3849 3081 3886 :
3115 3830 3246 3885 Iltrc
3290 3829 3421 3882 dicit
3464 3825 3706 3880 Dominus,
3734 3809 3801 3878 ςιέί

2331 3938 2577 3993 dimisisti
2601 3931 3006 4000 virumdignum
3032 3935 3197 3979 morte
3219 3924 3285 3977 de
3309 3937 3473 3976 manu
3494 3928 3596 3979 tua,
3613 3910 3686 3966 erit
3700 3903 3803 3956 uti“

2335 4039 2428 4082 tua
2452 4043 2545 4096 pro
2578 4027 2756 4080 anima
2785 4020 2899 4091 ejus
2919 4059 2934 4082 ,
2967 4029 3020 4073 et
3057 4013 3280 4087 populus
3317 4024 3442 4066 tuus
3471 4023 3560 4079 pro
3580 3989 3802 4074 ροριέθτιίιί

2337 4121 2453 4193 (III
2491 4119 2616 4189 Reg.
2649 4133 2745 4183 xx,
2773 4113 2981 4185 ’ὅθ-θα).

2341 4267 2469 4322 (ΞΜ).
2503 4261 2663 4317 XXII.
2685 4255 3066 4340 —Caventlrtm
3093 4235 3442 4333 principibus,
3473 4262 3532 4298 ne
3554 4237 3805 4298 scelerath

2797 4332 3045 4383 arnicitiis
3070 4332 3486 4392 coniungantur.

2416 4492 2522 4550 Sed
2545 4499 2601 4547 et
2622 4487 3038 4545 cavendumest
3060 4476 3426 4552 principibus,
3456 4484 3524 4528 ne
3546 4466 3677 4522 etiam
3696 4452 3805 4552 linit?

648 4541 872 4600 sepues,
911 4541 1008 4582 seu
1035 4541 1090 4580 el
1117 4541 1422 4592 septuaglcs
1448 4541 1649 4588 mplius
1673 4541 1870 4570 υηυιιιι
1903 4541 2241 4581 νιιυυδνυιιιν
2417 4541 2522 4550 ’“’“”“”
2550 4541 2599 4547 vv
2630 4541 2684 4545 '"
2704 4541 2709 4543 ’
2732 4541 2767 4544 ’νγ
2805 4541 2810 4542 ⁷
3062 4541 3078 4552 ’
3240 4541 3257 4548 ’

637 4621 793 4676 sciat
818 4618 922 4672 hoc
949 4616 1015 4670 de
1043 4611 1268 4677 nostris,
1299 4625 1406 4665 non
1435 4609 1503 4663 de
1531 4603 1729 4661 divinis
1757 4607 2085 4673 praeceptum
2123 4610 2243 4652 esse
2273 4623 2326 4684 ι)
2347 4585 2489 4642 modi
2526 4581 2913 4639 sceleralorum
2945 4569 3201 4628 διηίεῖῑίίε
3230 4565 3630 4636 ωηὲιιηεδυιυτν
3667 4541 3808 4684 Erum.

2350 4681 2359 4684 _
2543 4676 2576 4684 ..
2629 4675 2640 4684 .
2733 4671 2756 4684 ι.
2846 4667 3152 4684 ..οωμμμμ
3195 4657 3493 4684 -..ηηεηεηηο
3559 4668 3576 4684 .
3614 4643 3677 4684 ιι,
3755 4643 3807 4682 ΞΒ,

629 4711 870 4781 'iniuriis
891 4727 903 4763 :
925 4707 1048 4779 quia
1073 4703 1383 4772 utProsper
1411 4697 1681 4756 de‘verbis
1711 4693 1856 4751 beati
1875 4689 2158 4762 Augustini
2185 4689 2238 4742 in

635 4779 1226 4858 libro‘Sententiat-um
1251 4791 1380 4847 dicit
1406 4788 1560 4861 (seru.
1588 4785 1717 4856 210)
1743 4801 1757 4838 :
1801 4802 1829 4835 «η
1850 4782 2101 4844 Peccata,
2130 4779 2244 4833 sive

652 4910 845 4968 parva,
860 4892 973 4946 sive
986 4901 1200 4958 magna,
1221 4881 1481 4954 impunita
1497 4893 1617 4934 esse
1634 4893 1740 4932 non
1754 4883 1996 4947 possunt,
2016 4871 2139 4942 quia
2153 4877 2247 4924 aut

654 4961 877 5044 homine
896 4981 1216 5053 pmnitente,
1235 4984 1326 5030 aut
1343 4972 1459 5027 Deo
1475 4970 1750 5040 iudicante
1764 4965 2094 5037 plectuntur.
2112 4961 2243 5014 Ces-

657 5089 746 5134 sat
775 5086 957 5132 autem
983 5072 1221 5128 vindicta
1256 5067 1471 5128 divina,
1519 5063 1564 5118 si
1614 5060 1898 5117 conversio
1944 5061 2244 5128 praecurrat

660 5171 920 5223 humana.
950 5163 1113 5218 Amat
1141 5159 1285 5215 enim
1315 5157 1461 5211 Deus
1487 5151 1871 5208 confitentibus
1891 5149 2153 5218 parcere,
2192 5151 2249 5197 et

662 5273 760 5314 eos
787 5255 878 5324 qui
910 5251 1228 5321 semetipsos
1250 5246 1498 5317 iudicant
1523 5256 1629 5296 non
1649 5238 1915 5309 iudicare.
1950 5259 1967 5289 ι

650 5415 800 5469 Car.
843 5410 981 5464 XXI.
1005 5437 1076 5450 --
1096 5383 1298 5459 Timeat
1324 5401 1560 5471 princeps
1587 5414 1650 5471 ne
1676 5393 1915 5471 scelerati
1939 5391 2252 5460 cujusquam

868 5477 1167 5530 muneribus
1199 5472 1278 5520 uel
1316 5463 1708 5520 adulationibus
1745 5463 2056 5514 decipiatur.

2341 4676 2581 4753 iusmodi
2628 4675 2683 4728 in
2730 4667 3154 4725 familiaritatem
3194 4657 3512 4727 suscipiant.
3559 4668 3576 4702 ι
3613 4639 3807 4753 Μιιοτεοιξι

2348 4721 2525 4844 inquit
2542 4772 2734 4826 beatus
2749 4758 3044 4833 Gregorius
3065 4750 3356 4827 (Pastoral.
3368 4789 3385 4814 ,
3398 4753 3536 4818 part.
3553 4756 3628 4802 ut.
3646 4747 3732 4801 cap.
3746 4721 3808 4781 θέεν

2349 4881 2473 4922 cum
2505 4864 2721 4917 incaute
2755 4851 3010 4910 amicitiis
3037 4844 3438 4918 coniungimur,
3470 4835 3624 4906 culpis
3653 4828 3804 4914 ligauit?
3850 4871 3851 4892 η

2351 4957 2515 5013 Unde
2533 4951 2812 5022 Josaphat,
2857 4945 2949 5016 qui
2995 4949 3076 4996 tot
3114 4910 3181 4994 de
3217 4910 3468 4991 anteacta
3506 4929 3605 4982 vita
3629 4910 3808 4992 praemii
3850 4937 3851 4972 ξ

2354 5049 2638 5111 attollitur,
2662 5009 2750 5098 .de
2793 5009 2980 5094 Achab
3021 5035 3162 5105 regis
3202 5027 3457 5084 amicitiis
3488 5034 3612 5094 pene
3639 5009 3808 5109 perii“I115

2355 5145 2684 5210 increpatur.
2728 5134 2825 5189 Cui
2867 5148 2897 5185 a
2933 5128 3162 5183 Domino
3197 5138 3290 5194 per
3313 5115 3630 5189 prophetam
3665 5099 3808 5197 didi“:

2357 5188 2528 5302 Impia
2552 5227 2748 5300 praebes
2779 5221 3056 5282 auxilium,
3095 5227 3142 5270 et
3174 5188 3251 5267 liis
3275 5188 3368 5282 qui
3404 5209 3609 5262 oderunt
3636 5188 3811 5250 Domit“

2324 5345 2330 5352 '
2359 5323 2593 5380 amicitia
2615 5315 2879 5390 jungeris,
2907 5323 2954 5367 et
2979 5310 3173 5365 idcirco
3200 5306 3332 5359 iram
3359 5300 3561 5373 quidem
3586 5283 3740 5346 Domini
3758 5289 3812 5390 re:

2361 5415 2580 5477 rebaris,
2619 5411 2708 5465 sed
2737 5409 2870 5461 bona
2900 5419 3056 5473 opera
3091 5402 3292 5454 inventa
3338 5402 3460 5447 sunt
3499 5389 3549 5441 in
3579 5393 3638 5441 te,
3667 5391 3709 5428 ιθ

2408 5508 2414 5509 ,
2523 5503 2533 5510 ‘
2567 5454 2580 5477 ’
2600 5503 2610 5512 _
2670 5500 2680 5512 .
2853 5497 2896 5518 ι-
2923 5454 2956 5520 .r.
3018 5509 3058 5514 .-
3098 5489 3226 5524 τηλη
3253 5484 3341 5528 (ιι
3372 5482 3495 5531 pan
3518 5490 3620 5536 ιη,
3642 5454 3809 5530 2'3iulzv

3735 5383 3771 5433 gi:
3778 5359 3809 5408 el

3678 443 3851 510 8‘8i
