4006 6338
147 447 269 505 ωε)

1019 439 1143 496 'DE
1176 437 1380 494 REGIS
1419 431 1737 490 ransom
1767 430 1856 487 ET
1892 419 2111 492 ’κεριο
2151 437 2574 494 MINISTEBIO.

3327 437 3434 492 850

149 554 512 619 concordiam
544 576 648 614 non
680 559 911 622 timeret,
939 558 1125 612 dicens
1155 575 1167 609 :
1206 553 1395 609 Nonne
1427 553 1518 622 qui
1545 562 1593 605 te
1622 550 1742 603 ode-
1769 553 1818 611 Α
1847 549 2014 616 cium,
2037 553 2270 606 animam
2302 551 2419 620 ejus
2448 561 2626 607 tamen
2659 550 3076 615 commendavit,
3095 561 3150 604 ut
3173 552 3229 606 in
3248 550 3432 606 futuro

150 665 310 718 runt,
342 654 504 715 Deus.
532 652 746 705 oderam
774 648 912 713 illos,
939 657 987 702 et
1017 664 1174 716 super
1195 645 1431 700 inimicos
1454 653 1570 696 tuos
1599 639 1744 693 tabe-

147 737 413 801 scebat»?
463 743 702 812 Perfecto
748 741 868 795 odio
919 740 1134 794 oderam
1179 738 1335 802 illos,
1379 733 1578 790 inimici
1619 733 1749 801 facti

150 847 289 890 sunt
320 835 446 890 mihi
477 832 651 903 (Psal.
683 847 948 894 cxxxvm,
991 831 1093 894 2!,
1135 829 1248 901 22).
1291 827 1544 883 Inimicos
1581 825 1746 880 etiam

131 929 261 982 .Dei
294 927 532 997 perfecto
557 927 685 982 ‘odio
713 925 892 980 odisse
919 933 1033 989 est,
1066 923 1134 978 ad
1166 923 1308 992 quod
1337 921 1466 975 facti
1501 928 1629 974 sunt
1667 919 1747 971 di-

149 1020 356 1090 ligere,
401 1029 458 1076 et
495 1017 635 1088 quod
670 1017 875 1071 faciunt
908 1017 1212 1086 increpare,
1246 1027 1422 1068 mores
1455 1025 1745 1081 pravorum

149 1127 434 1181 premere,
466 1110 590 1165 vita:
619 1101 895 1181 prodesse.

150 1259 298 1316 Cn.
339 1256 524 1314 XXIII.
551 1288 622 1300 —
647 1257 1010 1339 Quod'sancti'
1027 1258 1124 1312 viri
1153 1257 1609 1340 ad'incutiendum
1637 1271 1742 1309 mc-

486 1340 597 1383 tum
621 1345 738 1384 τεοε
765 1340 932 1385 marte
956 1338 1082 1399 jure
1113 1338 1429 1398 punivermt.

231 1463 373 1532 Quia
394 1464 539 1519 enim
567 1463 742 1519 sancti
771 1463 896 1526 viri,
931 1478 1040 1534 non
1068 1461 1242 1518 solum
1267 1461 1452 1515 talium
1477 1458 1745 1514 amicitias

149 1554 507 1616 vitaverunt,
535 1552 631 1607 sed
657 1550 724 1606 ad
755 1551 1124 1608 incutiendum
1168 1550 1472 1605 viventibus
1509 1558 1708 1603 metum
1727 1589 1742 1614 ,

149 1645 330 1698 etiam
351 1642 473 1712 jure
505 1657 626 1698 reos
639 1652 814 1698 morte
827 1643 1135 1713 puniernnt.
1164 1643 1303 1695 sicut
1325 1642 1514 1696 beatus
1531 1641 1743 1710 Augus-

153 1733 314 1787 tinus
346 1733 398 1808 in
430 1732 568 1808 libro
598 1734 664 1788 de
689 1733 953 1787 Sermone
984 1733 1190 1787 Domini
1223 1732 1275 1784 in
1308 1741 1488 1784 inmite
1518 1730 1741 1782 demon-

151 1833 322 1884 strat,
351 1824 534 1878 dicens
561 1823 672 1893 (lib.
702 1841 739 1887 ι,
769 1841 885 1893 cap.
909 1824 1004 1892 ΞΟ)
1033 1842 1046 1876 :
1084 1841 1102 1873 ι
1135 1822 1308 1892 Magni
1337 1831 1392 1875 et
1417 1822 1588 1874 sancti
1617 1819 1741 1882 viri,

1848 640 1899 695 ei
1929 641 2127 696 saeculo
2152 652 2466 712 parceretur
2495 661 2508 696 :
2535 641 2690 710 cujus
2716 658 2745 696 a
2781 642 2936 696 leone
2962 642 3126 696 occisi
3156 657 3185 696 a
3234 650 3443 698 caetero

1848 747 2077 801 corpore
2116 733 2443 802 discerptam
2489 749 2707 786 manum
2737 733 2888 788 canis
2917 732 3092 787 intulit
3122 732 3342 794 mensis,
3373 732 3439 785 in;

1849 819 2045 888 quibus
2069 821 2461 876 oonvivabatur
2489 823 2780 892 apostolus.
2816 823 2912 877 Cui
2959 823 3241 892 scripturae
3291 822 3422 878 licet

1849 911 2004 966 nobis
2029 927 2134 966 non
2180 915 2440 969 credere:
2471 931 2576 968 non
2625 915 2770 969 enim
2808 925 2891 970 est
2930 916 2984 970 in
3028 915 3292 971 catholico
3335 932 3428 970 ca-

1848 1017 1989 1056 none
2022 1021 2035 1056 :
2070 1003 2146 1058 illi
2176 1013 2358 1061 tamen
2387 1021 2505 1060 eam
2533 1015 2587 1061 et
2616 1007 2835 1077 legunt,
2861 1017 2916 1063 et
2956 1016 3210 1076 tanquam
3253 1010 3429 1064 incor-

1847 1095 2216 1164 ruptissimam
2243 1099 2693 1169 verissimamque
2723 1100 3020 1164 honorant,
3048 1102 3140 1169 qui
3169 1102 3428 1156 adversus

1845 1190 2155 1256 corporales
2177 1191 2440 1246 vindictas
2483 1208 2603 1261 quae
2625 1202 2750 1246 sunt
2771 1193 2824 1246 in
2853 1191 3030 1247 Veteri
3059 1194 3427 1253 Testamento.

1845 1280 2030 1334 nescio
2059 1295 2163 1348 qua
2193 1282 2436 1337 carcitate
2467 1285 2735 1338 acerrime
2762 1285 3011 1347 saeviunt,
3033 1299 3142 1352 quo
3167 1285 3348 1339 animo
3376 1295 3433 1338 et

1847 1387 1952 1439 qua
1985 1372 2364 1430 distributione
2395 1387 2701 1446 temporum
2742 1373 2899 1430 factae
2928 1384 3052 1429 sunt
3079 1375 3300 1430 omnino
3330 1389 3430 1428 ne-

1847 1463 2100 1518 scientes.
2133 1464 2428 1520 Tenebitur
2453 1480 2584 1534 ergo
2623 1466 2675 1520 in
2706 1467 2809 1520 hoc
2860 1464 3174 1534 injuriarum
3211 1479 3426 1534 genere,

1847 1553 2110 1622 quodper
2131 1553 2423 1608 vindictam
2457 1554 2641 1618 luitur,
2673 1555 2776 1609 iste
2798 1570 2826 1608 a
2855 1553 3183 1608 Christianis
3213 1553 3426 1615 modus,

1848 1651 1907 1692 nt
1954 1651 2172 1710 accepta
2225 1641 2420 1710 injuria
2459 1659 2565 1698 non
2624 1654 2811 1713 surgat
2842 1645 2893 1698 in
2919 1644 3123 1704 odium,
3154 1642 3245 1697 sed
3273 1643 3427 1697 inlir-

1851 1735 2052 1787 unitatis
2080 1733 2450 1788 misericordia
2479 1745 2701 1804 paratus
2735 1735 2805 1789 sit
2848 1734 3061 1788 animus
3108 1733 3261 1802 plura
3304 1749 3430 1802 per-

1853 1825 1986 1891 peti,
2020 1840 2120 1878 nec
2155 1824 2543 1894 correptionem
2584 1827 2853 1897 negligat,
2885 1841 2991 1894 qua
3041 1824 3124 1878 vel
3175 1823 3440 1883 consilio.

150 1915 256 1980 qui
279 1914 392 1980 jam
426 1913 626 1982 Optime
658 1901 860 1968 scirent
884 1924 1112 1969 mortem
1142 1915 1326 1976 istam,
1359 1929 1478 1982 qum
1505 1914 1740 1966 animam
1775 1923 1820 1982 Β
1849 1917 1931 1970 vel
1962 1916 2303 1981 auctoritate,
2335 1917 2416 1970 vel
2446 1927 2714 1987 potestate
2743 1917 2820 1971 uti
2848 1924 3045 1988 potest.
3085 1935 3104 1967 ι

150 2001 412 2056 dissolvit
433 2018 462 2055 a
476 2017 724 2071 corpore,
742 2018 848 2057 non
868 2018 990 2059 esse
1007 2003 1422 2067 formidandam,
1447 2003 1743 2058 secundum

148 2107 358 2146 eorum
395 2101 575 2150 tamen
603 2093 844 2149 animum
870 2095 961 2164 qui
991 2095 1139 2150 illam
1166 2095 1452 2159 timerent,
1491 2093 1744 2148 nonnulla

149 2190 386 2251 peccata
411 2191 584 2237 morte
604 2184 918 2252 punierunt,
941 2200 1048 2254 quo
1070 2194 1126 2239 et
1147 2184 1450 2239 viventibus
1470 2184 1614 2239 utilis
1638 2199 1746 2240 mc-

153 2283 254 2328 tus
277 2273 631 2338 incuteretnr,
670 2284 726 2329 et
746 2275 854 2331 illis
883 2277 978 2346 qui
1011 2286 1184 2331 morte
1219 2276 1602 2345 puniebantur,
1636 2291 1741 2331 non

151 2364 281 2435 ipsa
303 2380 451 2421 mors
473 2376 712 2433 noceret,
741 2369 839 2424 sed
855 2378 1135 2436 peccatum
1155 2409 1170 2432 ,
1191 2369 1333 2439 quod
1357 2368 1539 2438 augeri
1565 2375 1748 2437 posset

153 2458 212 2511 si
240 2457 504 2512 viverent.
534 2459 648 2514 Non
681 2471 885 2516 temere
925 2461 998 2515 illi
1036 2462 1388 2532 judicabant,
1419 2461 1614 2530 quibus
1642 2459 1745 2516 tale

147 2547 428 2626 judicium
445 2551 746 2606 donaverat
773 2551 936 2606 Deus.
965 2553 1090 2606 lnde
1115 2564 1198 2607 est
1220 2553 1358 2617 quod
1383 2553 1524 2607 Elias
1547 2551 1746 2606 multos

159 2650 345 2695 morte
374 2627 602 2707 aﬂ'ecit,
625 2655 680 2698 et
709 2645 923 2716 pr0pria
959 2662 1117 2699 manu
1149 2644 1266 2714 (111
1305 2643 1430 2714 Reg.
1475 2645 1654 2714 xvm),
1692 2652 1748 2697 et

159 2729 294 2800 igne
323 2730 578 2785 divinitus
619 2734 908 2802 impetrato
956 2733 1074 2802 (IV
1108 2734 1235 2804 Reg.
1278 2735 1340 2805 I),
1395 2749 1516 2788 cum
1564 2743 1620 2788 et
1654 2733 1745 2788 alii

162 2819 360 2885 multi,
407 2831 462 2876 et
505 2823 671 2878 divmi
703 2826 882 2896 magni
913 2826 1013 2880 viri
1043 2826 1230 2880 eodem
1261 2825 1454 2894 spiritu
1486 2823 1749 2894 tranquil-

165 2909 346 2965 landis
376 2910 537 2966 rebus
567 2912 817 2969 humanis
847 2930 951 2968 non
991 2925 1194 2971 temere
1230 2914 1475 2969 fecerint.
1523 2915 1600 2970 De
1641 2929 1749 2984 quo

164 3001 286 3054 Elia
331 3017 451 3055 cum
502 3004 807 3073 exemplum
860 3006 1134 3060 dedissent
1189 3006 1435 3076 discipuli
1481 3006 1747 3071 Domino,

162 3100 655 3147 commemorantes
685 3093 826 3161 quod
872 3095 940 3150 ab
979 3110 1045 3150 eo
1090 3096 1288 3150 factum
1337 3097 1428 3154 sit.
1482 3106 1540 3150 ut
1582 3095 1746 3150 etiam

165 3178 303 3248 ipsis
336 3179 492 3235 daret
534 3193 854 3252 potestatem
903 3187 1118 3255 petendi
1160 3187 1226 3240 de
1261 3185 1398 3240 caelo
1427 3186 1634 3255 ignem,
1675 3186 1741 3239 ad

167 3271 567 3326 consumendos
592 3288 684 3328 eos
715 3275 802 3342 qui
833 3275 934 3329 sibi
965 3276 1256 3346 hospitium
1285 3292 1388 3330 non
1421 3277 1741 3344 praeberent,
1770 3271 1822 3336 (Ξ

167 3362 518 3431 reprehendit
563 3364 624 3428 in,
664 3365 743 3419 eis
791 3363 1072 3429 Dominus,
1116 3357 1222 3420 non
1268 3366 1572 3436 exemplum
1621 3383 1748 3436 pro-

165 3453 346 3520 pheta:
389 3455 602 3518 sancti,
664 3457 758 3509 sed
807 3456 1165 3526 ignorantiam
1223 3457 1568 3517 vindicandi.
1629 3473 1750 3526 qua:

167 3543 347 3601 adhuc
377 3554 509 3598 erat
558 3545 612 3598 in
672 3546 930 3610 rudibus,
988 3547 1426 3602 animadvertetis
1484 3563 1578 3602 eos
1641 3564 1746 3602 non

168 3648 358 3687 amore
404 3634 840 3703 correptionem,
899 3641 994 3690 sed
1039 3636 1163 3690 odio
1209 3636 1520 3691 desiderare
1571 3637 1746 3690 vindi-

167 3731 314 3776 ctam
351 3719 500 3791 (Luc.
537 3724 640 3792 is).
683 3723 866 3793 Itaque
902 3733 1253 3794 posteaquam
1284 3741 1378 3780 eos
1407 3725 1590 3780 docuit
1619 3725 1749 3795 quid

167 3820 320 3865 esset
356 3810 921 3881 diligere'proximum
966 3825 1218 3883 tanquam
1258 3815 1524 3882 seipsum,
1571 3814 1748 3871 infuso

166 3903 336 3957 etiam
372 3901 574 3974 Spiritu
601 3915 994 3975 sancto,.quem
1019 3907 1204 3962 decem
1238 3907 1428 3962 diebus
1459 3909 1745 3978 completis

168 4003 294 4063 post
317 3995 688 4049 ascensionem
724 4011 876 4050 suam
905 3997 1137 4067 desuper
1164 4004 1222 4050 ut
1248 3997 1573 4065 promiserat
1602 3997 1750 4052 misit

169 4085 310 4146 (Act.
364 4084 451 4155 ιι),
501 4101 606 4140 non
658 4084 960 4142 defuerunt
995 4088 1129 4143 tales
1173 4089 1460 4154 vindictaz,
1501 4089 1749 4159 quamvis

170 4173 343 4227 multo
378 4174 555 4230 rarius
581 4191 746 4244 quam
769 4177 823 4233 in
855 4175 1035 4232 Veteri
1060 4177 1421 4234 Testamento.
1471 4179 1547 4234 ibi
1599 4181 1747 4236 enim

170 4278 239 4317 ex
262 4263 467 4334 majore
492 4275 647 4333 parte
675 4266 972 4322 servientes
994 4267 1187 4322 timore
1210 4268 1633 4337 premebantur:
1658 4269 1749 4325 hic

170 4363 354 4409 autem
390 4356 624 4410 maxima
655 4356 942 4412 dilectione
977 4357 1130 4414 liberi
1177 4359 1575 4415 nutriebantur.
1610 4357 1746 4414 Nam

166 4455 226 4499 et
250 4446 430 4500 verbis
455 4446 684 4516 apostoli
715 4446 884 4512 Petri,
910 4449 1150 4505 Ananias
1191 4459 1246 4505 et
1273 4465 1412 4505 uxor
1443 4449 1580 4520 ejus,
1609 4451 1748 4506 sicut

167 4536 225 4590 in
256 4537 482 4592 Actibus
511 4537 877 4606 apostolorum
925 4539 1171 4611 legimus,
1216 4541 1497 4596 exanimes
1538 4541 1748 4596 cecide-

165 4636 320 4692 runt;
352 4644 451 4683 nec
481 4630 790 4685 resuscitati
819 4640 966 4698 sunt,
1005 4633 1099 4688 sed
1138 4633 1327 4700 sepulti
1380 4635 1516 4700 (Act.
1549 4637 1625 4702 v).
1678 4633 1744 4688 Et
1768 4612 1825 4673 Β

167 4721 217 4777 si
244 4721 540 4777 huicvlibro
567 4723 826 4786 haeretici,
852 4725 941 4793 qui
985 4725 1340 4781 adversantur
1361 4734 1416 4780 et
1439 4725 1619 4780 Veteri
1649 4725 1747 4780 Te-

166 4822 462 4879 stamento,
487 4815 675 4872 nolunt
719 4816 962 4881 credere,
989 4817 1222 4872 Paulum
1255 4818 1556 4887 apostolum
1586 4830 1748 4886 quem

165 4905 456 4961 nobiscum
488 4905 671 4974 legunt
715 4906 1048 4971 intueantur,
1091 4907 1359 4962 dicentem
1396 4908 1464 4962 de
1514 4906 1746 4975 quodam

165 4978 673 5065 peccatorezmicm
700 4997 898 5050 tradidi
927 4996 1144 5052 Satame
1168 4997 1222 5050 in
1247 4997 1516 5050 interitum
1549 4995 1744 5060 carnis,

166 5093 227 5137 ut
262 5084 442 5138 anima
472 5084 616 5138 salva
645 5087 712 5139 sit
761 5084 814 5154 (1
837 5084 961 5140 Cor.
991 5101 1046 5151 ν,
1071 5085 1148 5156 5).
1203 5085 1270 5140 Ει
1316 5086 1361 5141 si
1415 5085 1606 5140 nolunt
1656 5085 1748 5140 hie

167 5183 405 5230 mortem
451 5175 750 5246 intelligere
794 5175 1048 5246 (fortasse
1097 5177 1242 5231 enim
1298 5176 1564 5231 incertum
1617 5175 1742 5245 est),

167 5266 470 5336 quamlibet
487 5268 777 5322 vindictam
798 5283 894 5337 per
917 5267 1172 5322 Satanam
1194 5269 1390 5323 factam
1412 5268 1747 5339 abApostolo

167 5356 448 5411 fateantur
478 5375 492 5411 :
527 5359 668 5427 quod
702 5374 807 5412 non
834 5373 953 5414 eam
990 5359 1115 5414 odio
1157 5358 1252 5413 sed
1297 5373 1483 5414 amore
1531 5359 1745 5425 fecisse,

169 5447 484 5502 manifestat
507 5448 638 5503 illud
667 5450 960 5519 adjectum,
985 5459 1044 5503 ut
1081 5451 1258 5503 anima
1281 5449 1426 5503 salva
1446 5451 1534 5504 sit.
1560 5449 1668 5504 Aut
1691 5450 1747 5504 in

133 5535 481 5616 .illislibris,
511 5537 706 5606 quibus
747 5539 845 5608 ipsi
887 5554 1135 5609 magnam
1180 5540 1423 5594 tribuunt
1459 5539 1753 5595 auctorita-

175 5635 312 5691 tem,
334 5627 774 5683 animadvertant
794 5629 937 5697 quod
968 5629 1214 5692 dicimus,
1240 5629 1330 5683 ubi
1359 5629 1618 5698 scriptum
1647 5637 1750 5693 est,

138 5715 483 5786 'apostolutn
537 5717 799 5772 Thomam
860 5719 1212 5788 imprccatum
1259 5720 1498 5782 cuidam,
1552 5734 1582 5772 a
1647 5735 1753 5788 quo

176 5805 361 5882 palma
392 5823 680 5878 percussus
710 5819 873 5877 esset,
919 5810 1272 5866 atrocissima:
1319 5811 1510 5866 martis
1556 5811 1755 5883 suppli-

1847 2049 1974 2105 ΟΜ».
2027 2048 2215 2105 XXIV.
2255 2079 2321 2090 —
2372 2049 2526 2130 Quod
2547 2051 2788 2130 occidere
2807 2051 3070 2131 bontinem
3102 2066 3205 2104 non
3228 2066 3440 2119 semper

2408 2137 2745 2175 criminosum
2772 2130 2856 2175 δτι.

1918 2232 2070 2300 Quod
2100 2234 2347 2288 occidere
2373 2233 2646 2289 hominem
2678 2249 2782 2290 non
2822 2249 3036 2304 semper
3073 2233 3428 2290 criminosum

1849 2321 1938 2385 sit,
1969 2322 2063 2376 sed
2111 2321 2315 2377 malitia
2361 2339 2466 2378 non
2519 2324 2728 2395 legibus
2772 2324 3022 2380 occidere
3076 2324 3426 2378 criminosum

1850 2412 1938 2475 sit,
1972 2413 2098 2482 quia
2129 2430 2232 2468 non
2261 2413 2459 2469 factum
2504 2417 2557 2469 in
2606 2416 2834 2480 talibus,
2857 2416 3114 2485 quoniam
3157 2415 3426 2469 interdum

1851 2509 1907 2554 et
1946 2511 2093 2556 recte
2137 2502 2215 2566 lit,
2245 2505 2338 2558 sed
2383 2505 2595 2558 animus
2630 2504 2770 2558 male
2800 2503 3088 2558 consulens
3117 2503 3425 2564 damnetur,

1850 2589 2182 2660 Augustinus
2213 2591 2264 2646 in
2292 2591 2431 2646 libro
2455 2593 2521 2646 de
2554 2592 2787 2648 Civitate
2814 2591 2908 2646 Dei
2953 2591 3313 2653 demonstrat,
3346 2590 3428 2644 di-

1853 2695 1985 2735 cens
2017 2694 2032 2733 :
2069 2699 2088 2731 ‹
2135 2679 2193 2734 Si
2236 2681 2358 2749 quis
2384 2682 2583 2736 bonum
2610 2681 2880 2752 putaverit
2904 2693 3023 2735 esse
3051 2681 3194 2749 quod
3226 2680 3426 2734 malum

1852 2781 1959 2836 est,
1985 2780 2040 2825 et
2065 2770 2256 2826 fecerit
2286 2773 2388 2828 hoc
2418 2773 2674 2843 putando,
2696 2773 2880 2842 utique
2905 2780 3114 2842 peccat,
3137 2778 3192 2826 et
3210 2785 3272 2825 ea
3303 2780 3431 2825 sunt

1851 2861 2034 2916 omnia
2084 2870 2304 2931 peccata
2366 2861 2708 2932 ignorantia,
2753 2862 2969 2931 quando
3019 2862 3248 2932 quisque
3290 2863 3430 2918 bene

1853 2952 1969 3007 ﬁeri
1994 2962 2148 3022 putat
2181 2953 2324 3022 quod
2358 2953 2498 3008 male
2527 2952 2603 3007 fit.
2628 2952 2702 3008 De
2729 2953 3044 3010 occidendis
3094 2953 3424 3017 hominibus,

1851 3058 1920 3098 ne
1947 3043 2016 3098 ab
2040 3043 2121 3098 eis
2143 3044 2426 3113 quisquam
2464 3045 2764 3109 occidatur,
2798 3060 2906 3099 non
2935 3044 3062 3099 mihi
3096 3044 3273 3114 placet
3297 3058 3450 3098 con»

1850 3135 2051 3202 silium,
2083 3135 2187 3190 nisi
2226 3134 2366 3191 forte
2399 3137 2471 3190 sit
2499 3135 2672 3201 miles,
2729 3144 2825 3190 aut
2882 3135 3120 3206 publica
3149 3135 3445 3190 functione-

1852 3235 2122 3291 teneatur,
2147 3235 2208 3281 ut
2237 3241 2344 3281 non
2374 3241 2474 3296 pro
2495 3241 2555 3282 se
2585 3228 2688 3282 hoc
2718 3227 2900 3289 faciat,
2924 3227 3018 3281 sed
3045 3242 3144 3295 pro
3170 3225 3309 3290 aliis,
3342 3225 3448 3280 velt

1854 3333 1950 3385 pro
2001 3315 2241 3381 civitate,
2286 3316 2400 3372 ubi-
2433 3317 2595 3372 etiam
2643 3318 2757 3386 ipse
2803 3327 2906 3382 est,
2932 3326 3152 3385 accepta
3189 3316 3444 3386 legitima~

1849 3417 2141 3476 potestate,
2171 3409 2216 3464 si
2243 3407 2361 3476 ejus
2385 3409 2634 3480 congruit
2661 3424 2923 3479 personae.
2954 3407 3057 3474 Qui
3098 3421 3226 3462 vero
3241 3408 3441 3478 -repel-

1850 3502 2038 3557 lantur
2061 3502 2481 3572 aliquo'terrore
2510 3517 2576 3557 ne
2606 3501 2747 3556 male
2796 3499 3020 3564 faciant,
3075 3500 3238 3554 etiam
3291 3498 3440 3568 ipsis

1849 3593 2048 3662 aliquid
2081 3593 2316 3647 fortasse
2340 3601 2645 3664 praestatur.
2676 3591 2814 3646 Hinc
2839 3601 3020 3646 autem
3067 3591 3268 3646 dictum
3319 3599 3444 3653 0st,-

1851 3683 1976 3738 Non
2011 3686 2314 3738 resistamus
2339 3684 2478 3738 malo
2508 3683 2722 3755 (Matth.
2755 3699 2808 3748 v,
2834 3684 2946 3753 59),
2971 3700 3038 3738 ne
3063 3698 3160 3738 nos
3187 3681 3444 3737 vindicta.-

1847 3773 2098 3838 delectet,
2140 3789 2260 3843 qua:
2305 3773 2482 3828 alieno
2535 3775 2679 3828 malo
2728 3775 2967 3828 animum
2995 3773 3204 3843 pascit,
3232 3787 3336 3828 non
3369 3781 3450 3827 ut'.

1849 3863 2242 3920 correctionem
2278 3864 2554 3919 hominum
2579 3863 2936 3936 negligamus.
2971 3884 2989 3914 ι
3018 3903 3022 3906 .

1846 3995 1973 4052 CAP.
2032 3993 2201 4051 XXV.
2243 4025 2314 4035 --
2368 3994 2557 4066 Regem
2604 3996 2901 4064 iniquorum
2939 4005 3276 4050 correctorem
3313 4011 3440 4051 esse:

2494 4074 2748 4136 oportere.

1921 4177 2058 4232 liinc
2085 4185 2308 4234 sanctus
2337 4173 2639 4246 Cyprianus
2665 4176 2717 4229 in
2760 4191 2900 4230 nono
2929 4175 3217 4230 Abusionis
3251 4175 3428 4244 gradu-

1848 4269 1978 4328 dicit
2005 4280 2152 4340 (cap.
2173 4269 2227 4336 9)
2253 4287 2267 4322 :
2297 4287 2314 4319 σ
2347 4266 2547 4337 Regem
2571 4276 2933 4322 correctorem
2968 4267 3273 4336 iniquorum
3303 4282 3436 4321 esse?

1847 4369 2109 4430 oportet:
2143 4359 2302 4414 debet
2353 4358 2495 4412 furta
2550 4358 2833 4422 cohibere,
2885 4355 3146 4412 adulteria
3205 4357 3419 4424 punire,

1847 4451 2042 4520 impios
2086 4450 2154 4505 de
2204 4459 2347 4505 terra
2391 4449 2638 4520 perdere,
2671 4448 2968 4519 parricidas
2996 4455 3051 4502 et
3084 4446 3423 4516 perjurantes

1847 4543 2031 4598 vivere
2057 4557 2164 4597 non
2192 4539 2388 4596 sinere.
2415 4560 2432 4591 ι
2452 4541 2517 4594 Et
2547 4541 2672 4594 item
2705 4539 2844 4593 idem
2873 4539 3009 4609 (cap.
3027 4537 3116 4609 ll)
3147 4555 3159 4591 :
3198 4555 3216 4587 ι
3250 4536 3430 4592 Unde-

1848 4633 2023 4689 cimus
2049 4633 2246 4704 gradus
2271 4631 2543 4686 abusionis
2563 4639 2644 4685 est
2665 4629 2816 4699 plebs
2839 4630 2956 4684 sine
2985 4627 3286 4697 disciplina,
3303 4643 3435 4697 quas

1849 4726 1977 4781 dum
2021 4722 2319 4793 disciplina:
2370 4721 2850 4778 exercitationibus
2884 4736 2988 4774 non
3024 4720 3220 4784 servit,
3253 4719 3432 4772 Deunr

1849 4815 2060 4888 absque
2102 4813 2404 4883 disciplinae
2449 4813 2626 4882 rigore
2674 4828 2782 4867 non
2836 4811 3034 4864 evadit.
3081 4809 3234 4864 Sicut
3277 4809 3423 4862 enim

1850 4905 2032 4960 tunica
2059 4911 2234 4958 totum
2255 4917 2454 4971 corpus
2480 4903 2677 4971 tegitur
2701 4911 2897 4968 prater
2936 4909 3118 4968 caput,
3148 4898 3220 4950 ita
3255 4896 3421 4950 disci-

1848 4995 1992 5066 plina
2013 4993 2190 5048 omnis
2211 4991 2467 5055 Ecclesia,
2489 5001 2688 5061 przeter
2707 4989 3002 5054 Christum,
3025 4988 3149 5056 quia
3185 4985 3424 5040 Ecclesia

1854 5094 1912 5140 et
1946 5085 2049 5139 sub
2091 5082 2378 5152 disciplina
2417 5079 2538 5149 ejus
2569 5081 2868 5150 protegitur
2915 5087 2965 5134 el
3016 5085 3259 5131 ornatur.
3307 5075 3434 5144 Ipsa

1856 5191 1985 5231 vero
2018 5175 2195 5230 tunica
2223 5183 2478 5230 contexta
2505 5173 2737 5243 desuper
2766 5173 3058 5240 fueratper
3082 5177 3269 5229 totum,
3299 5167 3426 5235 quia

1854 5264 2028 5319 eidem
2056 5263 2308 5318 Ecclesiae
2339 5261 2620 5332 disciplina
2652 5278 2683 5315 a
2720 5260 2947 5314 Domino
2974 5260 3040 5314 de
3067 5257 3206 5313 coelo
3239 5257 3433 5311 tribui;

1854 5365 1943 5410 tur
2006 5364 2060 5409 et
2123 5355 2442 5425 integretur.
2496 5353 2698 5407 Tunica
2740 5352 2884 5407 enim
2931 5351 3177 5420 corporis
3223 5349 3435 5404 Christi

1857 5445 2140 5516 disciplina
2169 5445 2422 5500 Ecclesia:
2450 5453 2551 5498 est.
2575 5442 2676 5509 Qui
2702 5452 2883 5497 autem
2913 5437 3068 5496 extra
3089 5441 3428 5509 disciplinam

1857 5547 1964 5601 est,
2011 5537 2220 5592 alienus
2262 5553 2292 5590 a
2337 5551 2564 5605 corpore
2599 5535 2800 5590 Christi
2831 5545 2935 5590 est.
2969 5533 3085 5587 Nan
3123 5533 3442 5588 scindamus

1861 5628 2028 5698 igitur
2055 5627 2222 5689 illam,
2251 5628 2346 5680 sed
2374 5625 2668 5679 sortiantur
2713 5625 2780 5678 dc
2832 5624 2942 5678 illa.
2997 5622 3112 5678 Non
3159 5623 3436 5681 solvamus

1859 5720 2154 5790 quidquam
2185 5717 2251 5772 de
2279 5717 2548 5771 mandatis
2575 5716 2798 5777 Christi,
2830 5717 2922 5771 sed
2959 5716 3329 5784 unusquisque
3378 5715 3450 5771 in.

1861 5825 1970 5882 quo
1998 5817 2220 5865 vocatus
2241 5816 2346 5875 est,
2377 5808 2429 5865 in
2450 5825 2513 5863 cu
2535 5817 2847 5882 permaneat
2877 5806 3015 5877 apud
3046 5805 3250 5863 Deum..
3269 5826 3300 5858 ι,
