4006 6338
588 5483 596 5550 ς

616 391 714 447 851

618 503 806 560 XXVI.
847 532 915 542 --

642 599 647 603 -
975 573 1197 642 principi
1223 570 1255 624 α
1280 570 1389 624 Deo
1419 573 1703 641 permissus
1729 581 1824 624 est.

689 687 755 740 Et
780 687 905 741 hinc
925 693 1148 740 sanctus
1172 684 1516 740 Innocentius
1537 685 1604 738 ad
1642 684 1997 755 Exsuperinm
2029 681 2194 738 Tolo-

608 792 809 832 sanum
839 776 1151 846 episcopum
1178 777 1231 830 in
1259 775 1501 832 Deeretis
1523 778 1636 832 suis
1668 795 1680 830 :
1721 796 1739 828 ι
1767 775 2064 843 Quaesitum
2089 785 2194 840 est,

612 867 814 937 inquit,
838 879 1005 935 super
1039 866 1125 920 his
1162 866 1253 936 qui
1279 875 1400 937 post
1429 866 1757 937 baptismum
1788 866 2198 922 administrave-

618 968 765 1022 rnnt,
791 967 847 1013 et
873 967 968 1012 aut
992 967 1261 1012 tormenta
1294 959 1404 1013 sola
1447 966 1839 1022 exercuerunt,
1887 965 1982 1010 aut
2032 957 2200 1011 etiam

615 1049 900 1118 capitalem
929 1050 1203 1120 protulere
1229 1052 1576 1106 sententiam.
1606 1050 1681 1104 Dc
1711 1050 1796 1104 his
1817 1048 1949 1103 nihil
1971 1047 2200 1119 legimus

616 1155 646 1192 a
679 1139 976 1208 majoribus
997 1138 1300 1194 definitum.
1332 1141 1688 1196 Meminerant
1714 1141 1859 1194 enim
1888 1155 1918 1193 a
1959 1140 2069 1194 Deo
2106 1154 2201 1208 po-

618 1239 846 1286 testates
873 1232 973 1286 has
1003 1231 1169 1286 fuisse
1195 1247 1506 1298 concessas,
1536 1243 1592 1288 et
1634 1240 1855 1303 propter
1902 1231 2201 1285 vindictam

615 1323 903 1378 noxiorum
933 1322 1168 1394 gladium
1198 1324 1362 1379 fuisse
1404 1326 1751 1395 permissum,
1784 1331 1838 1378 et
1888 1323 1986 1377 Dei
2035 1323 2202 1378 mini-

618 1424 795 1469 strum
826 1428 949 1470 esse
978 1416 1160 1470 datum
1186 1416 1239 1470 in
1271 1415 1574 1486 huiusmodi
1601 1417 1893 1471 vindicem.
1919 1415 2201 1481 Quomodo

619 1506 788 1578 igitur
814 1507 1274 1577 reprehenderent
1301 1507 1502 1562 factum
1527 1507 1672 1578 quod
1699 1515 1925 1561 auctore
1970 1505 2202 1560 Domino

617 1595 870 1651 viderent
896 1610 1016 1651 esse
1044 1598 1404 1652 concessum?
1443 1596 1517 1652 De
1554 1598 1639 1652 his
1666 1611 1796 1666 ergo
1830 1596 1902 1650 ita
1932 1602 1992 1649 ut
2019 1595 2204 1648 hacte-

621 1704 725 1745 nus
749 1698 1021 1744 servatum
1051 1699 1136 1745 est
1165 1691 1246 1746 sic
1273 1692 1556 1754 habemus,
1601 1705 1668 1745 ne
1722 1700 1816 1744 aut
1860 1688 2203 1758 disciplinam

620 1787 888 1846 evertere,
939 1789 1032 1835 aut
1083 1789 1270 1836 contra
1328 1784 1706 1837 auctoritatem
1759 1781 1970 1836 Domini
2017 1781 2205 1836 venire

1439 386 1771 444 HINCMARI
1807 382 2022 441 RHEM.
2064 379 2381 437 ARCIIIEP.
2420 381 2787 440 OPUSCULA
2826 383 3060 439 VABIA.

949 501 1101 568 Quod
1125 509 1332 572 propter
1357 501 1638 555 vindictam
1677 501 1954 554 noxiorum
1982 498 2190 569 gladius
2218 495 2271 555 Α
2296 495 2664 552 interdicenda
2690 497 2788 563 sit;
2813 512 2912 552 nec
2939 497 3308 554 reconciliatio
3334 499 3637 572 deneganda,
3654 515 3701 562 et
3727 527 3794 568 ει.

3714 391 3794 449 852

2297 589 2377 642 eri
2409 603 2667 653 canones,
2697 597 2753 642 et
2781 589 2996 644 decreta
3028 589 3170 644 sedis
3202 591 3521 660 apostolicae,
3541 597 3800 659 auctoritate

2297 694 2472 743 sacra,
2504 679 2835 751 evangelica,
2867 690 2922 734 et
2950 681 3268 750 apostolica,
3316 670 3371 736 el
3412 687 3692 754 prophetica
3726 708 3798 761 pa-

2299 777 2479 824 tenter
2501 771 2811 835 ostendunt,
2844 769 2969 840 quia
3000 770 3381 826 misericordiae
3403 773 3492 827 Dei
3523 790 3614 831 nec
3635 779 3802 836 modum

2299 877 2585 931 possumus
2614 877 2833 933 ponere,
2865 877 2965 918 nec
2994 871 3237 934 tempora
3267 863 3509 929 dilIlnire,
3540 870 3661 937 apud
3684 886 3804 940 quem

2298 951 2473 1005 nullas
2504 952 2708 1022 patitur
2732 953 2902 1008 venia:
2940 968 3122 1009 moras
3165 968 3295 1007 vera
3337 953 3607 1021 confessio,
3642 957 3807 1013 dicente

2301 1041 2395 1096 Dei
2429 1041 2630 1111 Spiritu
2658 1057 2753 1112 per
2779 1044 3098 1114 prophetam
3129 1061 3142 1097 :
3166 1044 3289 1099 Mox
3315 1052 3374 1098 ut
3398 1045 3704 1115 ingemueris,
3728 1048 3808 1102 sal-

2301 1148 2401 1186 vus
2429 1134 2558 1188 eris.
2611 1133 2679 1187 Et
2712 1134 2838 1189 item
2870 1152 2882 1188 :
2915 1135 3012 1190 Dic
3033 1135 3184 1206 prior
3213 1135 3518 1204 iniquitates
3538 1145 3657 1199 tuas,
3679 1146 3726 1191 ut
3743 1137 3807 1204 ju-

2303 1224 2572 1288 stiﬁceris,
2601 1227 2725 1295 quia
2750 1228 2890 1296 apud
2912 1225 3196 1280 Dominum
3218 1233 3305 1281 est
3320 1226 3674 1294 misericordia,
3690 1237 3727 1281 et
3747 1243 3808 1282 co-

2302 1317 2449 1385 piosa
2476 1317 2616 1385 apud
2635 1333 2753 1371 eum
2783 1317 3064 1388 redemptio
3086 1314 3260 1388 (Psal.
3293 1330 3474 1381 cxnx,
3498 1315 3570 1386 7).

2306 1471 2435 1528 Car.
2489 1469 2681 1525 XXIX.
2715 1502 2787 1513 —
2821 1471 2977 1538 Quod
3014 1488 3106 1527 rex
3150 1471 3457 1543 propinquis
3496 1472 3595 1526 suis
3636 1485 3812 1543 perverse

2413 1543 2685 1613 agentibus
2718 1543 2911 1612 aﬂ‘ectu
2955 1543 3160 1597 carnali
3193 1541 3410 1612 parcere
3443 1557 3539 1596 non
3569 1541 3735 1596 debeat.

2379 1679 2531 1746 Quod
2558 1693 2652 1734 rex
2675 1689 2898 1749 propter
2931 1680 3298 1734 ministerium
3337 1677 3558 1749 regium,
3583 1677 3717 1732 etiam
3739 1691 3809 1732 nec

2309 1771 2722 1840 quibuscunque
2745 1771 3170 1841 propinquitatis
3208 1768 3687 1830 necessitudinibus,
3719 1781 3809 1821 coa-

619 1845 922 1928 videamur.
953 1874 1090 1944 Ipsis
1110 1883 1293 1930 autem
1321 1875 1374 1929 in
1405 1876 1616 1931 ratione
1642 1873 1910 1928 reddenda
1932 1882 2082 1942 gesta
2104 1888 2204 1930 sua

2309 1870 2393 1916 tra
2411 1861 2599 1926 Deum,
2622 1869 2972 1932 sanctamque
2987 1859 3310 1925 Ecclesiam,
3323 1869 3480 1930 atque
3504 1856 3809 1927 rempublim

621 1963 804 2017 omnia
831 1967 1209 2018 servabuntur.
1247 1984 1269 2016 ι

624 2099 754 2154 Car.
789 2098 1004 2154 XXVII.
1043 2131 1112 2140 —-
1150 2100 1304 2176 Quod
1329 2103 1465 2174 leges
1481 2122 1526 2176 Aa
1553 2105 1785 2176 principe
1804 2105 1954 2175 justo
1984 2114 2106 2159 sunt
2149 2106 2208 2158 in

1102 2173 1330 2241 quolibet
1366 2173 1717 2229 uindicandw.

692 2281 826 2339 Item
858 2282 998 2338 idem
1030 2293 1250 2340 sanctus
1276 2287 1619 2343 Innocentius
1648 2288 1701 2342 in
1736 2289 1980 2344 Decretis
2001 2289 2115 2346 suis
2138 2290 2206 2343 ad

622 2373 873 2428 eumdem
905 2374 1079 2445 (epist.
1104 2375 1193 2447 ll)
1227 2391 1242 2429 :
1282 2395 1302 2429 ι
1337 2377 1492 2443 Illud,
1517 2378 1710 2448 inquit,
1737 2379 2002 2434 sciscitari
2032 2380 2208 2435 volui-

623 2465 718 2530 sti,
752 2480 820 2519 an
850 2480 1042 2536 preces
1078 2467 1408 2525 dictantibus
1439 2469 1667 2525 liberum
1711 2471 2062 2539 concedatur,
2095 2473 2208 2527 uli-

621 2569 728 2624 que
778 2562 918 2625 post‘
959 2556 1214 2626 baptismi
1266 2561 1754 2629 regenerationem,
1788 2576 1818 2614 a
1870 2561 2209 2631 principibus

620 2661 847 2718 poscere
880 2657 1113 2704 mortem
1143 2649 1389 2720 alicujus,
1421 2651 1505 2704 vel
1533 2653 1848 2723 sanguinem
1900 2653 1968 2708 de
2011 2661 2207 2709 reatu:

621 2753 785 2809 quam
807 2754 920 2794 rem
947 2739 1220 2811 principes
1239 2757 1513 2810 nunquam
1538 2743 1655 2797 sine
1678 2743 1986 2798 conditione
2014 2759 2209 2800 conce-

624 2829 778 2896 dunt,
810 2830 904 2884 sed
949 2831 1016 2885 ad
1053 2830 1265 2899 judices
1323 2835 1612 2890 commissa
1670 2836 1788 2904 ipsa
1838 2835 1925 2890 vel
1979 2837 2209 2892 crimina

623 2934 841 2992 semper
853 2922 1158 2988 remittunt,
1181 2933 1260 2988 ut,
1282 2938 1442 2979 causa
1457 2926 1690 2995 cognita,
1719 2926 2214 2996 vindicentur‘quaa-

625 3029 842 3084 cunque
885 3017 1162 3084 quresitori
1210 3015 1410 3072 fuerint
1447 3017 1686 3088 delegata
1724 3037 1735 3072 :
1768 3028 1862 3073 aut
1910 3019 2209 3085 absolutio,

624 3114 719 3160 aut
750 3107 1022 3161 damnatio
1048 3123 1145 3177 pro
1165 3108 1364 3178 negotii
1389 3109 1647 3177 qualitate
1677 3110 1966 3180 profertur,
1997 3120 2052 3166 et
2082 3111 2208 3166 dum

2307 1947 2564 2022 perverse
2594 1951 2898 2022 agentibus,
2931 1949 3130 2007 aﬂ'ectu
3167 1949 3374 2006 carnali
3418 1961 3626 2019 parcere
3657 1945 3807 2007 debeat.

2307 2058 2376 2098 ex
2418 2042 2597 2097 verbis
2646 2041 2859 2096 Domini
2901 2040 3134 2096 dicentis
3173 2057 3188 2094 :
3235 2039 3342 2105 Qui
3388 2054 3488 2091 non
3534 2036 3629 2090 odit
3665 2044 3808 2104 patrem

2308 2151 2484 2200 suum,
2512 2143 2559 2188 et
2585 2143 2825 2197 matrem,
2847 2141 2894 2186 et
2918 2147 3153 2195 uxorem,
3189 2141 3240 2185 et
3285 2129 3446 2200 ﬁlios,
3492 2136 3536 2182 et
3577 2126 3747 2196 fratres,
3775 2133 3808 2179 et

2309 2243 2535 2292 sorores,
2561 2227 2733 2280 adhuc
2778 2235 2951 2280 autem
2989 2234 3038 2279 et
3085 2224 3322 2277 animam
3362 2236 3531 2286 suam,
3570 2235 3658 2274 non
3693 2225 3806 2287 potest

2307 2337 2455 2374 meus
2500 2335 2609 2373 esse
2662 2316 2950 2382 discipulus
2997 2315 3148 2386 (Luc.
3204 2329 3332 2378 xxv,
3385 2311 3508 2380 26),
3556 2310 3604 2364 in
3652 2307 3806 2363 humilia

2310 2410 2582 2482 Evangelii
2605 2409 2794 2464 beatus
2813 2407 3107 2479 Gregorius
3135 2405 3475 2462 demonstrat
3502 2400 3664 2456 dicens
3692 2396 3802 2468 (lion.

2311 2503 2400 2576 56)
2444 2524 2457 2558 :
2503 2522 2520 2555 ι
2553 2501 2610 2557 Si
2661 2501 2769 2555 vim
2814 2499 3068 2570 praecepti
3122 2496 3540 2568 perpendimus,
3587 2499 3805 2556 utrumque

2312 2610 2475 2666 agere
2517 2608 2614 2664 per
2651 2591 3031 2647 discretionem
3076 2589 3344 2651 valemus,
3383 2595 3442 2642 ut
3466 2599 3552 2640 eos
3581 2582 3657 2653 qui
3680 2579 3804 2635 nobis

2313 2685 2495 2740 carnis
2535 2683 2856 2753 cognatione
2885 2679 3162 2750 conjuncti
3199 2685 3348 2743 sunt,
3376 2684 3430 2732 et
3458 2690 3582 2746 quos
3607 2671 3804 2742 proximus

2313 2773 2647 2838 noverimus,
2687 2781 2742 2827 et
2777 2787 2914 2842 quos
2949 2769 3293 2825 adversarios
3323 2767 3375 2822 in
3401 2765 3484 2820 via
3507 2762 3591 2820 Dei
3622 2758 3801 2832 patimur,

2312 2865 2547 2920 odiendo
2593 2872 2649 2918 et
2710 2861 2963 2933 fugiendo
3014 2860 3343 2916 nesciamus.
3397 2853 3551 2923 Quasi
3597 2850 3710 2908 enim
3741 2861 3803 2916 per

2312 2959 2496 3013 odium
2526 2958 2786 3029 diligitur,
2837 2957 2930 3028 qui
2969 2955 3269 3012 carnaliter
3309 2951 3515 3022 sapiens
3556 2947 3660 3003 dum
3692 2954 3800 3014 prlii

2313 3050 2472 3104 nobis
2502 3049 2717 3120 ingerit,
2746 3063 2854 3102 non
2886 3047 3125 3103 auditur.
3178 3045 3253 3102 Ut
3287 3053 3464 3099 autem
3491 3037 3710 3095 Dominus

2313 3118 2647 3197 monstraret
2676 3140 2780 3194 hoc
2805 3153 2932 3208 erga
2962 3137 3247 3208 proximos
3275 3136 3456 3191 odium
3480 3146 3578 3186 non
3603 3129 3656 3182 de
3677 3118 3801 3179 intlle-

624 3196 804 3302 legum
836 3196 888 3302 in
920 3197 1114 3302 impios
1148 3208 1432 3302 exercetur
1478 3203 1793 3264 auctoritas,
1829 3201 1936 3256 erit
1982 3201 2212 3256 dictator
2239 3220 2285 3284 ρ
2316 3196 2496 3287 eum“,
2543 3196 2986 3302 procedere,"se&
3014 3229 3082 3285 de
3110 3228 3404 3292 omnium,
3429 3220 3613 3278 addidi;
3631 3213 3801 3286 protinus

626 3291 905 3346 immunis.
963 3310 983 3343 ι
1045 3291 1113 3346 Et
1159 3292 1288 3348 hinc
1341 3302 1560 3350 sanctus
1614 3295 1914 3366 Cyprianus
1973 3295 2091 3362 (lib.
2147 3296 2213 3350 de

625 3381 790 3436 Abus.
820 3398 968 3448 8686.,
991 3397 1042 3436 c.
1089 3382 1178 3452 12)
1211 3401 1223 3437 :
1261 3402 1279 3434 ι
1307 3383 1688 3450 Duodecimus,
1714 3386 1906 3456 inquit,
1936 3387 2213 3444 abusionis

627 3473 830 3544 gradus
876 3483 960 3529 est
999 3473 1228 3544 p0pulus
1258 3474 1374 3530 sine
1403 3474 1540 3546 lege,
1571 3476 1663 3544 qui
1699 3476 1825 3530 dum
1855 3477 2029 3531 edicta
2055 3487 2110 3533 et
2137 3477 2213 3533 le-

627 3581 754 3634 gum
807 3565 943 3620 scita
988 3565 1326 3631 contemnit,
1377 3581 1475 3634 per
1523 3566 1764 3621 diversas
1807 3581 2052 3621 errorum
2095 3567 2212 3623 vias

627 3657 806 3710 eundo
839 3656 1156 3725 perditionis
1194 3656 1445 3726 laqueum
1472 3655 1721 3712 incurrit.
1795 3655 1992 3726 Utique
2030 3659 2213 3712 multae

626 3746 950 3817 perditionis
987 3746 1089 3801 via:
1122 3754 1248 3801 tunc
1298 3746 1644 3812 inceduntur,
1693 3762 1816 3802 cum
1860 3763 1966 3802 una
2015 3748 2212 3820 regalis

628 3838 737 3902 via,
761 3838 849 3892 lex
870 3837 964 3893 Dei
987 3837 1254 3902 videlicet,
1288 3854 1407 3908 qua:
1435 3853 1609 3909 neque
1639 3839 1706 3894 ad
1731 3841 2008 3895 dexteram
2037 3856 2215 3910 neque

630 3930 698 3984 ad
729 3930 1003 3985 sinistram
1051 3930 1306 3995 declinat,
1354 3946 1451 4001 per
1493 3931 1870 4002 negligentiam
1923 3933 2210 3988 deseritur.

629 4021 800 4092 Igitur
825 4022 1053 4094 populus
1079 4023 1199 4078 sine
1224 4022 1360 4094 lege,
1409 4025 1639 4094 populus
1682 4026 1799 4079 sine
1840 4025 2059 4080 Christo
2106 4035 2212 4082 est.

628 4117 749 4174 Non
772 4118 962 4173 fiamus
981 4134 1109 4189 ergo
1131 4119 1246 4174 sine
1267 4119 1483 4175 Christo
1505 4121 1556 4175 in
1577 4121 1678 4176 hoc
1699 4130 1939 4192 tempore
1961 4123 2216 4178 transito-

630 4210 737 4274 rio,
763 4225 832 4264 ne
857 4209 976 4265 sine
1010 4209 1164 4265 nobis
1191 4209 1440 4265 Christus
1465 4226 1585 4266 esse
1613 4211 1835 4282 incipiat
1865 4212 1918 4266 in
1952 4211 2155 4268 futuro.
2190 4231 2209 4264 ι

629 4299 701 4355 Et
741 4299 988 4355 Christus
1031 4301 1125 4355 Dei
1168 4301 1338 4356 virtus
1373 4310 1428 4355 et
1468 4301 1561 4355 Dei
1611 4302 1872 4372 sapientia
1905 4302 2077 4357 dicit:
2109 4300 2219 4356 Per

631 4406 714 4443 me
737 4406 878 4460 reges
911 4400 1150 4459 regnant,
1179 4400 1226 4440 et
1254 4391 1545 4445 conditores
1573 4390 1743 4462 legum
1760 4391 1910 4461 justa
1932 4392 2216 4446 decernunt

2315 3324 2524 3388 dicens,
2551 3322 2724 3376 adhuc
2761 3332 2937 3374 autem
2975 3321 3209 3374 animant
3260 3331 3430 3372 suam.
3479 3311 3646 3368 Odisse
3681 3305 3803 3370 ilan

2315 3413 2661 3484 praecipimur
2684 3413 2981 3481 proximos,
3031 3410 3208 3465 odisse
3255 3416 3312 3462 et
3361 3405 3580 3460 animam
3615 3403 3800 3452 nostram.

2317 3504 2543 3558 Constat
2565 3518 2694 3573 ergo
2717 3502 2841 3571 quia
2871 3499 3100 3554 amando
3131 3499 3297 3553 debet
3343 3495 3514 3552 odisse
3560 3485 3801 3582 proximust,

2317 3597 2409 3666 Qui
2459 3597 2538 3652 sic
2585 3611 2707 3651 eum
2750 3595 2866 3649 odit
2904 3594 3046 3649 sicut
3078 3591 3449 3661 semetipsum.
3495 3584 3628 3640 Tunc
3663 3583 3800 3666 ειςξηω

2318 3660 2455 3743 bene
2485 3695 2727 3741 nostram
2760 3685 2994 3738 animam
3026 3660 3422 3745 odimus,icnm
3448 3673 3554 3743 ejus
3579 3660 3798 3764 carnalibus

2318 3777 2606 3834 desideriis
2652 3791 2759 3830 non
2809 3772 3230 3842 acquiescimus,
3276 3783 3398 3825 cum
3438 3763 3544 3834 ejus
3586 3761 3800 3828 appetitum

2320 3869 2643 3939 frangimus,
2670 3865 2786 3934 ejus
2806 3864 3171 3934 voluptatibus
3205 3861 3547 3916 reluctamur.
3594 3851 3696 3916 ρυπ
3716 3851 3798 3908 ετεο

2319 3970 2630 4031 contempta
2663 3961 2731 4014 ad
2762 3958 2955 4013 melius
2983 3956 3220 4018 ducitur,
3245 3951 3399 4025 quasi
3423 3963 3513 4020 per
3537 3943 3685 4000 odium
3702 3945 3798 4033 amr

2321 4065 2426 4110 tur.
2484 4054 2577 4108 Sic
2638 4053 2716 4107 sic
2760 4051 3016 4106 nimirum
3071 4047 3336 4103 exhibere
3381 4037 3617 4115 proximis
3664 4033 3796 4084 nostris

2320 4147 2428 4201 odii
2457 4145 2837 4200 discretionem
2881 4142 3161 4206 debemus,
3197 4148 3263 4193 nt
3295 4140 3349 4194 in
3391 4135 3467 4190 eis
3503 4123 3798 4222 etdiligan'l‘lls

2321 4236 2463 4306 quod
2496 4244 2642 4300 sunt,
2672 4242 2728 4289 et
2753 4233 3048 4288 habeamus
3083 4231 3207 4287 odio
3249 4227 3391 4299 quod
3420 4225 3469 4280 in
3498 4220 3580 4276 Dei
3606 4213 3723 4270 nobis
3740 4213 3796 4306 ita:

2321 4295 2452 4386 nere
2485 4295 2758 4384 obsistunt
2795 4324 2994 4397 (ibid).
3041 4323 3124 4378 Ab
3153 4295 3413 4391 hac-ergo
3436 4309 3707 4370 discretione
3724 4295 3794 4352 odii

2322 4421 2511 4480 nostri,
2541 4396 2816 4474 trahamus
2845 4416 3074 4470 formam
3099 4415 3164 4469 ad
3187 4415 3368 4470 odium
3391 4401 3616 4481 proximi.
3640 4396 3797 4481 Ametut

633 4480 819 4552 (Prov.
851 4497 970 4546 vm,
1003 4481 1112 4552 15).
1163 4481 1230 4534 Et
1275 4493 1496 4538 sanctus
1534 4485 1868 4554 Augustinus
1899 4485 1953 4538 in
1982 4485 2121 4540 libro
2149 4485 2216 4539 de
2323 4473 2551 4583 glaube,
2585 4513 2636 4566 in
2677 4511 2779 4565 hoc
2809 4510 3008 4564 mundo
3037 4473 3410 4566 adversarius;
3443 4497 3528 4554 sed
3567 4495 3610 4548 in
3640 4486 3704 4540 vi;
3733 4473 3794 4575 Dei

632 4587 766 4628 vera
800 4573 1080 4642 Religione
1109 4573 1258 4644 leges
1285 4577 1587 4647 principum
1630 4579 1926 4633 servandas
1980 4579 2216 4633 ostendit
2244 4575 2296 4637 D
2322 4565 2628 4661 ggmm'rius
2652 4616 2759 4656 non
2789 4607 3019 4665 ametur,
3051 4597 3215 4652 etiam
3246 4593 3573 4667 propinquus.
3615 4565 3795 4667 Quisquis

635 4665 776 4736 (cap.
803 4665 929 4736 50):
962 4685 980 4718 ι
1007 4666 1063 4720 In
1095 4667 1232 4731 istis,
1264 4669 1533 4739 inquiens,
1574 4671 1958 4744 temporalibus
1988 4671 2214 4744 legibus,

633 4772 944 4829 quanquam
989 4758 1054 4814 de
1086 4759 1169 4814 his
1207 4760 1452 4816 homines
1478 4763 1722 4832 judicent
1762 4779 1883 4817 cum
1933 4779 2025 4818 cas
2065 4763 2218 4818 insti-

635 4858 811 4912 tuunt,
846 4859 1026 4905 tamen
1058 4865 1181 4905 cum
1211 4851 1411 4907 fuerint
1449 4853 1710 4909 instituta:
1755 4863 1916 4925 atque
1966 4855 2216 4921 ﬁrmatae,

633 4957 742 4997 non
773 4942 957 4998 licebit
985 4940 1147 5009 judici
1187 4944 1254 4998 de
1295 4944 1425 5014 ipsis
1467 4943 1736 5012 judicare,
1779 4947 1872 5001 sed
1919 4947 2212 5001 secundum

633 5034 800 5106 ipsas.
840 5053 858 5087 ι
902 5034 1070 5106 Igitur
1097 5043 1192 5089 aut
1217 5051 1247 5089 a
1283 5037 1479 5106 populo
1505 5039 1855 5110 promulgata:
1883 5037 2044 5106 jnsta:
2071 5039 2216 5109 leges

633 5127 950 5192 servandaz,
1004 5136 1098 5182 aut
1142 5143 1172 5182 a
1229 5129 1473 5199 principe
1518 5128 1664 5197 juste
1712 5145 1776 5186 ac
1826 5130 2218 5186 rationabiliter

633 5235 764 5281 sunt
806 5226 860 5280 in
913 5226 1153 5297 quolibet
1196 5227 1550 5284 vindicandae.

633 5337 784 5411 Car,
812 5337 1046 5393 XXVIII.
1089 5337 1244 5404 Quod
1273 5341 1352 5394 Iris
1388 5341 1477 5411 qui
1509 5358 1603 5410 pro
1637 5343 1745 5394 suis
1785 5341 2089 5395 criminibus
2120 5358 2218 5411 pu-

732 5409 909 5464 niendi
940 5419 1061 5463 sunt
1096 5409 1456 5465 misericordia
1494 5409 1755 5465 interdum
1795 5409 2134 5482 indulgendo.

705 5523 858 5591 Quod
898 5524 1065 5578 etiam
1109 5525 1194 5580 his
1232 5525 1323 5596 qui
1348 5541 1446 5595 pro
1475 5527 1588 5581 suis
1641 5527 1936 5582 sceleribus
1964 5527 2217 5596 puniendi

637 5624 785 5679 sunt,
817 5615 859 5670 si
890 5616 944 5670 in
973 5625 1212 5686 tempore
1247 5619 1603 5680 necessitatis,
1646 5627 1700 5672 et
1726 5618 1950 5687 periculi
1979 5619 2218 5689 urgentis

637 5704 914 5769 instantia,
943 5706 1025 5760 vel
1057 5708 1108 5760 in
1141 5707 1328 5761 ultimo
1357 5708 1571 5777 spiritu,
1603 5707 1908 5778 prmsidium
1951 5709 2215 5778 paeniten-

641 5800 748 5863 tire,
783 5809 835 5853 ct
863 5815 984 5853 mox
1018 5801 1471 5856 reconciliationis
1492 5802 1764 5870 petierint,
1795 5816 1892 5855 nec
1919 5801 2216 5856 satisfactio

2319 4695 2462 4750 enim
2483 4693 2594 4762 jam
2629 4703 2829 4747 aeterna
2868 4689 3220 4759 concupiscit,
3246 4687 3297 4740 in
3321 4699 3383 4739 ea
3405 4691 3549 4750 quam
3575 4663 3795 4762 aggreditur

2322 4759 2627 4848 causa—Dei,
2654 4791 2806 4838 extra
2838 4791 3072 4851 patrem,
3101 4789 3253 4833 extra
3301 4782 3534 4832 matrem,
3560 4770 3683 4857 extra
3710 4759 3794 4857 "ill:

2321 4893 2458 4942 rem,
2493 4885 2646 4931 extra
2678 4875 2833 4938 filios,
2857 4882 3010 4929 extra
3050 4878 3328 4942 cognatos,
3358 4871 3498 4919 extra
3530 4848 3789 4942 semetipsum

2321 4968 2438 5023 fieri
2486 4965 2668 5030 debet,
2713 4973 2776 5019 nt
2815 4979 2880 5018 eo
2926 4962 3108 5017 verius
3154 4964 3433 5031 cognoscat
3473 4952 3633 5006 Deum.
3659 4944 3787 5006 ⁶1⁰⁰¹⁰

2322 5063 2438 5133 ejus
2461 5076 2624 5118 causa
2672 5059 2943 5115 neminem
2984 5054 3339 5128 recognoscit.
3391 5046 3585 5104 Multum
3625 5032 3790 5133 ηθξιιιιξιξ

2322 5113 2428 5219 egi.
2458 5154 2601 5224 Quod
2641 5151 2886 5208 carnales
2931 5149 3157 5204 affectus
3197 5143 3528 5202 intentionem
3568 5113 3787 5224 ιιιειιιιεξς

2322 5215 2633 5311 verberant,
2675 5243 2897 5314 ejusque
2943 5242 3112 5296 aciem
3162 5239 3456 5294 obscurant.
3514 5224 3634 5314 Quos
3664 5215 3786 5314 ιλιιξξη

2322 5355 2662 5412 nequaquam
2698 5338 2891 5393 noxios
2920 5335 3173 5407 patimur,
3205 5331 3248 5386 si
3276 5343 3366 5385 eos
3387 5307 3784 5412 ρι’θιηεξιάο,

2325 5388 2390 5397 ..ν
2435 5388 2662 5410 η--ν--μ-
2700 5388 2887 5393 --ν---η
2921 5388 3024 5407 τμη
3057 5388 3060 5389 ν
3163 5388 3173 5396 ,
3388 5388 3402 5394 -

2324 5388 2463 5489 ωιῖε.
2515 5432 2743 5487 Amandi
2768 5447 2898 5501 ergo
2927 5437 3051 5484 sunt
3078 5422 3330 5498 proximi,
3373 5388 3784 5501 impendenda

2324 5525 2459 5578 ritas
2488 5523 2759 5585 omnibus,
2786 5487 2862 5575 ctu
2867 5517 3205 5589 propinquis,
3246 5521 3299 5569 et
3337 5499 3595 5589 extraneis.
3631 5487 3782 5589 nec:

2324 5570 2457 5578 """"
2492 5570 2759 5585 """-""—y
2791 5570 2837 5575 νγ
2868 5570 3134 5589 τ--τ-ηΊ-
3171 5570 3204 5579 κ,

2322 5631 2444 5671 men
2476 5629 2574 5685 pro
2604 5613 2792 5667 eadem
2817 5611 3097 5666 charitate
3127 5624 3154 5662 a
3202 5605 3289 5661 Del
3337 5598 3503 5655 arnore

2321 5671 2519 5777 (ibid).
2581 5705 2672 5758 Sic
2708 5702 2961 5756 nimirum
3001 5699 3186 5754 fideles
3226 5695 3413 5766 quique
3437 5695 3538 5740 esse
3567 5671 3777 5777 intra-:1:

2322 5758 2462 5855 ctam
2505 5797 2800 5852 Ecclesiam
2838 5795 3056 5856 debent,
3092 5802 3150 5846 nt
3193 5782 3551 5854 compatiuntur
3592 5758 3779 5835 prosums
