  <div class='ocr_page' id='page_1' title='image "/cluster/home/n/w/nwhite01/storage/ocr_20150623/125/hvd.32044015471667/432.png"; bbox 0 0 4006 6338; ppageno 0'>
   <div class='ocr_carea' id='block_1_1' title="bbox 167 318 286 375">
    <p class='ocr_par' dir='ltr' id='par_1_1' title="bbox 167 318 286 375">
     <span class='ocr_line' id='line_1_1' title="bbox 167 318 286 375; baseline -0.017 0"><span class='ocrx_word' id='word_1_1' title='bbox 167 318 286 375; x_wconf 80' lang='lat'><strong>853</strong></span> 
     </span>
    </p>
   </div>
   <div class='ocr_carea' id='block_1_2' title="bbox 1074 294 2573 365">
    <p class='ocr_par' dir='ltr' id='par_1_2' title="bbox 1074 294 2573 365">
     <span class='ocr_line' id='line_1_2' title="bbox 1074 294 2573 365; baseline -0.001 -3"><span class='ocrx_word' id='word_1_2' title='bbox 1074 307 1163 363; x_wconf 89' lang='lat' dir='ltr'><strong>DE</strong></span> <span class='ocrx_word' id='word_1_3' title='bbox 1200 307 1403 365; x_wconf 83' lang='lat' dir='ltr'><strong>nEGts</strong></span> <span class='ocrx_word' id='word_1_4' title='bbox 1439 294 1755 363; x_wconf 69' lang='lat' dir='ltr'><strong>PERSONA</strong></span> <span class='ocrx_word' id='word_1_5' title='bbox 1793 304 1880 360; x_wconf 88' lang='lat' dir='ltr'><strong>ET</strong></span> <span class='ocrx_word' id='word_1_6' title='bbox 1915 305 2123 364; x_wconf 83' lang='lat' dir='ltr'><strong>REGIO</strong></span> <span class='ocrx_word' id='word_1_7' title='bbox 2157 306 2573 363; x_wconf 73' lang='lat' dir='ltr'><strong>MINISTERIO.</strong></span> 
     </span>
    </p>
   </div>
   <div class='ocr_carea' id='block_1_3' title="bbox 3336 300 3446 356">
    <p class='ocr_par' dir='ltr' id='par_1_3' title="bbox 3336 300 3446 356">
     <span class='ocr_line' id='line_1_3' title="bbox 3336 300 3446 356; baseline -0.018 0"><span class='ocrx_word' id='word_1_8' title='bbox 3336 300 3446 356; x_wconf 72' lang='grc'><strong>854</strong></span> 
     </span>
    </p>
   </div>
   <div class='ocr_carea' id='block_1_4' title="bbox 168 409 3446 507">
    <p class='ocr_par' dir='ltr' id='par_1_4' title="bbox 168 409 3446 507">
     <span class='ocr_line' id='line_1_4' title="bbox 168 409 3446 507; baseline -0.009 -17"><span class='ocrx_word' id='word_1_9' title='bbox 168 452 282 507; x_wconf 84' lang='lat' dir='ltr'><strong>per</strong></span> <span class='ocrx_word' id='word_1_10' title='bbox 324 431 665 493; x_wconf 81' lang='lat' dir='ltr'><strong>charitatem,</strong></span> <span class='ocrx_word' id='word_1_11' title='bbox 696 436 752 483; x_wconf 89' lang='lat' dir='ltr'><strong>et</strong></span> <span class='ocrx_word' id='word_1_12' title='bbox 776 436 954 483; x_wconf 87' lang='lat' dir='ltr'><strong>tamen</strong></span> <span class='ocrx_word' id='word_1_13' title='bbox 981 425 1048 480; x_wconf 91' lang='lat' dir='ltr'><strong>de</strong></span> <span class='ocrx_word' id='word_1_14' title='bbox 1076 427 1162 480; x_wconf 99' lang='lat' dir='ltr'><strong>via</strong></span> <span class='ocrx_word' id='word_1_15' title='bbox 1192 423 1283 480; x_wconf 88' lang='lat' dir='ltr'><strong>Dei</strong></span> <span class='ocrx_word' id='word_1_16' title='bbox 1318 437 1423 477; x_wconf 90' lang='lat' dir='ltr'><strong>non</strong></span> <span class='ocrx_word' id='word_1_17' title='bbox 1456 409 1763 477; x_wconf 81' lang='lat' dir='ltr'><strong>exorbitent</strong></span> <span class='ocrx_word' id='word_1_18' title='bbox 1789 417 1841 477; x_wconf 77' lang='grc' dir='ltr'>Α</span> <span class='ocrx_word' id='word_1_19' title='bbox 1865 415 1994 471; x_wconf 71' lang='lat' dir='ltr'><strong>CAP.</strong></span> <span class='ocrx_word' id='word_1_20' title='bbox 2018 416 2191 471; x_wconf 80' lang='lat' dir='ltr'><strong>XXX.</strong></span> <span class='ocrx_word' id='word_1_21' title='bbox 2217 413 3216 507; x_wconf 30' lang='lat' dir='ltr'><strong>—A9ugtenusﬁliiqufropinquis,</strong></span> <span class='ocrx_word' id='word_1_22' title='bbox 3251 411 3299 466; x_wconf 82' lang='lat' dir='ltr'><strong>si</strong></span> <span class='ocrx_word' id='word_1_23' title='bbox 3324 428 3446 482; x_wconf 82' lang='lat' dir='ltr'><strong>pec-</strong></span> 
     </span>
    </p>
   </div>
   <div class='ocr_carea' id='block_1_5' title="bbox 166 507 1764 597">
    <p class='ocr_par' dir='ltr' id='par_1_5' title="bbox 166 507 1764 597">
     <span class='ocr_line' id='line_1_5' title="bbox 166 507 1764 597; baseline -0.009 -18"><span class='ocrx_word' id='word_1_24' title='bbox 166 541 280 597; x_wconf 77' lang='lat' dir='ltr'><strong>per</strong></span> <span class='ocrx_word' id='word_1_25' title='bbox 304 520 755 591; x_wconf 88' lang='lat' dir='ltr'><strong>compassionem.</strong></span> <span class='ocrx_word' id='word_1_26' title='bbox 793 537 812 569; x_wconf 83' lang='grc'><strong>›</strong></span> <span class='ocrx_word' id='word_1_27' title='bbox 850 517 987 571; x_wconf 83' lang='lat' dir='ltr'><strong>Hinc</strong></span> <span class='ocrx_word' id='word_1_28' title='bbox 1015 525 1234 571; x_wconf 89' lang='lat' dir='ltr'><strong>sanctus</strong></span> <span class='ocrx_word' id='word_1_29' title='bbox 1274 513 1509 568; x_wconf 79' lang='lat' dir='ltr'><strong>Joannes</strong></span> <span class='ocrx_word' id='word_1_30' title='bbox 1533 507 1764 577; x_wconf 81' lang='lat' dir='ltr'><strong>Chryso-</strong></span> 
     </span>
    </p>
   </div>
   <div class='ocr_carea' id='block_1_6' title="bbox 167 607 1762 695">
    <p class='ocr_par' dir='ltr' id='par_1_6' title="bbox 167 607 1762 695">
     <span class='ocr_line' id='line_1_6' title="bbox 167 607 1762 695; baseline -0.006 -25"><span class='ocrx_word' id='word_1_31' title='bbox 167 624 391 670; x_wconf 87' lang='lat' dir='ltr'><strong>stomus</strong></span> <span class='ocrx_word' id='word_1_32' title='bbox 443 612 608 683; x_wconf 85' lang='lat' dir='ltr'><strong>(hom.</strong></span> <span class='ocrx_word' id='word_1_33' title='bbox 657 609 746 695; x_wconf 77' lang='lat' dir='ltr'><strong>l7)</strong></span> <span class='ocrx_word' id='word_1_34' title='bbox 799 609 868 664; x_wconf 91' lang='lat' dir='ltr'><strong>de</strong></span> <span class='ocrx_word' id='word_1_35' title='bbox 914 607 1093 663; x_wconf 80' lang='lat' dir='ltr'><strong>verbis</strong></span> <span class='ocrx_word' id='word_1_36' title='bbox 1143 608 1416 677; x_wconf 80' lang='lat' dir='ltr'><strong>Evangelii</strong></span> <span class='ocrx_word' id='word_1_37' title='bbox 1469 607 1762 663; x_wconf 86' lang='lat' dir='ltr'><strong>secundum</strong></span> 
     </span>
    </p>
   </div>
   <div class='ocr_carea' id='block_1_7' title="bbox 166 700 1761 764">
    <p class='ocr_par' dir='ltr' id='par_1_7' title="bbox 166 700 1761 764">
     <span class='ocr_line' id='line_1_7' title="bbox 166 700 1761 764; baseline -0.003 -5"><span class='ocrx_word' id='word_1_38' title='bbox 166 705 496 759; x_wconf 66' lang='lat' dir='ltr'><strong>Matthaaum</strong></span> <span class='ocrx_word' id='word_1_39' title='bbox 529 721 543 757; x_wconf 91' lang='lat'><strong>:</strong></span> <span class='ocrx_word' id='word_1_40' title='bbox 577 700 636 757; x_wconf 87' lang='lat' dir='ltr'><strong>Si</strong></span> <span class='ocrx_word' id='word_1_41' title='bbox 690 701 872 756; x_wconf 80' lang='lat' dir='ltr'><strong>oculus</strong></span> <span class='ocrx_word' id='word_1_42' title='bbox 925 712 1046 755; x_wconf 79' lang='lat' dir='ltr'><strong>tuus</strong></span> <span class='ocrx_word' id='word_1_43' title='bbox 1096 702 1277 755; x_wconf 72' lang='lat' dir='ltr'><strong>dexter</strong></span> <span class='ocrx_word' id='word_1_44' title='bbox 1312 703 1638 756; x_wconf 77' lang='lat' dir='ltr'><strong>scandalizat</strong></span> <span class='ocrx_word' id='word_1_45' title='bbox 1679 710 1761 764; x_wconf 85' lang='lat' dir='ltr'><strong>te,</strong></span> 
     </span>
    </p>
   </div>
   <div class='ocr_carea' id='block_1_8' title="bbox 165 790 1765 864">
    <p class='ocr_par' dir='ltr' id='par_1_8' title="bbox 165 790 1765 864">
     <span class='ocr_line' id='line_1_8' title="bbox 165 790 1765 864; baseline -0.001 -17"><span class='ocrx_word' id='word_1_46' title='bbox 165 795 311 864; x_wconf 66' lang='lat' dir='ltr'><strong>ejice</strong></span> <span class='ocrx_word' id='word_1_47' title='bbox 334 809 451 847; x_wconf 84' lang='lat' dir='ltr'><strong>eum</strong></span> <span class='ocrx_word' id='word_1_48' title='bbox 473 801 521 847; x_wconf 85' lang='lat' dir='ltr'><strong>et</strong></span> <span class='ocrx_word' id='word_1_49' title='bbox 552 792 747 861; x_wconf 87' lang='lat' dir='ltr'><strong>projice</strong></span> <span class='ocrx_word' id='word_1_50' title='bbox 771 793 864 845; x_wconf 82' lang='lat' dir='ltr'><strong>abs</strong></span> <span class='ocrx_word' id='word_1_51' title='bbox 903 800 951 845; x_wconf 86' lang='lat' dir='ltr'><strong>te</strong></span> <span class='ocrx_word' id='word_1_52' title='bbox 990 790 1205 861; x_wconf 78' lang='lat' dir='ltr'><strong>(Matth.</strong></span> <span class='ocrx_word' id='word_1_53' title='bbox 1230 807 1285 856; x_wconf 89' lang='lat' dir='ltr'><strong>v,</strong></span> <span class='ocrx_word' id='word_1_54' title='bbox 1321 791 1411 862; x_wconf 74' lang='lat'><strong>29)</strong></span> <span class='ocrx_word' id='word_1_55' title='bbox 1441 810 1453 845; x_wconf 86' lang='lat'><strong>:</strong></span> <span class='ocrx_word' id='word_1_56' title='bbox 1484 811 1501 843; x_wconf 73' lang='grc' dir='ltr'><em>ι</em></span> <span class='ocrx_word' id='word_1_57' title='bbox 1522 792 1675 858; x_wconf 87' lang='lat' dir='ltr'><strong>Quod</strong></span> <span class='ocrx_word' id='word_1_58' title='bbox 1716 791 1765 845; x_wconf 89' lang='lat' dir='ltr'><strong>si</strong></span> 
     </span>
    </p>
   </div>
   <div class='ocr_carea' id='block_1_9' title="bbox 167 882 1766 954">
    <p class='ocr_par' dir='ltr' id='par_1_9' title="bbox 167 882 1766 954">
     <span class='ocr_line' id='line_1_9' title="bbox 167 882 1766 954; baseline -0.002 -15"><span class='ocrx_word' id='word_1_59' title='bbox 167 886 246 939; x_wconf 83' lang='lat' dir='ltr'><strong>de</strong></span> <span class='ocrx_word' id='word_1_60' title='bbox 274 886 534 940; x_wconf 86' lang='lat' dir='ltr'><strong>membris</strong></span> <span class='ocrx_word' id='word_1_61' title='bbox 561 886 664 939; x_wconf 88' lang='lat' dir='ltr'><strong>ista</strong></span> <span class='ocrx_word' id='word_1_62' title='bbox 694 884 1036 954; x_wconf 72' lang='lat' dir='ltr'><strong>loqueretur,</strong></span> <span class='ocrx_word' id='word_1_63' title='bbox 1061 898 1401 952; x_wconf 83' lang='lat' dir='ltr'><strong>nequaquam</strong></span> <span class='ocrx_word' id='word_1_64' title='bbox 1429 884 1496 939; x_wconf 87' lang='lat' dir='ltr'><strong>de</strong></span> <span class='ocrx_word' id='word_1_65' title='bbox 1524 897 1650 948; x_wconf 91' lang='lat' dir='ltr'><strong>uno,</strong></span> <span class='ocrx_word' id='word_1_66' title='bbox 1681 882 1766 936; x_wconf 86' lang='lat' dir='ltr'><strong>vel</strong></span> 
     </span>
    </p>
   </div>
   <div class='ocr_carea' id='block_1_10' title="bbox 166 974 1768 1046">
    <p class='ocr_par' dir='ltr' id='par_1_10' title="bbox 166 974 1768 1046">
     <span class='ocr_line' id='line_1_10' title="bbox 166 974 1768 1046; baseline -0.002 -13"><span class='ocrx_word' id='word_1_67' title='bbox 166 980 245 1033; x_wconf 86' lang='lat' dir='ltr'><strong>de</strong></span> <span class='ocrx_word' id='word_1_68' title='bbox 276 982 469 1033; x_wconf 79' lang='lat' dir='ltr'><strong>dextro</strong></span> <span class='ocrx_word' id='word_1_69' title='bbox 506 979 559 1033; x_wconf 93' lang='lat' dir='ltr'><strong>id</strong></span> <span class='ocrx_word' id='word_1_70' title='bbox 586 978 763 1041; x_wconf 90' lang='lat' dir='ltr'><strong>oculo,</strong></span> <span class='ocrx_word' id='word_1_71' title='bbox 803 977 895 1032; x_wconf 90' lang='lat' dir='ltr'><strong>sed</strong></span> <span class='ocrx_word' id='word_1_72' title='bbox 926 974 1293 1031; x_wconf 79' lang='lat' dir='ltr'><strong>indill‘erenter</strong></span> <span class='ocrx_word' id='word_1_73' title='bbox 1337 978 1403 1032; x_wconf 89' lang='lat' dir='ltr'><strong>de</strong></span> <span class='ocrx_word' id='word_1_74' title='bbox 1439 985 1666 1046; x_wconf 89' lang='lat' dir='ltr'><strong>utroque</strong></span> <span class='ocrx_word' id='word_1_75' title='bbox 1692 976 1768 1029; x_wconf 91' lang='lat' dir='ltr'><strong>di-</strong></span> 
     </span>
    </p>
   </div>
   <div class='ocr_carea' id='block_1_11' title="bbox 168 1066 1767 1137">
    <p class='ocr_par' dir='ltr' id='par_1_11' title="bbox 168 1066 1767 1137">
     <span class='ocr_line' id='line_1_11' title="bbox 168 1066 1767 1137; baseline -0.003 -13"><span class='ocrx_word' id='word_1_76' title='bbox 168 1072 373 1126; x_wconf 73' lang='lat' dir='ltr'><strong>xisset.</strong></span> <span class='ocrx_word' id='word_1_77' title='bbox 428 1069 530 1137; x_wconf 85' lang='lat' dir='ltr'><strong>Qui</strong></span> <span class='ocrx_word' id='word_1_78' title='bbox 557 1070 701 1124; x_wconf 90' lang='lat' dir='ltr'><strong>enim</strong></span> <span class='ocrx_word' id='word_1_79' title='bbox 744 1069 936 1125; x_wconf 77' lang='lat' dir='ltr'><strong>dextro</strong></span> <span class='ocrx_word' id='word_1_80' title='bbox 966 1067 1365 1123; x_wconf 81' lang='lat' dir='ltr'><strong>scandalizatur</strong></span> <span class='ocrx_word' id='word_1_81' title='bbox 1393 1067 1581 1132; x_wconf 88' lang='lat' dir='ltr'><strong>oculo,</strong></span> <span class='ocrx_word' id='word_1_82' title='bbox 1623 1066 1767 1121; x_wconf 83' lang='lat' dir='ltr'><strong>haud</strong></span> 
     </span>
    </p>
   </div>
   <div class='ocr_carea' id='block_1_12' title="bbox 168 1158 1763 1229">
    <p class='ocr_par' dir='ltr' id='par_1_12' title="bbox 168 1158 1763 1229">
     <span class='ocr_line' id='line_1_12' title="bbox 168 1158 1763 1229; baseline -0.002 -16"><span class='ocrx_word' id='word_1_83' title='bbox 168 1160 407 1213; x_wconf 87' lang='lat' dir='ltr'><strong>dubium</strong></span> <span class='ocrx_word' id='word_1_84' title='bbox 453 1159 579 1226; x_wconf 90' lang='lat' dir='ltr'><strong>quin</strong></span> <span class='ocrx_word' id='word_1_85' title='bbox 622 1158 853 1229; x_wconf 90' lang='lat' dir='ltr'><strong>idipsum</strong></span> <span class='ocrx_word' id='word_1_86' title='bbox 903 1158 1140 1228; x_wconf 88' lang='lat' dir='ltr'><strong>patiatur</strong></span> <span class='ocrx_word' id='word_1_87' title='bbox 1191 1160 1355 1213; x_wconf 88' lang='lat' dir='ltr'><strong>etiam</strong></span> <span class='ocrx_word' id='word_1_88' title='bbox 1411 1158 1478 1213; x_wconf 91' lang='lat' dir='ltr'><strong>de</strong></span> <span class='ocrx_word' id='word_1_89' title='bbox 1523 1158 1763 1212; x_wconf 87' lang='lat' dir='ltr'><strong>sinistro.</strong></span> 
     </span>
    </p>
   </div>
   <div class='ocr_carea' id='block_1_13' title="bbox 173 1248 1770 1320">
    <p class='ocr_par' dir='ltr' id='par_1_13' title="bbox 173 1248 1770 1320">
     <span class='ocr_line' id='line_1_13' title="bbox 173 1248 1770 1320; baseline -0.002 -16"><span class='ocrx_word' id='word_1_90' title='bbox 173 1249 363 1317; x_wconf 90' lang='lat' dir='ltr'><strong>Quam</strong></span> <span class='ocrx_word' id='word_1_91' title='bbox 391 1250 553 1320; x_wconf 93' lang='lat' dir='ltr'><strong>igitur</strong></span> <span class='ocrx_word' id='word_1_92' title='bbox 581 1251 650 1305; x_wconf 87' lang='lat' dir='ltr'><strong>ob</strong></span> <span class='ocrx_word' id='word_1_93' title='bbox 683 1266 900 1306; x_wconf 86' lang='lat' dir='ltr'><strong>causam</strong></span> <span class='ocrx_word' id='word_1_94' title='bbox 948 1258 1003 1305; x_wconf 91' lang='lat' dir='ltr'><strong>et</strong></span> <span class='ocrx_word' id='word_1_95' title='bbox 1044 1249 1256 1305; x_wconf 91' lang='lat' dir='ltr'><strong>oculum</strong></span> <span class='ocrx_word' id='word_1_96' title='bbox 1304 1251 1508 1304; x_wconf 63' lang='lat' dir='ltr'><strong>dextrae</strong></span> <span class='ocrx_word' id='word_1_97' title='bbox 1559 1248 1770 1319; x_wconf 88' lang='lat' dir='ltr'><strong>partis?</strong></span> 
     </span>
    </p>
   </div>
   <div class='ocr_carea' id='block_1_14' title="bbox 176 1342 1766 1406">
    <p class='ocr_par' dir='ltr' id='par_1_14' title="bbox 176 1342 1766 1406">
     <span class='ocr_line' id='line_1_14' title="bbox 176 1342 1766 1406; baseline -0.002 -9"><span class='ocrx_word' id='word_1_98' title='bbox 176 1342 259 1397; x_wconf 87' lang='lat' dir='ltr'><strong>Ut</strong></span> <span class='ocrx_word' id='word_1_99' title='bbox 291 1342 493 1397; x_wconf 84' lang='lat' dir='ltr'><strong>scilicet</strong></span> <span class='ocrx_word' id='word_1_100' title='bbox 515 1343 769 1403; x_wconf 88' lang='lat' dir='ltr'><strong>disceres,</strong></span> <span class='ocrx_word' id='word_1_101' title='bbox 803 1357 909 1398; x_wconf 92' lang='lat' dir='ltr'><strong>non</strong></span> <span class='ocrx_word' id='word_1_102' title='bbox 930 1344 995 1397; x_wconf 92' lang='lat' dir='ltr'><strong>de</strong></span> <span class='ocrx_word' id='word_1_103' title='bbox 1016 1342 1275 1397; x_wconf 88' lang='lat' dir='ltr'><strong>membris</strong></span> <span class='ocrx_word' id='word_1_104' title='bbox 1296 1357 1417 1397; x_wconf 89' lang='lat' dir='ltr'><strong>esse</strong></span> <span class='ocrx_word' id='word_1_105' title='bbox 1439 1356 1766 1406; x_wconf 88' lang='lat' dir='ltr'><strong>sermonem,</strong></span> 
     </span>
    </p>
   </div>
   <div class='ocr_carea' id='block_1_15' title="bbox 169 1432 1767 1504">
    <p class='ocr_par' dir='ltr' id='par_1_15' title="bbox 169 1432 1767 1504">
     <span class='ocr_line' id='line_1_15' title="bbox 169 1432 1767 1504; baseline -0.003 -16"><span class='ocrx_word' id='word_1_106' title='bbox 169 1433 280 1488; x_wconf 83' lang='lat' dir='ltr'><strong>sed</strong></span> <span class='ocrx_word' id='word_1_107' title='bbox 314 1433 383 1488; x_wconf 90' lang='lat' dir='ltr'><strong>de</strong></span> <span class='ocrx_word' id='word_1_108' title='bbox 419 1434 503 1487; x_wconf 92' lang='lat' dir='ltr'><strong>his</strong></span> <span class='ocrx_word' id='word_1_109' title='bbox 537 1434 719 1503; x_wconf 91' lang='lat' dir='ltr'><strong>potius</strong></span> <span class='ocrx_word' id='word_1_110' title='bbox 741 1433 836 1504; x_wconf 90' lang='lat' dir='ltr'><strong>qui</strong></span> <span class='ocrx_word' id='word_1_111' title='bbox 870 1434 1023 1488; x_wconf 92' lang='lat' dir='ltr'><strong>nobis</strong></span> <span class='ocrx_word' id='word_1_112' title='bbox 1058 1432 1423 1488; x_wconf 90' lang='lat' dir='ltr'><strong>familiaritate</strong></span> <span class='ocrx_word' id='word_1_113' title='bbox 1446 1433 1767 1504; x_wconf 80' lang='lat' dir='ltr'><strong>junguntur.</strong></span> 
     </span>
    </p>
   </div>
   <div class='ocr_carea' id='block_1_16' title="bbox 167 1523 1771 1596">
    <p class='ocr_par' dir='ltr' id='par_1_16' title="bbox 167 1523 1771 1596">
     <span class='ocr_line' id='line_1_16' title="bbox 167 1523 1771 1596; baseline -0.002 -17"><span class='ocrx_word' id='word_1_114' title='bbox 167 1524 251 1580; x_wconf 82' lang='lat' dir='ltr'><strong>Et</strong></span> <span class='ocrx_word' id='word_1_115' title='bbox 280 1524 327 1579; x_wconf 89' lang='lat' dir='ltr'><strong>si</strong></span> <span class='ocrx_word' id='word_1_116' title='bbox 359 1525 525 1596; x_wconf 83' lang='lat' dir='ltr'><strong>igitur</strong></span> <span class='ocrx_word' id='word_1_117' title='bbox 553 1534 763 1578; x_wconf 85' lang='lat' dir='ltr'><strong>tantum</strong></span> <span class='ocrx_word' id='word_1_118' title='bbox 793 1525 1027 1593; x_wconf 88' lang='lat' dir='ltr'><strong>aliquem</strong></span> <span class='ocrx_word' id='word_1_119' title='bbox 1055 1523 1264 1593; x_wconf 80' lang='lat' dir='ltr'><strong>diligas,</strong></span> <span class='ocrx_word' id='word_1_120' title='bbox 1294 1532 1357 1577; x_wconf 91' lang='lat' dir='ltr'><strong>ut</strong></span> <span class='ocrx_word' id='word_1_121' title='bbox 1381 1539 1446 1578; x_wconf 92' lang='lat' dir='ltr'><strong>eo</strong></span> <span class='ocrx_word' id='word_1_122' title='bbox 1482 1523 1621 1577; x_wconf 90' lang='lat' dir='ltr'><strong>oculi</strong></span> <span class='ocrx_word' id='word_1_123' title='bbox 1656 1531 1771 1576; x_wconf 88' lang='lat' dir='ltr'><strong>uta-</strong></span> 
     </span>
    </p>
   </div>
   <div class='ocr_carea' id='block_1_17' title="bbox 167 1615 1772 1686">
    <p class='ocr_par' dir='ltr' id='par_1_17' title="bbox 167 1615 1772 1686">
     <span class='ocr_line' id='line_1_17' title="bbox 167 1615 1772 1686; baseline -0.004 -13"><span class='ocrx_word' id='word_1_124' title='bbox 167 1618 261 1673; x_wconf 83' lang='lat' dir='ltr'><strong>ris</strong></span> <span class='ocrx_word' id='word_1_125' title='bbox 286 1619 426 1681; x_wconf 89' lang='lat' dir='ltr'><strong>vice,</strong></span> <span class='ocrx_word' id='word_1_126' title='bbox 461 1626 557 1671; x_wconf 90' lang='lat' dir='ltr'><strong>aut</strong></span> <span class='ocrx_word' id='word_1_127' title='bbox 581 1618 654 1672; x_wconf 88' lang='lat' dir='ltr'><strong>ita</strong></span> <span class='ocrx_word' id='word_1_128' title='bbox 685 1617 779 1671; x_wconf 89' lang='lat' dir='ltr'><strong>tibi</strong></span> <span class='ocrx_word' id='word_1_129' title='bbox 802 1617 1107 1686; x_wconf 86' lang='lat' dir='ltr'><strong>quempiam</strong></span> <span class='ocrx_word' id='word_1_130' title='bbox 1136 1631 1255 1671; x_wconf 88' lang='lat' dir='ltr'><strong>esse</strong></span> <span class='ocrx_word' id='word_1_131' title='bbox 1281 1615 1466 1669; x_wconf 89' lang='lat' dir='ltr'><strong>utilem</strong></span> <span class='ocrx_word' id='word_1_132' title='bbox 1503 1623 1676 1683; x_wconf 87' lang='lat' dir='ltr'><strong>putes,</strong></span> <span class='ocrx_word' id='word_1_133' title='bbox 1710 1620 1772 1666; x_wconf 89' lang='lat' dir='ltr'><strong>ut</strong></span> 
     </span>
    </p>
   </div>
   <div class='ocr_carea' id='block_1_18' title="bbox 168 1702 1769 1770">
    <p class='ocr_par' dir='ltr' id='par_1_18' title="bbox 168 1702 1769 1770">
     <span class='ocr_line' id='line_1_18' title="bbox 168 1702 1769 1770; baseline -0.005 -7"><span class='ocrx_word' id='word_1_134' title='bbox 168 1708 338 1763; x_wconf 91' lang='lat' dir='ltr'><strong>illum</strong></span> <span class='ocrx_word' id='word_1_135' title='bbox 371 1708 575 1762; x_wconf 69' lang='lat' dir='ltr'><strong>dextra:</strong></span> <span class='ocrx_word' id='word_1_136' title='bbox 608 1721 803 1761; x_wconf 88' lang='lat' dir='ltr'><strong>manus</strong></span> <span class='ocrx_word' id='word_1_137' title='bbox 827 1707 991 1761; x_wconf 90' lang='lat' dir='ltr'><strong>ducas</strong></span> <span class='ocrx_word' id='word_1_138' title='bbox 1018 1705 1162 1770; x_wconf 91' lang='lat' dir='ltr'><strong>loco,</strong></span> <span class='ocrx_word' id='word_1_139' title='bbox 1187 1714 1241 1759; x_wconf 92' lang='lat' dir='ltr'><strong>et</strong></span> <span class='ocrx_word' id='word_1_140' title='bbox 1275 1704 1330 1758; x_wconf 87' lang='lat' dir='ltr'><strong>hi</strong></span> <span class='ocrx_word' id='word_1_141' title='bbox 1362 1713 1543 1759; x_wconf 86' lang='lat' dir='ltr'><strong>tamen</strong></span> <span class='ocrx_word' id='word_1_142' title='bbox 1574 1702 1769 1757; x_wconf 77' lang='lat' dir='ltr'><strong>animze</strong></span> 
     </span>
    </p>
   </div>
   <div class='ocr_carea' id='block_1_19' title="bbox 2284 483 3015 558">
    <p class='ocr_par' dir='ltr' id='par_1_19' title="bbox 2284 483 3015 558">
     <span class='ocr_line' id='line_1_19' title="bbox 2284 483 3015 558; baseline -0.008 -17"><span class='ocrx_word' id='word_1_143' title='bbox 2284 488 2544 551; x_wconf 87' lang='lat' dir='ltr'><strong>caverint,</strong></span> <span class='ocrx_word' id='word_1_144' title='bbox 2569 501 2783 558; x_wconf 81' lang='lat' dir='ltr'><strong>parcere</strong></span> <span class='ocrx_word' id='word_1_145' title='bbox 2815 483 3015 538; x_wconf 85' lang='lat' dir='ltr'><strong>debeat.</strong></span> 
     </span>
    </p>
   </div>
   <div class='ocr_carea' id='block_1_20' title="bbox 1932 596 3448 668">
    <p class='ocr_par' dir='ltr' id='par_1_20' title="bbox 1932 596 3448 668">
     <span class='ocr_line' id='line_1_20' title="bbox 1932 596 3448 668; baseline -0.001 -14"><span class='ocrx_word' id='word_1_146' title='bbox 1932 599 2190 655; x_wconf 87' lang='lat' dir='ltr'><strong>Attendat</strong></span> <span class='ocrx_word' id='word_1_147' title='bbox 2212 609 2392 655; x_wconf 89' lang='lat' dir='ltr'><strong>autem</strong></span> <span class='ocrx_word' id='word_1_148' title='bbox 2432 600 2685 668; x_wconf 88' lang='lat' dir='ltr'><strong>princeps</strong></span> <span class='ocrx_word' id='word_1_149' title='bbox 2708 598 2761 653; x_wconf 92' lang='lat' dir='ltr'><strong>in</strong></span> <span class='ocrx_word' id='word_1_150' title='bbox 2792 596 3214 667; x_wconf 85' lang='lat' dir='ltr'><strong>propinquitatis</strong></span> <span class='ocrx_word' id='word_1_151' title='bbox 3257 609 3448 652; x_wconf 86' lang='lat' dir='ltr'><strong>neces-</strong></span> 
     </span>
    </p>
   </div>
   <div class='ocr_carea' id='block_1_21' title="bbox 1864 684 3448 757">
    <p class='ocr_par' dir='ltr' id='par_1_21' title="bbox 1864 684 3448 757">
     <span class='ocr_line' id='line_1_21' title="bbox 1864 684 3448 757; baseline -0.002 -12"><span class='ocrx_word' id='word_1_152' title='bbox 1864 689 2206 753; x_wconf 88' lang='lat' dir='ltr'><strong>situdinibus,</strong></span> <span class='ocrx_word' id='word_1_153' title='bbox 2231 689 2374 757; x_wconf 91' lang='lat' dir='ltr'><strong>quod</strong></span> <span class='ocrx_word' id='word_1_154' title='bbox 2403 696 2461 743; x_wconf 92' lang='lat' dir='ltr'><strong>et</strong></span> <span class='ocrx_word' id='word_1_155' title='bbox 2481 688 2535 742; x_wconf 93' lang='lat' dir='ltr'><strong>in</strong></span> <span class='ocrx_word' id='word_1_156' title='bbox 2565 687 2686 742; x_wconf 91' lang='lat' dir='ltr'><strong>aliis</strong></span> <span class='ocrx_word' id='word_1_157' title='bbox 2709 687 2872 742; x_wconf 89' lang='lat' dir='ltr'><strong>debet</strong></span> <span class='ocrx_word' id='word_1_158' title='bbox 2891 686 3191 750; x_wconf 89' lang='lat' dir='ltr'><strong>attendere,</strong></span> <span class='ocrx_word' id='word_1_159' title='bbox 3223 684 3275 740; x_wconf 89' lang='lat' dir='ltr'><strong>id</strong></span> <span class='ocrx_word' id='word_1_160' title='bbox 3301 687 3448 754; x_wconf 91' lang='lat' dir='ltr'><strong>quod</strong></span> 
     </span>
    </p>
   </div>
   <div class='ocr_carea' id='block_1_22' title="bbox 1866 777 3444 852">
    <p class='ocr_par' dir='ltr' id='par_1_22' title="bbox 1866 777 3444 852">
     <span class='ocr_line' id='line_1_22' title="bbox 1866 777 3444 852; baseline -0.005 -15"><span class='ocrx_word' id='word_1_161' title='bbox 1866 783 2125 852; x_wconf 86' lang='lat' dir='ltr'><strong>scriptum</strong></span> <span class='ocrx_word' id='word_1_162' title='bbox 2148 789 2260 836; x_wconf 89' lang='lat' dir='ltr'><strong>est:</strong></span> <span class='ocrx_word' id='word_1_163' title='bbox 2287 780 2389 846; x_wconf 82' lang='lat' dir='ltr'><strong>Qui</strong></span> <span class='ocrx_word' id='word_1_164' title='bbox 2402 779 2881 835; x_wconf 74' lang='lat' dir='ltr'><strong>absconditscelera</strong></span> <span class='ocrx_word' id='word_1_165' title='bbox 2895 794 3015 843; x_wconf 78' lang='lat' dir='ltr'><strong>sua,</strong></span> <span class='ocrx_word' id='word_1_166' title='bbox 3031 794 3134 832; x_wconf 90' lang='lat' dir='ltr'><strong>non</strong></span> <span class='ocrx_word' id='word_1_167' title='bbox 3156 777 3444 847; x_wconf 79' lang='lat' dir='ltr'><strong>dirigetur;</strong></span> 
     </span>
    </p>
   </div>
   <div class='ocr_carea' id='block_1_23' title="bbox 1865 864 3446 943">
    <p class='ocr_par' dir='ltr' id='par_1_23' title="bbox 1865 864 3446 943">
     <span class='ocr_line' id='line_1_23' title="bbox 1865 864 3446 943; baseline -0.006 -17"><span class='ocrx_word' id='word_1_168' title='bbox 1865 873 1955 943; x_wconf 88' lang='lat' dir='ltr'><strong>qui</strong></span> <span class='ocrx_word' id='word_1_169' title='bbox 1983 880 2157 926; x_wconf 87' lang='lat' dir='ltr'><strong>autem</strong></span> <span class='ocrx_word' id='word_1_170' title='bbox 2182 870 2447 939; x_wconf 76' lang='lat' dir='ltr'><strong>confessus</strong></span> <span class='ocrx_word' id='word_1_171' title='bbox 2469 869 2650 939; x_wconf 78' lang='lat' dir='ltr'><strong>fuerit,</strong></span> <span class='ocrx_word' id='word_1_172' title='bbox 2668 877 2716 922; x_wconf 89' lang='lat' dir='ltr'><strong>et</strong></span> <span class='ocrx_word' id='word_1_173' title='bbox 2746 867 3013 938; x_wconf 80' lang='lat' dir='ltr'><strong>reliquerit</strong></span> <span class='ocrx_word' id='word_1_174' title='bbox 3032 883 3115 930; x_wconf 91' lang='lat' dir='ltr'><strong>ea,</strong></span> <span class='ocrx_word' id='word_1_175' title='bbox 3146 864 3446 919; x_wconf 77' lang='lat' dir='ltr'><strong>misericor—</strong></span> 
     </span>
    </p>
   </div>
   <div class='ocr_carea' id='block_1_24' title="bbox 1866 955 3446 1032">
    <p class='ocr_par' dir='ltr' id='par_1_24' title="bbox 1866 955 3446 1032">
     <span class='ocr_line' id='line_1_24' title="bbox 1866 955 3446 1032; baseline -0.006 -15"><span class='ocrx_word' id='word_1_176' title='bbox 1866 964 2010 1018; x_wconf 84' lang='lat' dir='ltr'><strong>diam</strong></span> <span class='ocrx_word' id='word_1_177' title='bbox 2034 971 2377 1032; x_wconf 77' lang='lat' dir='ltr'><strong>consequetur</strong></span> <span class='ocrx_word' id='word_1_178' title='bbox 2399 957 2584 1028; x_wconf 83' lang='lat' dir='ltr'><strong>(Prov.</strong></span> <span class='ocrx_word' id='word_1_179' title='bbox 2613 973 2809 1021; x_wconf 80' lang='lat' dir='ltr'><strong>xxvut,</strong></span> <span class='ocrx_word' id='word_1_180' title='bbox 2854 957 2981 1023; x_wconf 73' lang='lat'><strong>12);</strong></span> <span class='ocrx_word' id='word_1_181' title='bbox 3031 957 3155 1025; x_wconf 88' lang='lat' dir='ltr'><strong>quia</strong></span> <span class='ocrx_word' id='word_1_182' title='bbox 3185 955 3446 1024; x_wconf 91' lang='lat' dir='ltr'><strong>scriptum</strong></span> 
     </span>
    </p>
   </div>
   <div class='ocr_carea' id='block_1_25' title="bbox 1867 1049 3446 1120">
    <p class='ocr_par' dir='ltr' id='par_1_25' title="bbox 1867 1049 3446 1120">
     <span class='ocr_line' id='line_1_25' title="bbox 1867 1049 3446 1120; baseline -0.006 -9"><span class='ocrx_word' id='word_1_183' title='bbox 1867 1064 1980 1111; x_wconf 89' lang='lat' dir='ltr'><strong>est:</strong></span> <span class='ocrx_word' id='word_1_184' title='bbox 2004 1054 2221 1109; x_wconf 79' lang='lat' dir='ltr'><strong>Declina</strong></span> <span class='ocrx_word' id='word_1_185' title='bbox 2242 1071 2274 1108; x_wconf 93' lang='lat' dir='ltr'><strong>a</strong></span> <span class='ocrx_word' id='word_1_186' title='bbox 2298 1052 2461 1118; x_wconf 88' lang='lat' dir='ltr'><strong>malo,</strong></span> <span class='ocrx_word' id='word_1_187' title='bbox 2484 1061 2533 1107; x_wconf 88' lang='lat' dir='ltr'><strong>et</strong></span> <span class='ocrx_word' id='word_1_188' title='bbox 2551 1050 2637 1120; x_wconf 81' lang='lat' dir='ltr'><strong>fac</strong></span> <span class='ocrx_word' id='word_1_189' title='bbox 2653 1051 2864 1114; x_wconf 88' lang='lat' dir='ltr'><strong>bonum,</strong></span> <span class='ocrx_word' id='word_1_190' title='bbox 2892 1060 2939 1103; x_wconf 87' lang='lat' dir='ltr'><strong>et</strong></span> <span class='ocrx_word' id='word_1_191' title='bbox 2955 1050 3192 1103; x_wconf 79' lang='lat' dir='ltr'><strong>inhabita</strong></span> <span class='ocrx_word' id='word_1_192' title='bbox 3208 1049 3265 1103; x_wconf 87' lang='lat' dir='ltr'><strong>in</strong></span> <span class='ocrx_word' id='word_1_193' title='bbox 3276 1063 3446 1103; x_wconf 66' lang='grc' dir='ltr'><strong>σωθη-</strong></span> 
     </span>
    </p>
   </div>
   <div class='ocr_carea' id='block_1_26' title="bbox 1868 1140 3452 1217">
    <p class='ocr_par' dir='ltr' id='par_1_26' title="bbox 1868 1140 3452 1217">
     <span class='ocr_line' id='line_1_26' title="bbox 1868 1140 3452 1217; baseline -0.004 -15"><span class='ocrx_word' id='word_1_194' title='bbox 1868 1149 1977 1203; x_wconf 86' lang='lat' dir='ltr'><strong>lum</strong></span> <span class='ocrx_word' id='word_1_195' title='bbox 1998 1148 2178 1204; x_wconf 73' lang='grc' dir='ltr'><strong>διεταιὶ</strong></span> <span class='ocrx_word' id='word_1_196' title='bbox 2200 1145 2373 1217; x_wconf 82' lang='lat' dir='ltr'><strong>(Psal.</strong></span> <span class='ocrx_word' id='word_1_197' title='bbox 2396 1161 2582 1211; x_wconf 75' lang='lat' dir='ltr'><strong>xxxvr,</strong></span> <span class='ocrx_word' id='word_1_198' title='bbox 2606 1144 2720 1214; x_wconf 74' lang='lat'><strong>27.)</strong></span> <span class='ocrx_word' id='word_1_199' title='bbox 2742 1143 2877 1211; x_wconf 87' lang='lat' dir='ltr'><strong>Quia</strong></span> <span class='ocrx_word' id='word_1_200' title='bbox 2898 1142 3178 1199; x_wconf 82' lang='lat' dir='ltr'><strong>conﬁtenti</strong></span> <span class='ocrx_word' id='word_1_201' title='bbox 3203 1150 3258 1196; x_wconf 91' lang='lat' dir='ltr'><strong>et</strong></span> <span class='ocrx_word' id='word_1_202' title='bbox 3277 1140 3452 1212; x_wconf 77' lang='grc' dir='ltr'><strong>ι)ωηί-</strong></span> 
     </span>
    </p>
   </div>
   <div class='ocr_carea' id='block_1_27' title="bbox 1870 1231 3454 1305">
    <p class='ocr_par' dir='ltr' id='par_1_27' title="bbox 1870 1231 3454 1305">
     <span class='ocr_line' id='line_1_27' title="bbox 1870 1231 3454 1305; baseline -0.006 -7"><span class='ocrx_word' id='word_1_203' title='bbox 1870 1243 2005 1299; x_wconf 89' lang='lat' dir='ltr'><strong>tenti</strong></span> <span class='ocrx_word' id='word_1_204' title='bbox 2018 1258 2123 1297; x_wconf 92' lang='lat' dir='ltr'><strong>non</strong></span> <span class='ocrx_word' id='word_1_205' title='bbox 2146 1240 2342 1300; x_wconf 77' lang='lat' dir='ltr'><strong>sutlicit</strong></span> <span class='ocrx_word' id='word_1_206' title='bbox 2360 1240 2472 1296; x_wconf 91' lang='lat' dir='ltr'><strong>sola</strong></span> <span class='ocrx_word' id='word_1_207' title='bbox 2485 1238 2779 1302; x_wconf 84' lang='lat' dir='ltr'><strong>confessio,</strong></span> <span class='ocrx_word' id='word_1_208' title='bbox 2797 1236 2903 1292; x_wconf 88' lang='lat' dir='ltr'><strong>nisi</strong></span> <span class='ocrx_word' id='word_1_209' title='bbox 2926 1246 2982 1291; x_wconf 93' lang='lat' dir='ltr'><strong>et</strong></span> <span class='ocrx_word' id='word_1_210' title='bbox 2995 1234 3358 1305; x_wconf 81' lang='lat' dir='ltr'><strong>subsequatur</strong></span> <span class='ocrx_word' id='word_1_211' title='bbox 3370 1231 3454 1288; x_wconf 85' lang='lat' dir='ltr'><strong>l&#39;a-</strong></span> 
     </span>
    </p>
   </div>
   <div class='ocr_carea' id='block_1_28' title="bbox 1868 1326 3458 1404">
    <p class='ocr_par' dir='ltr' id='par_1_28' title="bbox 1868 1326 3458 1404">
     <span class='ocr_line' id='line_1_28' title="bbox 1868 1326 3458 1404; baseline -0.008 -12"><span class='ocrx_word' id='word_1_212' title='bbox 1868 1337 1941 1393; x_wconf 89' lang='lat' dir='ltr'><strong>eti</strong></span> <span class='ocrx_word' id='word_1_213' title='bbox 1955 1335 2282 1400; x_wconf 89' lang='lat' dir='ltr'><strong>emendatio,</strong></span> <span class='ocrx_word' id='word_1_214' title='bbox 2308 1342 2369 1389; x_wconf 91' lang='lat' dir='ltr'><strong>ut</strong></span> <span class='ocrx_word' id='word_1_215' title='bbox 2393 1333 2663 1404; x_wconf 69' lang='lat' dir='ltr'><strong>paenitens</strong></span> <span class='ocrx_word' id='word_1_216' title='bbox 2688 1330 2997 1402; x_wconf 64' lang='lat' dir='ltr'><strong>paniteuda</strong></span> <span class='ocrx_word' id='word_1_217' title='bbox 3022 1342 3129 1383; x_wconf 90' lang='lat' dir='ltr'><strong>non</strong></span> <span class='ocrx_word' id='word_1_218' title='bbox 3152 1326 3336 1390; x_wconf 82' lang='lat' dir='ltr'><strong>faciat,</strong></span> <span class='ocrx_word' id='word_1_219' title='bbox 3353 1326 3458 1381; x_wconf 80' lang='lat' dir='ltr'><strong>sie-</strong></span> 
     </span>
    </p>
   </div>
   <div class='ocr_carea' id='block_1_29' title="bbox 1869 1417 3449 1495">
    <p class='ocr_par' dir='ltr' id='par_1_29' title="bbox 1869 1417 3449 1495">
     <span class='ocr_line' id='line_1_29' title="bbox 1869 1417 3449 1495; baseline -0.009 -12"><span class='ocrx_word' id='word_1_220' title='bbox 1869 1439 1931 1482; x_wconf 87' lang='lat' dir='ltr'><strong>nt</strong></span> <span class='ocrx_word' id='word_1_221' title='bbox 1956 1427 2120 1483; x_wconf 87' lang='lat' dir='ltr'><strong>David</strong></span> <span class='ocrx_word' id='word_1_222' title='bbox 2159 1434 2402 1491; x_wconf 88' lang='lat' dir='ltr'><strong>sanctus,</strong></span> <span class='ocrx_word' id='word_1_223' title='bbox 2430 1424 2525 1495; x_wconf 92' lang='lat' dir='ltr'><strong>qui</strong></span> <span class='ocrx_word' id='word_1_224' title='bbox 2556 1431 2840 1493; x_wconf 86' lang='lat' dir='ltr'><strong>postquam</strong></span> <span class='ocrx_word' id='word_1_225' title='bbox 2871 1418 3079 1474; x_wconf 82' lang='lat' dir='ltr'><strong>audivit</strong></span> <span class='ocrx_word' id='word_1_226' title='bbox 3099 1432 3128 1472; x_wconf 90' lang='lat' dir='ltr'><strong>a</strong></span> <span class='ocrx_word' id='word_1_227' title='bbox 3151 1417 3449 1486; x_wconf 86' lang='lat' dir='ltr'><strong>pr0pheta:</strong></span> 
     </span>
    </p>
   </div>
   <div class='ocr_carea' id='block_1_30' title="bbox 1869 1507 3445 1587">
    <p class='ocr_par' dir='ltr' id='par_1_30' title="bbox 1869 1507 3445 1587">
     <span class='ocr_line' id='line_1_30' title="bbox 1869 1507 3445 1587; baseline -0.008 -14"><span class='ocrx_word' id='word_1_228' title='bbox 1869 1520 2158 1573; x_wconf 76' lang='lat' dir='ltr'><strong>Dimiasum</strong></span> <span class='ocrx_word' id='word_1_229' title='bbox 2202 1526 2279 1572; x_wconf 78' lang='lat' dir='ltr'><strong>est</strong></span> <span class='ocrx_word' id='word_1_230' title='bbox 2307 1526 2574 1587; x_wconf 85' lang='lat' dir='ltr'><strong>peccatum</strong></span> <span class='ocrx_word' id='word_1_231' title='bbox 2600 1522 2744 1568; x_wconf 77' lang='lat' dir='ltr'><strong>tuum</strong></span> <span class='ocrx_word' id='word_1_232' title='bbox 2777 1511 2864 1582; x_wconf 85' lang='lat' dir='ltr'><strong>(II</strong></span> <span class='ocrx_word' id='word_1_233' title='bbox 2894 1511 3020 1581; x_wconf 87' lang='lat' dir='ltr'><strong>Reg.</strong></span> <span class='ocrx_word' id='word_1_234' title='bbox 3062 1525 3162 1574; x_wconf 79' lang='lat' dir='ltr'><strong>xu,</strong></span> <span class='ocrx_word' id='word_1_235' title='bbox 3194 1507 3307 1578; x_wconf 76' lang='grc'><strong>15),</strong></span> <span class='ocrx_word' id='word_1_236' title='bbox 3340 1507 3445 1562; x_wconf 89' lang='lat' dir='ltr'><strong>hu-</strong></span> 
     </span>
    </p>
   </div>
   <div class='ocr_carea' id='block_1_31' title="bbox 1870 1598 3461 1671">
    <p class='ocr_par' dir='ltr' id='par_1_31' title="bbox 1870 1598 3461 1671">
     <span class='ocr_line' id='line_1_31' title="bbox 1870 1598 3461 1671; baseline -0.008 -7"><span class='ocrx_word' id='word_1_237' title='bbox 1870 1609 2051 1664; x_wconf 92' lang='lat' dir='ltr'><strong>milior</strong></span> <span class='ocrx_word' id='word_1_238' title='bbox 2096 1609 2269 1663; x_wconf 80' lang='lat' dir='ltr'><strong>factus</strong></span> <span class='ocrx_word' id='word_1_239' title='bbox 2318 1617 2402 1662; x_wconf 91' lang='lat' dir='ltr'><strong>est</strong></span> <span class='ocrx_word' id='word_1_240' title='bbox 2455 1607 2508 1661; x_wconf 94' lang='lat' dir='ltr'><strong>in</strong></span> <span class='ocrx_word' id='word_1_241' title='bbox 2545 1603 2922 1660; x_wconf 86' lang='lat' dir='ltr'><strong>emendatione</strong></span> <span class='ocrx_word' id='word_1_242' title='bbox 2968 1600 3209 1671; x_wconf 86' lang='lat' dir='ltr'><strong>peccati,</strong></span> <span class='ocrx_word' id='word_1_243' title='bbox 3265 1598 3340 1653; x_wconf 86' lang='lat' dir='ltr'><strong>ita</strong></span> <span class='ocrx_word' id='word_1_244' title='bbox 3397 1605 3461 1651; x_wconf 79' lang='lat' dir='ltr'><strong>ut</strong></span> 
     </span>
    </p>
   </div>
   <div class='ocr_carea' id='block_1_32' title="bbox 1870 1694 3461 1766">
    <p class='ocr_par' dir='ltr' id='par_1_32' title="bbox 1870 1694 3461 1766">
     <span class='ocr_line' id='line_1_32' title="bbox 1870 1694 3461 1766; baseline -0.007 -12"><span class='ocrx_word' id='word_1_245' title='bbox 1870 1699 2111 1755; x_wconf 86' lang='lat' dir='ltr'><strong>cinerem</strong></span> <span class='ocrx_word' id='word_1_246' title='bbox 2140 1699 2281 1753; x_wconf 87' lang='lat' dir='ltr'><strong>sicut</strong></span> <span class='ocrx_word' id='word_1_247' title='bbox 2326 1711 2522 1766; x_wconf 90' lang='lat' dir='ltr'><strong>panem</strong></span> <span class='ocrx_word' id='word_1_248' title='bbox 2555 1694 2930 1757; x_wconf 86' lang='lat' dir='ltr'><strong>manducaret,</strong></span> <span class='ocrx_word' id='word_1_249' title='bbox 2973 1700 3029 1747; x_wconf 87' lang='lat' dir='ltr'><strong>et</strong></span> <span class='ocrx_word' id='word_1_250' title='bbox 3068 1699 3254 1760; x_wconf 89' lang='lat' dir='ltr'><strong>potum</strong></span> <span class='ocrx_word' id='word_1_251' title='bbox 3301 1703 3461 1744; x_wconf 89' lang='lat' dir='ltr'><strong>suum</strong></span> 
     </span>
    </p>
   </div>
   <div class='ocr_carea' id='block_1_33' title="bbox 172 1768 3467 1864">
    <p class='ocr_par' dir='ltr' id='par_1_33' title="bbox 172 1768 3467 1864">
     <span class='ocr_line' id='line_1_33' title="bbox 172 1768 3467 1864; baseline -0.007 -9"><span class='ocrx_word' id='word_1_252' title='bbox 172 1808 292 1855; x_wconf 70' lang='lat' dir='ltr'><strong>tua:</strong></span> <span class='ocrx_word' id='word_1_253' title='bbox 316 1799 562 1855; x_wconf 82' lang='lat' dir='ltr'><strong>fortassis</strong></span> <span class='ocrx_word' id='word_1_254' title='bbox 597 1799 1018 1862; x_wconf 89' lang='lat' dir='ltr'><strong>incommodant,</strong></span> <span class='ocrx_word' id='word_1_255' title='bbox 1049 1768 1211 1852; x_wconf 83' lang='lat' dir='ltr'><strong>etiam</strong></span> <span class='ocrx_word' id='word_1_256' title='bbox 1243 1798 1399 1860; x_wconf 91' lang='lat' dir='ltr'><strong>istos,</strong></span> <span class='ocrx_word' id='word_1_257' title='bbox 1426 1795 1631 1864; x_wconf 89' lang='lat' dir='ltr'><strong>inquit,</strong></span> <span class='ocrx_word' id='word_1_258' title='bbox 1661 1809 1691 1847; x_wconf 92' lang='lat' dir='ltr'><strong>a</strong></span> <span class='ocrx_word' id='word_1_259' title='bbox 1718 1802 1769 1848; x_wconf 91' lang='lat' dir='ltr'><strong>te</strong></span> <span class='ocrx_word' id='word_1_260' title='bbox 1796 1768 1845 1829; x_wconf 81' lang='grc' dir='ltr'><strong>Β</strong></span> <span class='ocrx_word' id='word_1_261' title='bbox 1873 1805 1998 1846; x_wconf 93' lang='lat' dir='ltr'><strong>cum</strong></span> <span class='ocrx_word' id='word_1_262' title='bbox 2020 1789 2144 1845; x_wconf 89' lang='lat' dir='ltr'><strong>lletu</strong></span> <span class='ocrx_word' id='word_1_263' title='bbox 2169 1788 2423 1843; x_wconf 90' lang='lat' dir='ltr'><strong>misceret</strong></span> <span class='ocrx_word' id='word_1_264' title='bbox 2450 1783 2623 1857; x_wconf 70' lang='lat' dir='ltr'><strong>(Prol.</strong></span> <span class='ocrx_word' id='word_1_265' title='bbox 2652 1783 2748 1852; x_wconf 78' lang='lat' dir='ltr'><strong>cr).</strong></span> <span class='ocrx_word' id='word_1_266' title='bbox 2787 1799 2805 1833; x_wconf 81' lang='grc' dir='ltr'>ι</span> <span class='ocrx_word' id='word_1_267' title='bbox 2833 1780 2970 1848; x_wconf 81' lang='lat' dir='ltr'><strong>Quia</strong></span> <span class='ocrx_word' id='word_1_268' title='bbox 2993 1794 3156 1850; x_wconf 68' lang='lat' dir='ltr'><strong>saepe,</strong></span> <span class='ocrx_word' id='word_1_269' title='bbox 3188 1787 3247 1833; x_wconf 90' lang='lat' dir='ltr'><strong>ut</strong></span> <span class='ocrx_word' id='word_1_270' title='bbox 3271 1777 3467 1833; x_wconf 89' lang='lat' dir='ltr'><strong>beatus</strong></span> 
     </span>
    </p>
   </div>
   <div class='ocr_carea' id='block_1_34' title="bbox 171 1884 1765 1961">
    <p class='ocr_par' dir='ltr' id='par_1_34' title="bbox 171 1884 1765 1961">
     <span class='ocr_line' id='line_1_34' title="bbox 171 1884 1765 1961; baseline -0.006 -14"><span class='ocrx_word' id='word_1_271' title='bbox 171 1891 404 1947; x_wconf 82' lang='lat' dir='ltr'><strong>abscide</strong></span> <span class='ocrx_word' id='word_1_272' title='bbox 432 1908 445 1944; x_wconf 91' lang='lat'><strong>:</strong></span> <span class='ocrx_word' id='word_1_273' title='bbox 475 1900 529 1946; x_wconf 89' lang='lat' dir='ltr'><strong>et</strong></span> <span class='ocrx_word' id='word_1_274' title='bbox 547 1890 858 1961; x_wconf 87' lang='lat' dir='ltr'><strong>diligentius</strong></span> <span class='ocrx_word' id='word_1_275' title='bbox 878 1890 987 1943; x_wconf 88' lang='lat' dir='ltr'><strong>vim</strong></span> <span class='ocrx_word' id='word_1_276' title='bbox 1011 1888 1179 1958; x_wconf 87' lang='lat' dir='ltr'><strong>ipsam</strong></span> <span class='ocrx_word' id='word_1_277' title='bbox 1203 1886 1471 1942; x_wconf 85' lang='lat' dir='ltr'><strong>sermonis</strong></span> <span class='ocrx_word' id='word_1_278' title='bbox 1494 1884 1765 1940; x_wconf 77' lang='lat' dir='ltr'><strong>examina.</strong></span> 
     </span>
    </p>
   </div>
   <div class='ocr_carea' id='block_1_35' title="bbox 175 1978 1774 2046">
    <p class='ocr_par' dir='ltr' id='par_1_35' title="bbox 175 1978 1774 2046">
     <span class='ocr_line' id='line_1_35' title="bbox 175 1978 1774 2046; baseline -0.006 -8"><span class='ocrx_word' id='word_1_279' title='bbox 175 1983 306 2038; x_wconf 76' lang='lat' dir='ltr'><strong>Non</strong></span> <span class='ocrx_word' id='word_1_280' title='bbox 336 1984 481 2038; x_wconf 91' lang='lat' dir='ltr'><strong>enim</strong></span> <span class='ocrx_word' id='word_1_281' title='bbox 510 1981 675 2046; x_wconf 77' lang='lat' dir='ltr'><strong>dixit,</strong></span> <span class='ocrx_word' id='word_1_282' title='bbox 700 1997 729 2035; x_wconf 89' lang='lat' dir='ltr'><strong>a</strong></span> <span class='ocrx_word' id='word_1_283' title='bbox 757 1981 941 2035; x_wconf 90' lang='lat' dir='ltr'><strong>talium</strong></span> <span class='ocrx_word' id='word_1_284' title='bbox 969 1980 1229 2035; x_wconf 88' lang='lat' dir='ltr'><strong>societate</strong></span> <span class='ocrx_word' id='word_1_285' title='bbox 1258 1978 1474 2033; x_wconf 90' lang='lat' dir='ltr'><strong>discede</strong></span> <span class='ocrx_word' id='word_1_286' title='bbox 1493 2019 1509 2043; x_wconf 92' lang='lat'><strong>,</strong></span> <span class='ocrx_word' id='word_1_287' title='bbox 1539 1979 1633 2031; x_wconf 91' lang='lat' dir='ltr'><strong>sed</strong></span> <span class='ocrx_word' id='word_1_288' title='bbox 1662 1990 1774 2030; x_wconf 90' lang='lat' dir='ltr'><strong>ma-</strong></span> 
     </span>
    </p>
   </div>
   <div class='ocr_carea' id='block_1_36' title="bbox 174 2068 1776 2144">
    <p class='ocr_par' dir='ltr' id='par_1_36' title="bbox 174 2068 1776 2144">
     <span class='ocr_line' id='line_1_36' title="bbox 174 2068 1776 2144; baseline -0.007 -15"><span class='ocrx_word' id='word_1_289' title='bbox 174 2076 389 2129; x_wconf 79' lang='lat' dir='ltr'><strong>ximam</strong></span> <span class='ocrx_word' id='word_1_290' title='bbox 418 2072 811 2144; x_wconf 89' lang='lat' dir='ltr'><strong>separationem</strong></span> <span class='ocrx_word' id='word_1_291' title='bbox 838 2071 1119 2125; x_wconf 90' lang='lat' dir='ltr'><strong>indicans:</strong></span> <span class='ocrx_word' id='word_1_292' title='bbox 1148 2068 1311 2134; x_wconf 87' lang='lat' dir='ltr'><strong>Erue,</strong></span> <span class='ocrx_word' id='word_1_293' title='bbox 1337 2068 1530 2137; x_wconf 84' lang='lat' dir='ltr'><strong>inquit,</strong></span> <span class='ocrx_word' id='word_1_294' title='bbox 1563 2083 1625 2122; x_wconf 92' lang='lat' dir='ltr'><strong>ac</strong></span> <span class='ocrx_word' id='word_1_295' title='bbox 1653 2082 1776 2136; x_wconf 88' lang='lat' dir='ltr'><strong>pro-</strong></span> 
     </span>
    </p>
   </div>
   <div class='ocr_carea' id='block_1_37' title="bbox 173 2157 1775 2235">
    <p class='ocr_par' dir='ltr' id='par_1_37' title="bbox 173 2157 1775 2235">
     <span class='ocr_line' id='line_1_37' title="bbox 173 2157 1775 2235; baseline -0.006 -17"><span class='ocrx_word' id='word_1_296' title='bbox 173 2165 317 2235; x_wconf 81' lang='lat' dir='ltr'><strong>jice.</strong></span> <span class='ocrx_word' id='word_1_297' title='bbox 347 2162 548 2217; x_wconf 87' lang='lat' dir='ltr'><strong>Deinde</strong></span> <span class='ocrx_word' id='word_1_298' title='bbox 578 2162 702 2231; x_wconf 90' lang='lat' dir='ltr'><strong>quia</strong></span> <span class='ocrx_word' id='word_1_299' title='bbox 731 2161 863 2216; x_wconf 90' lang='lat' dir='ltr'><strong>satis</strong></span> <span class='ocrx_word' id='word_1_300' title='bbox 891 2175 1076 2215; x_wconf 88' lang='lat' dir='ltr'><strong>severa</strong></span> <span class='ocrx_word' id='word_1_301' title='bbox 1100 2169 1451 2229; x_wconf 63' lang='lat' dir='ltr'><strong>praeceperat,</strong></span> <span class='ocrx_word' id='word_1_302' title='bbox 1474 2157 1685 2212; x_wconf 91' lang='lat' dir='ltr'><strong>lucrum</strong></span> <span class='ocrx_word' id='word_1_303' title='bbox 1706 2171 1775 2210; x_wconf 83' lang='lat' dir='ltr'><strong>ex</strong></span> 
     </span>
    </p>
   </div>
   <div class='ocr_carea' id='block_1_38' title="bbox 178 2251 1774 2324">
    <p class='ocr_par' dir='ltr' id='par_1_38' title="bbox 178 2251 1774 2324">
     <span class='ocr_line' id='line_1_38' title="bbox 178 2251 1774 2324; baseline -0.004 -14"><span class='ocrx_word' id='word_1_304' title='bbox 178 2264 426 2324; x_wconf 89' lang='lat' dir='ltr'><strong>utroque</strong></span> <span class='ocrx_word' id='word_1_305' title='bbox 462 2253 631 2324; x_wconf 89' lang='lat' dir='ltr'><strong>ipsius</strong></span> <span class='ocrx_word' id='word_1_306' title='bbox 673 2253 982 2308; x_wconf 88' lang='lat' dir='ltr'><strong>severitatis</strong></span> <span class='ocrx_word' id='word_1_307' title='bbox 1037 2252 1313 2316; x_wconf 89' lang='lat' dir='ltr'><strong>ostendit,</strong></span> <span class='ocrx_word' id='word_1_308' title='bbox 1370 2251 1774 2306; x_wconf 89' lang='lat' dir='ltr'><strong>translationem</strong></span> 
     </span>
    </p>
   </div>
   <div class='ocr_carea' id='block_1_39' title="bbox 176 2343 1780 2414">
    <p class='ocr_par' dir='ltr' id='par_1_39' title="bbox 176 2343 1780 2414">
     <span class='ocr_line' id='line_1_39' title="bbox 176 2343 1780 2414; baseline -0.001 -15"><span class='ocrx_word' id='word_1_309' title='bbox 176 2345 341 2400; x_wconf 76' lang='lat' dir='ltr'><strong>verbi</strong></span> <span class='ocrx_word' id='word_1_310' title='bbox 371 2345 559 2399; x_wconf 90' lang='lat' dir='ltr'><strong>tamin</strong></span> <span class='ocrx_word' id='word_1_311' title='bbox 590 2346 853 2399; x_wconf 86' lang='lat' dir='ltr'><strong>bonorum</strong></span> <span class='ocrx_word' id='word_1_312' title='bbox 880 2359 1041 2414; x_wconf 91' lang='lat' dir='ltr'><strong>quam</strong></span> <span class='ocrx_word' id='word_1_313' title='bbox 1065 2344 1120 2398; x_wconf 91' lang='lat' dir='ltr'><strong>in</strong></span> <span class='ocrx_word' id='word_1_314' title='bbox 1143 2343 1407 2398; x_wconf 90' lang='lat' dir='ltr'><strong>malorum</strong></span> <span class='ocrx_word' id='word_1_315' title='bbox 1434 2343 1597 2399; x_wconf 90' lang='lat' dir='ltr'><strong>etiam</strong></span> <span class='ocrx_word' id='word_1_316' title='bbox 1626 2351 1780 2413; x_wconf 86' lang='lat' dir='ltr'><strong>parte</strong></span> 
     </span>
    </p>
   </div>
   <div class='ocr_carea' id='block_1_40' title="bbox 183 2433 1778 2505">
    <p class='ocr_par' dir='ltr' id='par_1_40' title="bbox 183 2433 1778 2505">
     <span class='ocr_line' id='line_1_40' title="bbox 183 2433 1778 2505; baseline -0.003 -14"><span class='ocrx_word' id='word_1_317' title='bbox 183 2435 478 2491; x_wconf 82' lang='lat' dir='ltr'><strong>servando.</strong></span> <span class='ocrx_word' id='word_1_318' title='bbox 512 2433 737 2505; x_wconf 76' lang='lat' dir='ltr'><strong>Expedit</strong></span> <span class='ocrx_word' id='word_1_319' title='bbox 755 2436 893 2490; x_wconf 89' lang='lat' dir='ltr'><strong>enim</strong></span> <span class='ocrx_word' id='word_1_320' title='bbox 922 2434 1017 2487; x_wconf 82' lang='lat' dir='ltr'><strong>tibi</strong></span> <span class='ocrx_word' id='word_1_321' title='bbox 1041 2476 1054 2498; x_wconf 92' lang='lat'><strong>,</strong></span> <span class='ocrx_word' id='word_1_322' title='bbox 1108 2434 1299 2504; x_wconf 88' lang='lat' dir='ltr'><strong>inquit,</strong></span> <span class='ocrx_word' id='word_1_323' title='bbox 1331 2444 1388 2487; x_wconf 90' lang='lat' dir='ltr'><strong>ut</strong></span> <span class='ocrx_word' id='word_1_324' title='bbox 1413 2444 1586 2503; x_wconf 81' lang='lat' dir='ltr'><strong>pereat</strong></span> <span class='ocrx_word' id='word_1_325' title='bbox 1614 2450 1778 2487; x_wconf 84' lang='lat' dir='ltr'><strong>unum</strong></span> 
     </span>
    </p>
   </div>
   <div class='ocr_carea' id='block_1_41' title="bbox 184 2526 1780 2597">
    <p class='ocr_par' dir='ltr' id='par_1_41' title="bbox 184 2526 1780 2597">
     <span class='ocr_line' id='line_1_41' title="bbox 184 2526 1780 2597; baseline -0.005 -13"><span class='ocrx_word' id='word_1_326' title='bbox 184 2528 541 2584; x_wconf 80' lang='lat' dir='ltr'><strong>membrorum</strong></span> <span class='ocrx_word' id='word_1_327' title='bbox 569 2538 802 2592; x_wconf 85' lang='lat' dir='ltr'><strong>tuorum,</strong></span> <span class='ocrx_word' id='word_1_328' title='bbox 831 2542 989 2597; x_wconf 89' lang='lat' dir='ltr'><strong>quam</strong></span> <span class='ocrx_word' id='word_1_329' title='bbox 1019 2536 1182 2580; x_wconf 86' lang='lat' dir='ltr'><strong>totum</strong></span> <span class='ocrx_word' id='word_1_330' title='bbox 1212 2543 1400 2596; x_wconf 84' lang='lat' dir='ltr'><strong>corpus</strong></span> <span class='ocrx_word' id='word_1_331' title='bbox 1428 2535 1572 2579; x_wconf 86' lang='lat' dir='ltr'><strong>tuum</strong></span> <span class='ocrx_word' id='word_1_332' title='bbox 1604 2526 1780 2579; x_wconf 82' lang='lat' dir='ltr'><strong>mitta-</strong></span> 
     </span>
    </p>
   </div>
   <div class='ocr_carea' id='block_1_42' title="bbox 187 2618 1781 2693">
    <p class='ocr_par' dir='ltr' id='par_1_42' title="bbox 187 2618 1781 2693">
     <span class='ocr_line' id='line_1_42' title="bbox 187 2618 1781 2693; baseline -0.002 -16"><span class='ocrx_word' id='word_1_333' title='bbox 187 2633 280 2677; x_wconf 83' lang='lat' dir='ltr'><strong>tur</strong></span> <span class='ocrx_word' id='word_1_334' title='bbox 329 2623 382 2675; x_wconf 87' lang='lat' dir='ltr'><strong>in</strong></span> <span class='ocrx_word' id='word_1_335' title='bbox 412 2623 696 2692; x_wconf 82' lang='lat' dir='ltr'><strong>gehennam</strong></span> <span class='ocrx_word' id='word_1_336' title='bbox 727 2620 943 2693; x_wconf 77' lang='lat' dir='ltr'><strong>(Matth.</strong></span> <span class='ocrx_word' id='word_1_337' title='bbox 989 2635 1043 2686; x_wconf 79' lang='grc' dir='ltr'><strong>ν,</strong></span> <span class='ocrx_word' id='word_1_338' title='bbox 1098 2619 1210 2691; x_wconf 76' lang='grc'><strong>29).</strong></span> <span class='ocrx_word' id='word_1_339' title='bbox 1265 2620 1377 2675; x_wconf 87' lang='lat' dir='ltr'><strong>Cur</strong></span> <span class='ocrx_word' id='word_1_340' title='bbox 1400 2620 1542 2674; x_wconf 88' lang='lat' dir='ltr'><strong>enim</strong></span> <span class='ocrx_word' id='word_1_341' title='bbox 1582 2618 1781 2674; x_wconf 88' lang='lat' dir='ltr'><strong>Paulus</strong></span> 
     </span>
    </p>
   </div>
   <div class='ocr_carea' id='block_1_43' title="bbox 188 2713 1783 2785">
    <p class='ocr_par' dir='ltr' id='par_1_43' title="bbox 188 2713 1783 2785">
     <span class='ocr_line' id='line_1_43' title="bbox 188 2713 1783 2785; baseline -0.001 -14"><span class='ocrx_word' id='word_1_342' title='bbox 188 2715 413 2785; x_wconf 86' lang='lat' dir='ltr'><strong>optabat</strong></span> <span class='ocrx_word' id='word_1_343' title='bbox 463 2714 748 2769; x_wconf 85' lang='lat' dir='ltr'><strong>anathema</strong></span> <span class='ocrx_word' id='word_1_344' title='bbox 779 2714 941 2769; x_wconf 83' lang='lat' dir='ltr'><strong>ﬁeri?</strong></span> <span class='ocrx_word' id='word_1_345' title='bbox 979 2713 1155 2785; x_wconf 83' lang='lat' dir='ltr'><strong>(Rom.</strong></span> <span class='ocrx_word' id='word_1_346' title='bbox 1187 2714 1294 2783; x_wconf 69' lang='lat' dir='ltr'><strong>nt)!</strong></span> <span class='ocrx_word' id='word_1_347' title='bbox 1342 2713 1457 2770; x_wconf 86' lang='lat' dir='ltr'><strong>Non</strong></span> <span class='ocrx_word' id='word_1_348' title='bbox 1508 2716 1693 2784; x_wconf 89' lang='lat' dir='ltr'><strong>utique</strong></span> <span class='ocrx_word' id='word_1_349' title='bbox 1721 2723 1783 2769; x_wconf 90' lang='lat' dir='ltr'><strong>ut</strong></span> 
     </span>
    </p>
   </div>
   <div class='ocr_carea' id='block_1_44' title="bbox 191 2806 1779 2878">
    <p class='ocr_par' dir='ltr' id='par_1_44' title="bbox 191 2806 1779 2878">
     <span class='ocr_line' id='line_1_44' title="bbox 191 2806 1779 2878; baseline -0.001 -17"><span class='ocrx_word' id='word_1_350' title='bbox 191 2807 330 2861; x_wconf 89' lang='lat' dir='ltr'><strong>nihil</strong></span> <span class='ocrx_word' id='word_1_351' title='bbox 361 2806 485 2861; x_wconf 89' lang='lat' dir='ltr'><strong>inde</strong></span> <span class='ocrx_word' id='word_1_352' title='bbox 512 2806 648 2862; x_wconf 91' lang='lat' dir='ltr'><strong>lucri</strong></span> <span class='ocrx_word' id='word_1_353' title='bbox 683 2815 936 2878; x_wconf 84' lang='lat' dir='ltr'><strong>caperet,</strong></span> <span class='ocrx_word' id='word_1_354' title='bbox 988 2806 1083 2861; x_wconf 92' lang='lat' dir='ltr'><strong>sed</strong></span> <span class='ocrx_word' id='word_1_355' title='bbox 1112 2815 1172 2861; x_wconf 88' lang='lat' dir='ltr'><strong>ut</strong></span> <span class='ocrx_word' id='word_1_356' title='bbox 1214 2806 1349 2862; x_wconf 90' lang='lat' dir='ltr'><strong>alios</strong></span> <span class='ocrx_word' id='word_1_357' title='bbox 1391 2807 1698 2877; x_wconf 90' lang='lat' dir='ltr'><strong>acquireret</strong></span> <span class='ocrx_word' id='word_1_358' title='bbox 1726 2806 1779 2860; x_wconf 93' lang='lat' dir='ltr'><strong>in</strong></span> 
     </span>
    </p>
   </div>
   <div class='ocr_carea' id='block_1_45' title="bbox 190 2888 1784 2967">
    <p class='ocr_par' dir='ltr' id='par_1_45' title="bbox 190 2888 1784 2967">
     <span class='ocr_line' id='line_1_45' title="bbox 190 2888 1784 2967; baseline -0.001 -15"><span class='ocrx_word' id='word_1_359' title='bbox 190 2896 445 2952; x_wconf 78' lang='lat' dir='ltr'><strong>salutem.</strong></span> <span class='ocrx_word' id='word_1_360' title='bbox 490 2895 591 2951; x_wconf 86' lang='lat' dir='ltr'><strong>Hic</strong></span> <span class='ocrx_word' id='word_1_361' title='bbox 616 2888 767 2963; x_wconf 80' lang='lat' dir='ltr'><strong>vero,</strong></span> <span class='ocrx_word' id='word_1_362' title='bbox 813 2897 865 2952; x_wconf 88' lang='lat' dir='ltr'><strong>id</strong></span> <span class='ocrx_word' id='word_1_363' title='bbox 900 2897 1071 2967; x_wconf 90' lang='lat' dir='ltr'><strong>ipsum</strong></span> <span class='ocrx_word' id='word_1_364' title='bbox 1100 2897 1270 2963; x_wconf 89' lang='lat' dir='ltr'><strong>enim,</strong></span> <span class='ocrx_word' id='word_1_365' title='bbox 1319 2896 1482 2952; x_wconf 90' lang='lat' dir='ltr'><strong>etiam</strong></span> <span class='ocrx_word' id='word_1_366' title='bbox 1520 2897 1587 2952; x_wconf 85' lang='lat' dir='ltr'><strong>de</strong></span> <span class='ocrx_word' id='word_1_367' title='bbox 1620 2910 1784 2952; x_wconf 88' lang='lat' dir='ltr'><strong>causa</strong></span> 
     </span>
    </p>
   </div>
   <div class='ocr_carea' id='block_1_46' title="bbox 191 2983 1786 3057">
    <p class='ocr_par' dir='ltr' id='par_1_46' title="bbox 191 2983 1786 3057">
     <span class='ocr_line' id='line_1_46' title="bbox 191 2983 1786 3057; baseline 0.001 -18"><span class='ocrx_word' id='word_1_368' title='bbox 191 2985 409 3054; x_wconf 90' lang='lat' dir='ltr'><strong>reprobi</strong></span> <span class='ocrx_word' id='word_1_369' title='bbox 450 2983 637 3040; x_wconf 86' lang='lat' dir='ltr'><strong>fratris</strong></span> <span class='ocrx_word' id='word_1_370' title='bbox 682 2985 941 3057; x_wconf 83' lang='lat' dir='ltr'><strong>intellige.</strong></span> <span class='ocrx_word' id='word_1_371' title='bbox 996 2983 1226 3054; x_wconf 88' lang='lat' dir='ltr'><strong>Utrique</strong></span> <span class='ocrx_word' id='word_1_372' title='bbox 1255 2987 1448 3041; x_wconf 83' lang='lat' dir='ltr'><strong>noxius</strong></span> <span class='ocrx_word' id='word_1_373' title='bbox 1483 2993 1586 3050; x_wconf 89' lang='lat' dir='ltr'><strong>est,</strong></span> <span class='ocrx_word' id='word_1_374' title='bbox 1625 2994 1680 3041; x_wconf 91' lang='lat' dir='ltr'><strong>et</strong></span> <span class='ocrx_word' id='word_1_375' title='bbox 1704 2985 1786 3041; x_wconf 90' lang='lat' dir='ltr'><strong>id-</strong></span> 
     </span>
    </p>
   </div>
   <div class='ocr_carea' id='block_1_47' title="bbox 190 3076 1784 3149">
    <p class='ocr_par' dir='ltr' id='par_1_47' title="bbox 190 3076 1784 3149">
     <span class='ocr_line' id='line_1_47' title="bbox 190 3076 1784 3149; baseline -0.001 -18"><span class='ocrx_word' id='word_1_376' title='bbox 190 3077 345 3131; x_wconf 83' lang='lat' dir='ltr'><strong>eirco</strong></span> <span class='ocrx_word' id='word_1_377' title='bbox 374 3091 478 3130; x_wconf 93' lang='lat' dir='ltr'><strong>non</strong></span> <span class='ocrx_word' id='word_1_378' title='bbox 508 3076 604 3141; x_wconf 90' lang='lat' dir='ltr'><strong>ait,</strong></span> <span class='ocrx_word' id='word_1_379' title='bbox 649 3091 779 3131; x_wconf 91' lang='lat' dir='ltr'><strong>erue</strong></span> <span class='ocrx_word' id='word_1_380' title='bbox 810 3077 1200 3141; x_wconf 89' lang='lat' dir='ltr'><strong>tantummodo,</strong></span> <span class='ocrx_word' id='word_1_381' title='bbox 1232 3076 1325 3131; x_wconf 89' lang='lat' dir='ltr'><strong>sed</strong></span> <span class='ocrx_word' id='word_1_382' title='bbox 1353 3083 1409 3130; x_wconf 91' lang='lat' dir='ltr'><strong>et</strong></span> <span class='ocrx_word' id='word_1_383' title='bbox 1440 3076 1656 3149; x_wconf 73' lang='lat' dir='ltr'><strong>profice,</strong></span> <span class='ocrx_word' id='word_1_384' title='bbox 1698 3076 1784 3130; x_wconf 84' lang='lat' dir='ltr'><strong>in-</strong></span> 
     </span>
    </p>
   </div>
   <div class='ocr_carea' id='block_1_48' title="bbox 189 3169 1775 3246">
    <p class='ocr_par' dir='ltr' id='par_1_48' title="bbox 189 3169 1775 3246">
     <span class='ocr_line' id='line_1_48' title="bbox 189 3169 1775 3246; baseline -0.003 -18"><span class='ocrx_word' id='word_1_385' title='bbox 189 3174 331 3246; x_wconf 88' lang='lat' dir='ltr'><strong>quit,</strong></span> <span class='ocrx_word' id='word_1_386' title='bbox 365 3174 455 3228; x_wconf 78' lang='lat' dir='ltr'><strong>abs</strong></span> <span class='ocrx_word' id='word_1_387' title='bbox 485 3185 552 3237; x_wconf 86' lang='lat' dir='ltr'><strong>te,</strong></span> <span class='ocrx_word' id='word_1_388' title='bbox 604 3183 664 3229; x_wconf 91' lang='lat' dir='ltr'><strong>ut</strong></span> <span class='ocrx_word' id='word_1_389' title='bbox 702 3190 827 3230; x_wconf 90' lang='lat' dir='ltr'><strong>eum</strong></span> <span class='ocrx_word' id='word_1_390' title='bbox 857 3188 1133 3244; x_wconf 89' lang='lat' dir='ltr'><strong>nunquam</strong></span> <span class='ocrx_word' id='word_1_391' title='bbox 1182 3173 1412 3242; x_wconf 79' lang='lat' dir='ltr'><strong>recipias</strong></span> <span class='ocrx_word' id='word_1_392' title='bbox 1441 3172 1683 3232; x_wconf 89' lang='lat' dir='ltr'><strong>ulterius,</strong></span> <span class='ocrx_word' id='word_1_393' title='bbox 1726 3169 1775 3225; x_wconf 91' lang='lat' dir='ltr'><strong>si</strong></span> 
     </span>
    </p>
   </div>
   <div class='ocr_carea' id='block_1_49' title="bbox 192 3265 1789 3340">
    <p class='ocr_par' dir='ltr' id='par_1_49' title="bbox 192 3265 1789 3340">
     <span class='ocr_line' id='line_1_49' title="bbox 192 3265 1789 3340; baseline -0.001 -21"><span class='ocrx_word' id='word_1_394' title='bbox 192 3267 374 3340; x_wconf 86' lang='lat' dir='ltr'><strong>qualis</strong></span> <span class='ocrx_word' id='word_1_395' title='bbox 427 3266 606 3323; x_wconf 86' lang='lat' dir='ltr'><strong>fuerat</strong></span> <span class='ocrx_word' id='word_1_396' title='bbox 655 3276 984 3339; x_wconf 86' lang='lat' dir='ltr'><strong>perseverat.</strong></span> <span class='ocrx_word' id='word_1_397' title='bbox 1038 3265 1152 3321; x_wconf 83' lang='lat' dir='ltr'><strong>Hoc</strong></span> <span class='ocrx_word' id='word_1_398' title='bbox 1179 3266 1323 3320; x_wconf 89' lang='lat' dir='ltr'><strong>enim</strong></span> <span class='ocrx_word' id='word_1_399' title='bbox 1368 3266 1529 3321; x_wconf 89' lang='lat' dir='ltr'><strong>modo</strong></span> <span class='ocrx_word' id='word_1_400' title='bbox 1555 3273 1611 3321; x_wconf 86' lang='lat' dir='ltr'><strong>et</strong></span> <span class='ocrx_word' id='word_1_401' title='bbox 1640 3265 1789 3319; x_wconf 87' lang='lat' dir='ltr'><strong>illum</strong></span> 
     </span>
    </p>
   </div>
   <div class='ocr_carea' id='block_1_50' title="bbox 193 3354 1766 3429">
    <p class='ocr_par' dir='ltr' id='par_1_50' title="bbox 193 3354 1766 3429">
     <span class='ocr_line' id='line_1_50' title="bbox 193 3354 1766 3429; baseline -0.003 -15"><span class='ocrx_word' id='word_1_402' title='bbox 193 3358 406 3429; x_wconf 86' lang='lat' dir='ltr'><strong>majore</strong></span> <span class='ocrx_word' id='word_1_403' title='bbox 431 3358 657 3413; x_wconf 89' lang='lat' dir='ltr'><strong>crimine</strong></span> <span class='ocrx_word' id='word_1_404' title='bbox 682 3357 956 3424; x_wconf 89' lang='lat' dir='ltr'><strong>liberabis,</strong></span> <span class='ocrx_word' id='word_1_405' title='bbox 992 3366 1048 3411; x_wconf 89' lang='lat' dir='ltr'><strong>et</strong></span> <span class='ocrx_word' id='word_1_406' title='bbox 1072 3364 1123 3411; x_wconf 91' lang='lat' dir='ltr'><strong>te</strong></span> <span class='ocrx_word' id='word_1_407' title='bbox 1152 3372 1182 3410; x_wconf 91' lang='lat' dir='ltr'><strong>a</strong></span> <span class='ocrx_word' id='word_1_408' title='bbox 1207 3356 1510 3428; x_wconf 88' lang='lat' dir='ltr'><strong>perditione</strong></span> <span class='ocrx_word' id='word_1_409' title='bbox 1534 3354 1766 3411; x_wconf 83' lang='lat' dir='ltr'><strong>salvabis</strong></span> 
     </span>
    </p>
   </div>
   <div class='ocr_carea' id='block_1_51' title="bbox 197 3446 1790 3516">
    <p class='ocr_par' dir='ltr' id='par_1_51' title="bbox 197 3446 1790 3516">
     <span class='ocr_line' id='line_1_51' title="bbox 197 3446 1790 3516; baseline -0.001 -15"><span class='ocrx_word' id='word_1_410' title='bbox 197 3448 274 3502; x_wconf 83' lang='lat' dir='ltr'><strong>Ut</strong></span> <span class='ocrx_word' id='word_1_411' title='bbox 297 3457 476 3503; x_wconf 89' lang='lat' dir='ltr'><strong>autem</strong></span> <span class='ocrx_word' id='word_1_412' title='bbox 520 3448 863 3503; x_wconf 88' lang='lat' dir='ltr'><strong>manifestius</strong></span> <span class='ocrx_word' id='word_1_413' title='bbox 891 3449 1234 3504; x_wconf 90' lang='lat' dir='ltr'><strong>commodum</strong></span> <span class='ocrx_word' id='word_1_414' title='bbox 1266 3448 1422 3503; x_wconf 88' lang='lat' dir='ltr'><strong>istius</strong></span> <span class='ocrx_word' id='word_1_415' title='bbox 1458 3447 1593 3516; x_wconf 77' lang='lat' dir='ltr'><strong>legis</strong></span> <span class='ocrx_word' id='word_1_416' title='bbox 1644 3446 1790 3516; x_wconf 89' lang='lat' dir='ltr'><strong>aspi-</strong></span> 
     </span>
    </p>
   </div>
   <div class='ocr_carea' id='block_1_52' title="bbox 195 3538 1789 3611">
    <p class='ocr_par' dir='ltr' id='par_1_52' title="bbox 195 3538 1789 3611">
     <span class='ocr_line' id='line_1_52' title="bbox 195 3538 1789 3611; baseline -0.001 -17"><span class='ocrx_word' id='word_1_417' title='bbox 195 3540 335 3604; x_wconf 86' lang='lat' dir='ltr'><strong>cias,</strong></span> <span class='ocrx_word' id='word_1_418' title='bbox 370 3540 414 3595; x_wconf 91' lang='lat' dir='ltr'><strong>si</strong></span> <span class='ocrx_word' id='word_1_419' title='bbox 450 3539 629 3610; x_wconf 84' lang='lat' dir='ltr'><strong>placet</strong></span> <span class='ocrx_word' id='word_1_420' title='bbox 679 3540 844 3596; x_wconf 89' lang='lat' dir='ltr'><strong>etiam</strong></span> <span class='ocrx_word' id='word_1_421' title='bbox 902 3541 957 3595; x_wconf 93' lang='lat' dir='ltr'><strong>in</strong></span> <span class='ocrx_word' id='word_1_422' title='bbox 995 3554 1224 3611; x_wconf 89' lang='lat' dir='ltr'><strong>corpore</strong></span> <span class='ocrx_word' id='word_1_423' title='bbox 1267 3539 1423 3610; x_wconf 81' lang='lat' dir='ltr'><strong>juxta</strong></span> <span class='ocrx_word' id='word_1_424' title='bbox 1457 3556 1676 3594; x_wconf 85' lang='lat' dir='ltr'><strong>causam</strong></span> <span class='ocrx_word' id='word_1_425' title='bbox 1735 3538 1789 3593; x_wconf 92' lang='lat' dir='ltr'><strong>id</strong></span> 
     </span>
    </p>
   </div>
   <div class='ocr_carea' id='block_1_53' title="bbox 197 3627 1793 3701">
    <p class='ocr_par' dir='ltr' id='par_1_53' title="bbox 197 3627 1793 3701">
     <span class='ocr_line' id='line_1_53' title="bbox 197 3627 1793 3701; baseline 0.001 -19"><span class='ocrx_word' id='word_1_426' title='bbox 197 3630 345 3700; x_wconf 77' lang='lat' dir='ltr'><strong>quod</strong></span> <span class='ocrx_word' id='word_1_427' title='bbox 391 3630 593 3685; x_wconf 91' lang='lat' dir='ltr'><strong>dictum</strong></span> <span class='ocrx_word' id='word_1_428' title='bbox 618 3638 702 3685; x_wconf 89' lang='lat' dir='ltr'><strong>est</strong></span> <span class='ocrx_word' id='word_1_429' title='bbox 730 3630 1088 3701; x_wconf 90' lang='lat' dir='ltr'><strong>requiramus.</strong></span> <span class='ocrx_word' id='word_1_430' title='bbox 1137 3627 1194 3685; x_wconf 92' lang='lat' dir='ltr'><strong>Si</strong></span> <span class='ocrx_word' id='word_1_431' title='bbox 1240 3631 1383 3685; x_wconf 90' lang='lat' dir='ltr'><strong>enim</strong></span> <span class='ocrx_word' id='word_1_432' title='bbox 1434 3632 1656 3685; x_wconf 88' lang='lat' dir='ltr'><strong>daretur</strong></span> <span class='ocrx_word' id='word_1_433' title='bbox 1682 3628 1793 3684; x_wconf 86' lang='lat' dir='ltr'><strong>cle-</strong></span> 
     </span>
    </p>
   </div>
   <div class='ocr_carea' id='block_1_54' title="bbox 199 3720 1790 3793">
    <p class='ocr_par' dir='ltr' id='par_1_54' title="bbox 199 3720 1790 3793">
     <span class='ocr_line' id='line_1_54' title="bbox 199 3720 1790 3793; baseline -0.004 -14"><span class='ocrx_word' id='word_1_434' title='bbox 199 3724 332 3789; x_wconf 80' lang='lat' dir='ltr'><strong>ctio,</strong></span> <span class='ocrx_word' id='word_1_435' title='bbox 365 3739 637 3793; x_wconf 90' lang='lat' dir='ltr'><strong>unumque</strong></span> <span class='ocrx_word' id='word_1_436' title='bbox 661 3733 805 3778; x_wconf 89' lang='lat' dir='ltr'><strong>esset</strong></span> <span class='ocrx_word' id='word_1_437' title='bbox 835 3721 1202 3777; x_wconf 86' lang='lat' dir='ltr'><strong>necessarium</strong></span> <span class='ocrx_word' id='word_1_438' title='bbox 1244 3721 1312 3776; x_wconf 87' lang='lat' dir='ltr'><strong>de</strong></span> <span class='ocrx_word' id='word_1_439' title='bbox 1341 3722 1570 3785; x_wconf 90' lang='lat' dir='ltr'><strong>duobus,</strong></span> <span class='ocrx_word' id='word_1_440' title='bbox 1598 3720 1790 3774; x_wconf 86' lang='lat' dir='ltr'><strong>videli-</strong></span> 
     </span>
    </p>
   </div>
   <div class='ocr_carea' id='block_1_55' title="bbox 200 3811 1792 3880">
    <p class='ocr_par' dir='ltr' id='par_1_55' title="bbox 200 3811 1792 3880">
     <span class='ocr_line' id='line_1_55' title="bbox 200 3811 1792 3880; baseline -0.004 -11"><span class='ocrx_word' id='word_1_441' title='bbox 200 3814 336 3870; x_wconf 88' lang='lat' dir='ltr'><strong>licet</strong></span> <span class='ocrx_word' id='word_1_442' title='bbox 357 3823 445 3868; x_wconf 87' lang='lat' dir='ltr'><strong>aut</strong></span> <span class='ocrx_word' id='word_1_443' title='bbox 473 3830 595 3869; x_wconf 91' lang='lat' dir='ltr'><strong>cum</strong></span> <span class='ocrx_word' id='word_1_444' title='bbox 627 3813 889 3869; x_wconf 90' lang='lat' dir='ltr'><strong>ambobus</strong></span> <span class='ocrx_word' id='word_1_445' title='bbox 913 3813 1085 3868; x_wconf 89' lang='lat' dir='ltr'><strong>oculis</strong></span> <span class='ocrx_word' id='word_1_446' title='bbox 1108 3813 1160 3866; x_wconf 91' lang='lat' dir='ltr'><strong>iu</strong></span> <span class='ocrx_word' id='word_1_447' title='bbox 1186 3811 1398 3867; x_wconf 85' lang='lat' dir='ltr'><strong>foveam</strong></span> <span class='ocrx_word' id='word_1_448' title='bbox 1429 3826 1585 3866; x_wconf 89' lang='lat' dir='ltr'><strong>ruere</strong></span> <span class='ocrx_word' id='word_1_449' title='bbox 1629 3820 1792 3880; x_wconf 90' lang='lat' dir='ltr'><strong>atque</strong></span> 
     </span>
    </p>
   </div>
   <div class='ocr_carea' id='block_1_56' title="bbox 202 3901 1792 3976">
    <p class='ocr_par' dir='ltr' id='par_1_56' title="bbox 202 3901 1792 3976">
     <span class='ocr_line' id='line_1_56' title="bbox 202 3901 1792 3976; baseline -0.006 -12"><span class='ocrx_word' id='word_1_450' title='bbox 202 3907 404 3964; x_wconf 84' lang='lat' dir='ltr'><strong>ibidem</strong></span> <span class='ocrx_word' id='word_1_451' title='bbox 438 3906 707 3975; x_wconf 89' lang='lat' dir='ltr'><strong>deperire,</strong></span> <span class='ocrx_word' id='word_1_452' title='bbox 764 3915 858 3960; x_wconf 91' lang='lat' dir='ltr'><strong>aut</strong></span> <span class='ocrx_word' id='word_1_453' title='bbox 911 3905 1118 3976; x_wconf 88' lang='lat' dir='ltr'><strong>absque</strong></span> <span class='ocrx_word' id='word_1_454' title='bbox 1163 3919 1271 3958; x_wconf 89' lang='lat' dir='ltr'><strong>uno</strong></span> <span class='ocrx_word' id='word_1_455' title='bbox 1320 3903 1479 3958; x_wconf 89' lang='lat' dir='ltr'><strong>oculo</strong></span> <span class='ocrx_word' id='word_1_456' title='bbox 1526 3901 1792 3971; x_wconf 89' lang='lat' dir='ltr'><strong>reliquum</strong></span> 
     </span>
    </p>
   </div>
   <div class='ocr_carea' id='block_1_57' title="bbox 204 3993 1792 4068">
    <p class='ocr_par' dir='ltr' id='par_1_57' title="bbox 204 3993 1792 4068">
     <span class='ocr_line' id='line_1_57' title="bbox 204 3993 1792 4068; baseline -0.006 -13"><span class='ocrx_word' id='word_1_457' title='bbox 204 3997 420 4055; x_wconf 84' lang='lat' dir='ltr'><strong>salvare</strong></span> <span class='ocrx_word' id='word_1_458' title='bbox 461 4012 697 4068; x_wconf 87' lang='lat' dir='ltr'><strong>corpus,</strong></span> <span class='ocrx_word' id='word_1_459' title='bbox 745 4005 976 4066; x_wconf 87' lang='lat' dir='ltr'><strong>putasne</strong></span> <span class='ocrx_word' id='word_1_460' title='bbox 1022 4011 1054 4049; x_wconf 91' lang='lat' dir='ltr'><strong>e</strong></span> <span class='ocrx_word' id='word_1_461' title='bbox 1104 3993 1315 4049; x_wconf 92' lang='lat' dir='ltr'><strong>duobus</strong></span> <span class='ocrx_word' id='word_1_462' title='bbox 1365 3994 1640 4062; x_wconf 84' lang='lat' dir='ltr'><strong>suscipere</strong></span> <span class='ocrx_word' id='word_1_463' title='bbox 1685 4008 1792 4046; x_wconf 90' lang='lat' dir='ltr'><strong>non</strong></span> 
     </span>
    </p>
   </div>
   <div class='ocr_carea' id='block_1_58' title="bbox 205 4086 1796 4158">
    <p class='ocr_par' dir='ltr' id='par_1_58' title="bbox 205 4086 1796 4158">
     <span class='ocr_line' id='line_1_58' title="bbox 205 4086 1796 4158; baseline -0.005 -10"><span class='ocrx_word' id='word_1_464' title='bbox 205 4091 399 4148; x_wconf 89' lang='lat' dir='ltr'><strong>malles</strong></span> <span class='ocrx_word' id='word_1_465' title='bbox 432 4090 769 4146; x_wconf 86' lang='lat' dir='ltr'><strong>secundum?</strong></span> <span class='ocrx_word' id='word_1_466' title='bbox 794 4090 865 4145; x_wconf 78' lang='lat' dir='ltr'><strong>At</strong></span> <span class='ocrx_word' id='word_1_467' title='bbox 912 4090 1055 4145; x_wconf 91' lang='lat' dir='ltr'><strong>istud</strong></span> <span class='ocrx_word' id='word_1_468' title='bbox 1098 4088 1350 4144; x_wconf 88' lang='lat' dir='ltr'><strong>omnibus</strong></span> <span class='ocrx_word' id='word_1_469' title='bbox 1395 4087 1599 4158; x_wconf 89' lang='lat' dir='ltr'><strong>absque</strong></span> <span class='ocrx_word' id='word_1_470' title='bbox 1624 4086 1796 4141; x_wconf 88' lang='lat' dir='ltr'><strong>ambi-</strong></span> 
     </span>
    </p>
   </div>
   <div class='ocr_carea' id='block_1_59' title="bbox 206 4177 1796 4255">
    <p class='ocr_par' dir='ltr' id='par_1_59' title="bbox 206 4177 1796 4255">
     <span class='ocr_line' id='line_1_59' title="bbox 206 4177 1796 4255; baseline -0.003 -19"><span class='ocrx_word' id='word_1_471' title='bbox 206 4182 415 4255; x_wconf 89' lang='lat' dir='ltr'><strong>guitate</strong></span> <span class='ocrx_word' id='word_1_472' title='bbox 440 4181 785 4252; x_wconf 90' lang='lat' dir='ltr'><strong>perspicuum</strong></span> <span class='ocrx_word' id='word_1_473' title='bbox 810 4188 915 4236; x_wconf 91' lang='lat' dir='ltr'><strong>est.</strong></span> <span class='ocrx_word' id='word_1_474' title='bbox 946 4179 1061 4236; x_wconf 85' lang='lat' dir='ltr'><strong>Non</strong></span> <span class='ocrx_word' id='word_1_475' title='bbox 1085 4179 1227 4235; x_wconf 91' lang='lat' dir='ltr'><strong>enim</strong></span> <span class='ocrx_word' id='word_1_476' title='bbox 1263 4180 1367 4235; x_wconf 90' lang='lat' dir='ltr'><strong>hoc</strong></span> <span class='ocrx_word' id='word_1_477' title='bbox 1391 4186 1535 4234; x_wconf 90' lang='lat' dir='ltr'><strong>esset</strong></span> <span class='ocrx_word' id='word_1_478' title='bbox 1562 4177 1796 4233; x_wconf 89' lang='lat' dir='ltr'><strong>odientis</strong></span> 
     </span>
    </p>
   </div>
   <div class='ocr_carea' id='block_1_60' title="bbox 206 4268 1797 4341">
    <p class='ocr_par' dir='ltr' id='par_1_60' title="bbox 206 4268 1797 4341">
     <span class='ocr_line' id='line_1_60' title="bbox 206 4268 1797 4341; baseline -0.004 -14"><span class='ocrx_word' id='word_1_479' title='bbox 206 4271 448 4335; x_wconf 85' lang='lat' dir='ltr'><strong>oculum,</strong></span> <span class='ocrx_word' id='word_1_480' title='bbox 481 4272 574 4326; x_wconf 88' lang='lat' dir='ltr'><strong>sed</strong></span> <span class='ocrx_word' id='word_1_481' title='bbox 603 4286 800 4341; x_wconf 89' lang='lat' dir='ltr'><strong>corpus</strong></span> <span class='ocrx_word' id='word_1_482' title='bbox 819 4269 1085 4340; x_wconf 88' lang='lat' dir='ltr'><strong>reliquum</strong></span> <span class='ocrx_word' id='word_1_483' title='bbox 1112 4269 1403 4338; x_wconf 83' lang='lat' dir='ltr'><strong>diligentis.</strong></span> <span class='ocrx_word' id='word_1_484' title='bbox 1435 4288 1451 4321; x_wconf 79' lang='grc' dir='ltr'><strong><em>ι</em></strong></span> <span class='ocrx_word' id='word_1_485' title='bbox 1476 4268 1544 4323; x_wconf 87' lang='grc' dir='ltr'><strong>Ει</strong></span> <span class='ocrx_word' id='word_1_486' title='bbox 1573 4277 1797 4323; x_wconf 86' lang='lat' dir='ltr'><strong>sanctus</strong></span> 
     </span>
    </p>
   </div>
   <div class='ocr_carea' id='block_1_61' title="bbox 206 4360 1794 4435">
    <p class='ocr_par' dir='ltr' id='par_1_61' title="bbox 206 4360 1794 4435">
     <span class='ocr_line' id='line_1_61' title="bbox 206 4360 1794 4435; baseline -0.004 -16"><span class='ocrx_word' id='word_1_487' title='bbox 206 4364 571 4435; x_wconf 76' lang='lat' dir='ltr'><strong>Hieronymus</strong></span> <span class='ocrx_word' id='word_1_488' title='bbox 601 4365 653 4418; x_wconf 89' lang='lat' dir='ltr'><strong>in</strong></span> <span class='ocrx_word' id='word_1_489' title='bbox 712 4362 1114 4419; x_wconf 86' lang='lat' dir='ltr'><strong>Commentario</strong></span> <span class='ocrx_word' id='word_1_490' title='bbox 1159 4362 1424 4429; x_wconf 65' lang='lat' dir='ltr'><strong>Matthati,</strong></span> <span class='ocrx_word' id='word_1_491' title='bbox 1477 4362 1543 4417; x_wconf 90' lang='lat' dir='ltr'><strong>de</strong></span> <span class='ocrx_word' id='word_1_492' title='bbox 1592 4360 1794 4416; x_wconf 85' lang='lat' dir='ltr'><strong>eisdem</strong></span> 
     </span>
    </p>
   </div>
   <div class='ocr_carea' id='block_1_62' title="bbox 207 4452 1877 4535">
    <p class='ocr_par' dir='ltr' id='par_1_62' title="bbox 207 4452 1877 4535">
     <span class='ocr_line' id='line_1_62' title="bbox 207 4452 1877 4535; baseline -0.001 -27"><span class='ocrx_word' id='word_1_493' title='bbox 207 4455 393 4510; x_wconf 78' lang='lat' dir='ltr'><strong>verbis</strong></span> <span class='ocrx_word' id='word_1_494' title='bbox 444 4456 656 4510; x_wconf 88' lang='lat' dir='ltr'><strong>Domini</strong></span> <span class='ocrx_word' id='word_1_495' title='bbox 702 4456 975 4512; x_wconf 89' lang='lat' dir='ltr'><strong>dicentis:</strong></span> <span class='ocrx_word' id='word_1_496' title='bbox 1008 4454 1071 4511; x_wconf 87' lang='lat' dir='ltr'><strong>Si</strong></span> <span class='ocrx_word' id='word_1_497' title='bbox 1113 4455 1297 4509; x_wconf 73' lang='lat' dir='ltr'><strong>oculus</strong></span> <span class='ocrx_word' id='word_1_498' title='bbox 1340 4465 1459 4509; x_wconf 84' lang='lat' dir='ltr'><strong>tuus</strong></span> <span class='ocrx_word' id='word_1_499' title='bbox 1493 4455 1675 4508; x_wconf 76' lang='lat' dir='ltr'><strong>dexter</strong></span> <span class='ocrx_word' id='word_1_500' title='bbox 1722 4452 1799 4507; x_wconf 82' lang='lat' dir='ltr'><strong>vel</strong></span> <span class='ocrx_word' id='word_1_501' title='bbox 1825 4476 1877 4535; x_wconf 82' lang='lat' dir='ltr'>D</span> 
     </span>
    </p>
   </div>
   <div class='ocr_carea' id='block_1_63' title="bbox 207 4546 1796 4615">
    <p class='ocr_par' dir='ltr' id='par_1_63' title="bbox 207 4546 1796 4615">
     <span class='ocr_line' id='line_1_63' title="bbox 207 4546 1796 4615; baseline -0.001 -15"><span class='ocrx_word' id='word_1_502' title='bbox 207 4563 404 4601; x_wconf 73' lang='lat' dir='ltr'><strong>manus</strong></span> <span class='ocrx_word' id='word_1_503' title='bbox 430 4547 755 4601; x_wconf 76' lang='lat' dir='ltr'><strong>scandalizat</strong></span> <span class='ocrx_word' id='word_1_504' title='bbox 781 4556 850 4610; x_wconf 88' lang='lat' dir='ltr'><strong>te,</strong></span> <span class='ocrx_word' id='word_1_505' title='bbox 878 4563 1005 4600; x_wconf 89' lang='lat' dir='ltr'><strong>erue</strong></span> <span class='ocrx_word' id='word_1_506' title='bbox 1030 4547 1109 4601; x_wconf 85' lang='lat' dir='ltr'><strong>vel</strong></span> <span class='ocrx_word' id='word_1_507' title='bbox 1132 4547 1361 4612; x_wconf 77' lang='lat' dir='ltr'><strong>abscide,</strong></span> <span class='ocrx_word' id='word_1_508' title='bbox 1404 4556 1451 4599; x_wconf 87' lang='lat' dir='ltr'><strong>et</strong></span> <span class='ocrx_word' id='word_1_509' title='bbox 1476 4546 1673 4615; x_wconf 86' lang='lat' dir='ltr'><strong>projice</strong></span> <span class='ocrx_word' id='word_1_510' title='bbox 1706 4546 1796 4599; x_wconf 79' lang='lat' dir='ltr'><strong>abs</strong></span> 
     </span>
    </p>
   </div>
   <div class='ocr_carea' id='block_1_64' title="bbox 211 4639 1798 4710">
    <p class='ocr_par' dir='ltr' id='par_1_64' title="bbox 211 4639 1798 4710">
     <span class='ocr_line' id='line_1_64' title="bbox 211 4639 1798 4710; baseline -0.003 -16"><span class='ocrx_word' id='word_1_511' title='bbox 211 4650 308 4694; x_wconf 87' lang='lat' dir='ltr'><strong>te:</strong></span> <span class='ocrx_word' id='word_1_512' title='bbox 361 4658 380 4691; x_wconf 75' lang='grc' dir='ltr'><strong><em>ι</em></strong></span> <span class='ocrx_word' id='word_1_513' title='bbox 411 4639 469 4694; x_wconf 91' lang='lat' dir='ltr'><strong>ln</strong></span> <span class='ocrx_word' id='word_1_514' title='bbox 497 4642 710 4704; x_wconf 79' lang='lat' dir='ltr'><strong>dextro,</strong></span> <span class='ocrx_word' id='word_1_515' title='bbox 761 4640 970 4710; x_wconf 90' lang='lat' dir='ltr'><strong>inquit,</strong></span> <span class='ocrx_word' id='word_1_516' title='bbox 1012 4639 1199 4703; x_wconf 91' lang='lat' dir='ltr'><strong>oculo,</strong></span> <span class='ocrx_word' id='word_1_517' title='bbox 1258 4648 1313 4693; x_wconf 91' lang='lat' dir='ltr'><strong>et</strong></span> <span class='ocrx_word' id='word_1_518' title='bbox 1362 4640 1577 4693; x_wconf 78' lang='lat' dir='ltr'><strong>dextera</strong></span> <span class='ocrx_word' id='word_1_519' title='bbox 1612 4653 1798 4702; x_wconf 89' lang='lat' dir='ltr'><strong>manu,</strong></span> 
     </span>
    </p>
   </div>
   <div class='ocr_carea' id='block_1_65' title="bbox 212 4726 1803 4798">
    <p class='ocr_par' dir='ltr' id='par_1_65' title="bbox 212 4726 1803 4798">
     <span class='ocr_line' id='line_1_65' title="bbox 212 4726 1803 4798; baseline -0.002 -14"><span class='ocrx_word' id='word_1_520' title='bbox 212 4730 465 4792; x_wconf 76' lang='lat' dir='ltr'><strong>fratrum,</strong></span> <span class='ocrx_word' id='word_1_521' title='bbox 492 4739 545 4785; x_wconf 90' lang='lat' dir='ltr'><strong>et</strong></span> <span class='ocrx_word' id='word_1_522' title='bbox 573 4745 822 4794; x_wconf 73' lang='lat' dir='ltr'><strong>uxorum,</strong></span> <span class='ocrx_word' id='word_1_523' title='bbox 851 4738 906 4784; x_wconf 91' lang='lat' dir='ltr'><strong>et</strong></span> <span class='ocrx_word' id='word_1_524' title='bbox 932 4729 1249 4793; x_wconf 89' lang='lat' dir='ltr'><strong>liberorum,</strong></span> <span class='ocrx_word' id='word_1_525' title='bbox 1274 4737 1435 4798; x_wconf 90' lang='lat' dir='ltr'><strong>atque</strong></span> <span class='ocrx_word' id='word_1_526' title='bbox 1457 4726 1716 4790; x_wconf 83' lang='lat' dir='ltr'><strong>allinium,</strong></span> <span class='ocrx_word' id='word_1_527' title='bbox 1747 4735 1803 4781; x_wconf 89' lang='lat' dir='ltr'><strong>et</strong></span> 
     </span>
    </p>
   </div>
   <div class='ocr_carea' id='block_1_66' title="bbox 213 4819 1804 4893">
    <p class='ocr_par' dir='ltr' id='par_1_66' title="bbox 213 4819 1804 4893">
     <span class='ocr_line' id='line_1_66' title="bbox 213 4819 1804 4893; baseline -0.003 -17"><span class='ocrx_word' id='word_1_528' title='bbox 213 4821 647 4893; x_wconf 90' lang='lat' dir='ltr'><strong>propinquorum</strong></span> <span class='ocrx_word' id='word_1_529' title='bbox 689 4830 1023 4876; x_wconf 87' lang='lat' dir='ltr'><strong>monstratur</strong></span> <span class='ocrx_word' id='word_1_530' title='bbox 1054 4819 1279 4875; x_wconf 71' lang='lat' dir='ltr'><strong>allectus</strong></span> <span class='ocrx_word' id='word_1_531' title='bbox 1305 4837 1316 4872; x_wconf 92' lang='lat'>:</span> <span class='ocrx_word' id='word_1_532' title='bbox 1353 4834 1488 4890; x_wconf 89' lang='lat' dir='ltr'><strong>quos</strong></span> <span class='ocrx_word' id='word_1_533' title='bbox 1509 4820 1553 4874; x_wconf 92' lang='lat' dir='ltr'><strong>si</strong></span> <span class='ocrx_word' id='word_1_534' title='bbox 1577 4819 1644 4874; x_wconf 89' lang='lat' dir='ltr'><strong>ad</strong></span> <span class='ocrx_word' id='word_1_535' title='bbox 1674 4834 1804 4873; x_wconf 83' lang='lat' dir='ltr'><strong>con-</strong></span> 
     </span>
    </p>
   </div>
   <div class='ocr_carea' id='block_1_67' title="bbox 215 4909 1804 4983">
    <p class='ocr_par' dir='ltr' id='par_1_67' title="bbox 215 4909 1804 4983">
     <span class='ocr_line' id='line_1_67' title="bbox 215 4909 1804 4983; baseline -0.003 -14"><span class='ocrx_word' id='word_1_536' title='bbox 215 4913 582 4983; x_wconf 78' lang='lat' dir='ltr'><strong>templandam</strong></span> <span class='ocrx_word' id='word_1_537' title='bbox 604 4929 787 4968; x_wconf 86' lang='lat' dir='ltr'><strong>veram</strong></span> <span class='ocrx_word' id='word_1_538' title='bbox 817 4913 990 4967; x_wconf 89' lang='lat' dir='ltr'><strong>lucem</strong></span> <span class='ocrx_word' id='word_1_539' title='bbox 1022 4911 1176 4967; x_wconf 81' lang='lat' dir='ltr'><strong>nobis</strong></span> <span class='ocrx_word' id='word_1_540' title='bbox 1215 4911 1596 4981; x_wconf 85' lang='lat' dir='ltr'><strong>impedimento</strong></span> <span class='ocrx_word' id='word_1_541' title='bbox 1623 4909 1804 4964; x_wconf 71' lang='lat' dir='ltr'><strong>cerni~</strong></span> 
     </span>
    </p>
   </div>
   <div class='ocr_carea' id='block_1_68' title="bbox 218 5002 1803 5072">
    <p class='ocr_par' dir='ltr' id='par_1_68' title="bbox 218 5002 1803 5072">
     <span class='ocr_line' id='line_1_68' title="bbox 218 5002 1803 5072; baseline -0.005 -9"><span class='ocrx_word' id='word_1_542' title='bbox 218 5022 367 5072; x_wconf 87' lang='lat' dir='ltr'><strong>mus,</strong></span> <span class='ocrx_word' id='word_1_543' title='bbox 396 5006 654 5063; x_wconf 88' lang='lat' dir='ltr'><strong>debemus</strong></span> <span class='ocrx_word' id='word_1_544' title='bbox 684 5015 934 5061; x_wconf 89' lang='lat' dir='ltr'><strong>truncare</strong></span> <span class='ocrx_word' id='word_1_545' title='bbox 955 5004 1258 5061; x_wconf 84' lang='lat' dir='ltr'><strong>istiusmodi</strong></span> <span class='ocrx_word' id='word_1_546' title='bbox 1288 5004 1547 5067; x_wconf 86' lang='lat' dir='ltr'><strong>actiones,</strong></span> <span class='ocrx_word' id='word_1_547' title='bbox 1575 5018 1645 5057; x_wconf 92' lang='lat' dir='ltr'><strong>ne</strong></span> <span class='ocrx_word' id='word_1_548' title='bbox 1679 5002 1803 5057; x_wconf 93' lang='lat' dir='ltr'><strong>dum</strong></span> 
     </span>
    </p>
   </div>
   <div class='ocr_carea' id='block_1_69' title="bbox 218 5096 1806 5165">
    <p class='ocr_par' dir='ltr' id='par_1_69' title="bbox 218 5096 1806 5165">
     <span class='ocr_line' id='line_1_69' title="bbox 218 5096 1806 5165; baseline -0.004 -11"><span class='ocrx_word' id='word_1_549' title='bbox 218 5099 472 5154; x_wconf 82' lang='lat' dir='ltr'><strong>volumus</strong></span> <span class='ocrx_word' id='word_1_550' title='bbox 498 5099 631 5153; x_wconf 89' lang='lat' dir='ltr'><strong>lucri</strong></span> <span class='ocrx_word' id='word_1_551' title='bbox 665 5107 891 5154; x_wconf 67' lang='lat' dir='ltr'><strong>caeteros</strong></span> <span class='ocrx_word' id='word_1_552' title='bbox 927 5096 1128 5161; x_wconf 82' lang='lat' dir='ltr'><strong>facere,</strong></span> <span class='ocrx_word' id='word_1_553' title='bbox 1157 5096 1255 5165; x_wconf 90' lang='lat' dir='ltr'><strong>ipsi</strong></span> <span class='ocrx_word' id='word_1_554' title='bbox 1301 5096 1352 5150; x_wconf 93' lang='lat' dir='ltr'><strong>in</strong></span> <span class='ocrx_word' id='word_1_555' title='bbox 1386 5104 1646 5150; x_wconf 66' lang='lat' dir='ltr'><strong>aeternum</strong></span> <span class='ocrx_word' id='word_1_556' title='bbox 1680 5109 1806 5164; x_wconf 91' lang='lat' dir='ltr'><strong>per-</strong></span> 
     </span>
    </p>
   </div>
   <div class='ocr_carea' id='block_1_70' title="bbox 221 5185 1809 5258">
    <p class='ocr_par' dir='ltr' id='par_1_70' title="bbox 221 5185 1809 5258">
     <span class='ocr_line' id='line_1_70' title="bbox 221 5185 1809 5258; baseline -0.005 -10"><span class='ocrx_word' id='word_1_557' title='bbox 221 5209 432 5248; x_wconf 88' lang='lat' dir='ltr'><strong>eamus.</strong></span> <span class='ocrx_word' id='word_1_558' title='bbox 478 5193 633 5248; x_wconf 80' lang='lat' dir='ltr'><strong>Unde</strong></span> <span class='ocrx_word' id='word_1_559' title='bbox 673 5192 870 5247; x_wconf 90' lang='lat' dir='ltr'><strong>dicitur</strong></span> <span class='ocrx_word' id='word_1_560' title='bbox 898 5200 954 5246; x_wconf 91' lang='lat' dir='ltr'><strong>et</strong></span> <span class='ocrx_word' id='word_1_561' title='bbox 993 5190 1060 5245; x_wconf 93' lang='lat' dir='ltr'><strong>de</strong></span> <span class='ocrx_word' id='word_1_562' title='bbox 1086 5189 1365 5244; x_wconf 88' lang='lat' dir='ltr'><strong>sacerdote</strong></span> <span class='ocrx_word' id='word_1_563' title='bbox 1393 5202 1612 5258; x_wconf 82' lang='lat' dir='ltr'><strong>magno,</strong></span> <span class='ocrx_word' id='word_1_564' title='bbox 1655 5185 1809 5258; x_wconf 87' lang='lat' dir='ltr'><strong>cujus</strong></span> 
     </span>
    </p>
   </div>
   <div class='ocr_carea' id='block_1_71' title="bbox 220 5279 1806 5350">
    <p class='ocr_par' dir='ltr' id='par_1_71' title="bbox 220 5279 1806 5350">
     <span class='ocr_line' id='line_1_71' title="bbox 220 5279 1806 5350; baseline -0.007 -9"><span class='ocrx_word' id='word_1_565' title='bbox 220 5287 407 5341; x_wconf 80' lang='lat' dir='ltr'><strong>anima</strong></span> <span class='ocrx_word' id='word_1_566' title='bbox 434 5285 646 5340; x_wconf 89' lang='lat' dir='ltr'><strong>Domini</strong></span> <span class='ocrx_word' id='word_1_567' title='bbox 673 5285 837 5341; x_wconf 86' lang='lat' dir='ltr'><strong>cultui</strong></span> <span class='ocrx_word' id='word_1_568' title='bbox 888 5284 1134 5339; x_wconf 84' lang='lat' dir='ltr'><strong>dedicata</strong></span> <span class='ocrx_word' id='word_1_569' title='bbox 1163 5291 1248 5336; x_wconf 84' lang='lat' dir='ltr'><strong>est</strong></span> <span class='ocrx_word' id='word_1_570' title='bbox 1280 5300 1291 5335; x_wconf 88' lang='lat'><strong>:</strong></span> <span class='ocrx_word' id='word_1_571' title='bbox 1328 5279 1506 5348; x_wconf 84' lang='lat' dir='ltr'><strong>Supra</strong></span> <span class='ocrx_word' id='word_1_572' title='bbox 1549 5291 1719 5350; x_wconf 86' lang='lat' dir='ltr'><strong>patre,</strong></span> <span class='ocrx_word' id='word_1_573' title='bbox 1759 5287 1806 5331; x_wconf 85' lang='lat' dir='ltr'><strong>et</strong></span> 
     </span>
    </p>
   </div>
   <div class='ocr_carea' id='block_1_72' title="bbox 222 5370 1813 5446">
    <p class='ocr_par' dir='ltr' id='par_1_72' title="bbox 222 5370 1813 5446">
     <span class='ocr_line' id='line_1_72' title="bbox 222 5370 1813 5446; baseline -0.006 -13"><span class='ocrx_word' id='word_1_574' title='bbox 222 5386 416 5442; x_wconf 84' lang='lat' dir='ltr'><strong>matre,</strong></span> <span class='ocrx_word' id='word_1_575' title='bbox 446 5388 492 5430; x_wconf 89' lang='lat' dir='ltr'><strong>et</strong></span> <span class='ocrx_word' id='word_1_576' title='bbox 531 5378 656 5446; x_wconf 81' lang='lat' dir='ltr'><strong>ﬁliis</strong></span> <span class='ocrx_word' id='word_1_577' title='bbox 685 5394 787 5431; x_wconf 88' lang='lat' dir='ltr'><strong>non</strong></span> <span class='ocrx_word' id='word_1_578' title='bbox 834 5374 1097 5445; x_wconf 79' lang='lat' dir='ltr'><strong>polluetur</strong></span> <span class='ocrx_word' id='word_1_579' title='bbox 1124 5371 1265 5443; x_wconf 77' lang='lat' dir='ltr'><strong>(Leu.</strong></span> <span class='ocrx_word' id='word_1_580' title='bbox 1313 5388 1428 5435; x_wconf 59' lang='grc' dir='ltr'>χχι,</span> <span class='ocrx_word' id='word_1_581' title='bbox 1468 5371 1576 5439; x_wconf 88' lang='lat' dir='ltr'><strong>ll),</strong></span> <span class='ocrx_word' id='word_1_582' title='bbox 1626 5370 1679 5425; x_wconf 88' lang='lat' dir='ltr'><strong>id</strong></span> <span class='ocrx_word' id='word_1_583' title='bbox 1729 5377 1813 5424; x_wconf 90' lang='lat' dir='ltr'><strong>est</strong></span> 
     </span>
    </p>
   </div>
   <div class='ocr_carea' id='block_1_73' title="bbox 227 5458 1809 5533">
    <p class='ocr_par' dir='ltr' id='par_1_73' title="bbox 227 5458 1809 5533">
     <span class='ocr_line' id='line_1_73' title="bbox 227 5458 1809 5533; baseline -0.006 -9"><span class='ocrx_word' id='word_1_584' title='bbox 227 5467 436 5524; x_wconf 84' lang='lat' dir='ltr'><strong>nullum</strong></span> <span class='ocrx_word' id='word_1_585' title='bbox 462 5466 711 5523; x_wconf 75' lang='lat' dir='ltr'><strong>allectum</strong></span> <span class='ocrx_word' id='word_1_586' title='bbox 737 5466 890 5533; x_wconf 87' lang='lat' dir='ltr'><strong>sciet,</strong></span> <span class='ocrx_word' id='word_1_587' title='bbox 926 5463 1029 5519; x_wconf 90' lang='lat' dir='ltr'><strong>nisi</strong></span> <span class='ocrx_word' id='word_1_588' title='bbox 1054 5461 1170 5533; x_wconf 88' lang='lat' dir='ltr'><strong>ejus</strong></span> <span class='ocrx_word' id='word_1_589' title='bbox 1216 5461 1367 5531; x_wconf 84' lang='lat' dir='ltr'><strong>cujus</strong></span> <span class='ocrx_word' id='word_1_590' title='bbox 1394 5458 1809 5518; x_wconf 58' lang='lat' dir='ltr'><strong>cultuilledica-</strong></span> 
     </span>
    </p>
   </div>
   <div class='ocr_carea' id='block_1_74' title="bbox 224 5566 491 5616">
    <p class='ocr_par' dir='ltr' id='par_1_74' title="bbox 224 5566 491 5616">
     <span class='ocr_line' id='line_1_74' title="bbox 224 5566 491 5616; baseline -0.019 0"><span class='ocrx_word' id='word_1_591' title='bbox 224 5566 321 5616; x_wconf 76' lang='lat' dir='ltr'><strong>tus</strong></span> <span class='ocrx_word' id='word_1_592' title='bbox 345 5568 446 5613; x_wconf 90' lang='lat' dir='ltr'><strong>est.</strong></span> <span class='ocrx_word' id='word_1_593' title='bbox 473 5580 491 5611; x_wconf 70' lang='grc' dir='ltr'>ι</span> 
     </span>
    </p>
   </div>
   <div class='ocr_carea' id='block_1_75' title="bbox 1874 1867 3465 1951">
    <p class='ocr_par' dir='ltr' id='par_1_75' title="bbox 1874 1867 3465 1951">
     <span class='ocr_line' id='line_1_75' title="bbox 1874 1867 3465 1951; baseline -0.009 -14"><span class='ocrx_word' id='word_1_594' title='bbox 1874 1880 2008 1937; x_wconf 91' lang='lat' dir='ltr'><strong>dicit</strong></span> <span class='ocrx_word' id='word_1_595' title='bbox 2039 1879 2333 1951; x_wconf 77' lang='lat' dir='ltr'><strong>Gregorius</strong></span> <span class='ocrx_word' id='word_1_596' title='bbox 2361 1874 2579 1948; x_wconf 79' lang='lat' dir='ltr'><strong>(Morel.</strong></span> <span class='ocrx_word' id='word_1_597' title='bbox 2608 1874 2703 1929; x_wconf 92' lang='lat' dir='ltr'><strong>lib.</strong></span> <span class='ocrx_word' id='word_1_598' title='bbox 2731 1888 2850 1936; x_wconf 78' lang='lat' dir='ltr'><strong>vui,</strong></span> <span class='ocrx_word' id='word_1_599' title='bbox 2882 1887 2932 1927; x_wconf 93' lang='lat' dir='ltr'><strong>c.</strong></span> <span class='ocrx_word' id='word_1_600' title='bbox 2975 1872 3093 1939; x_wconf 74' lang='grc'><strong>21),</strong></span> <span class='ocrx_word' id='word_1_601' title='bbox 3146 1877 3205 1926; x_wconf 89' lang='lat' dir='ltr'><strong>et</strong></span> <span class='ocrx_word' id='word_1_602' title='bbox 3244 1867 3465 1938; x_wconf 87' lang='lat' dir='ltr'><strong>reprobi</strong></span> 
     </span>
    </p>
   </div>
   <div class='ocr_carea' id='block_1_76' title="bbox 1874 1963 3461 2041">
    <p class='ocr_par' dir='ltr' id='par_1_76' title="bbox 1874 1963 3461 2041">
     <span class='ocr_line' id='line_1_76' title="bbox 1874 1963 3461 2041; baseline -0.01 -14"><span class='ocrx_word' id='word_1_603' title='bbox 1874 1980 2101 2041; x_wconf 88' lang='lat' dir='ltr'><strong>peccata</strong></span> <span class='ocrx_word' id='word_1_604' title='bbox 2127 1969 2471 2031; x_wconf 80' lang='lat' dir='ltr'><strong>confitentur,</strong></span> <span class='ocrx_word' id='word_1_605' title='bbox 2496 1965 2591 2021; x_wconf 85' lang='lat' dir='ltr'><strong>sed</strong></span> <span class='ocrx_word' id='word_1_606' title='bbox 2615 1965 2683 2020; x_wconf 90' lang='lat' dir='ltr'><strong>de</strong></span> <span class='ocrx_word' id='word_1_607' title='bbox 2710 1964 2797 2021; x_wconf 89' lang='lat' dir='ltr'><strong>his</strong></span> <span class='ocrx_word' id='word_1_608' title='bbox 2821 1963 3062 2035; x_wconf 86' lang='lat' dir='ltr'><strong>cogitare</strong></span> <span class='ocrx_word' id='word_1_609' title='bbox 3085 1966 3461 2017; x_wconf 88' lang='lat' dir='ltr'><strong>contemnunt.</strong></span> 
     </span>
    </p>
   </div>
   <div class='ocr_carea' id='block_1_77' title="bbox 1876 2048 3475 2128">
    <p class='ocr_par' dir='ltr' id='par_1_77' title="bbox 1876 2048 3475 2128">
     <span class='ocr_line' id='line_1_77' title="bbox 1876 2048 3475 2128; baseline -0.009 -12"><span class='ocrx_word' id='word_1_610' title='bbox 1876 2060 2046 2116; x_wconf 87' lang='lat' dir='ltr'><strong>Electi</strong></span> <span class='ocrx_word' id='word_1_611' title='bbox 2085 2069 2264 2116; x_wconf 88' lang='lat' dir='ltr'><strong>autem</strong></span> <span class='ocrx_word' id='word_1_612' title='bbox 2295 2058 2484 2128; x_wconf 89' lang='lat' dir='ltr'><strong>culpas</strong></span> <span class='ocrx_word' id='word_1_613' title='bbox 2507 2070 2667 2121; x_wconf 87' lang='lat' dir='ltr'><strong>suas,</strong></span> <span class='ocrx_word' id='word_1_614' title='bbox 2696 2068 2833 2125; x_wconf 88' lang='lat' dir='ltr'><strong>quas</strong></span> <span class='ocrx_word' id='word_1_615' title='bbox 2855 2053 3080 2107; x_wconf 87' lang='lat' dir='ltr'><strong>vocibus</strong></span> <span class='ocrx_word' id='word_1_616' title='bbox 3108 2048 3475 2106; x_wconf 75' lang='lat' dir='ltr'><strong>confessionis</strong></span> 
     </span>
    </p>
   </div>
   <div class='ocr_carea' id='block_1_78' title="bbox 1878 2142 3470 2223">
    <p class='ocr_par' dir='ltr' id='par_1_78' title="bbox 1878 2142 3470 2223">
     <span class='ocr_line' id='line_1_78' title="bbox 1878 2142 3470 2223; baseline -0.006 -17"><span class='ocrx_word' id='word_1_617' title='bbox 1878 2152 2152 2223; x_wconf 86' lang='lat' dir='ltr'><strong>aperiunt,</strong></span> <span class='ocrx_word' id='word_1_618' title='bbox 2200 2150 2463 2206; x_wconf 70' lang='lat' dir='ltr'><strong>districta:</strong></span> <span class='ocrx_word' id='word_1_619' title='bbox 2509 2146 2996 2204; x_wconf 87' lang='lat' dir='ltr'><strong>animadversionis</strong></span> <span class='ocrx_word' id='word_1_620' title='bbox 3045 2144 3264 2199; x_wconf 84' lang='lat' dir='ltr'><strong>ﬂetibus</strong></span> <span class='ocrx_word' id='word_1_621' title='bbox 3325 2142 3470 2197; x_wconf 90' lang='lat' dir='ltr'><strong>inse-</strong></span> 
     </span>
    </p>
   </div>
   <div class='ocr_carea' id='block_1_79' title="bbox 1879 2232 3469 2313">
    <p class='ocr_par' dir='ltr' id='par_1_79' title="bbox 1879 2232 3469 2313">
     <span class='ocr_line' id='line_1_79' title="bbox 1879 2232 3469 2313; baseline -0.008 -16"><span class='ocrx_word' id='word_1_622' title='bbox 1879 2252 2136 2313; x_wconf 90' lang='lat' dir='ltr'><strong>quuntur.</strong></span> <span class='ocrx_word' id='word_1_623' title='bbox 2168 2240 2323 2296; x_wconf 85' lang='lat' dir='ltr'><strong>Unde</strong></span> <span class='ocrx_word' id='word_1_624' title='bbox 2343 2247 2398 2294; x_wconf 91' lang='lat' dir='ltr'><strong>et</strong></span> <span class='ocrx_word' id='word_1_625' title='bbox 2415 2239 2704 2309; x_wconf 86' lang='lat' dir='ltr'><strong>propheta,</strong></span> <span class='ocrx_word' id='word_1_626' title='bbox 2728 2245 3012 2307; x_wconf 90' lang='lat' dir='ltr'><strong>postquam</strong></span> <span class='ocrx_word' id='word_1_627' title='bbox 3038 2250 3098 2290; x_wconf 89' lang='lat' dir='ltr'><strong>se</strong></span> <span class='ocrx_word' id='word_1_628' title='bbox 3121 2232 3469 2303; x_wconf 86' lang='lat' dir='ltr'><strong>iniquitatem</strong></span> 
     </span>
    </p>
   </div>
   <div class='ocr_carea' id='block_1_80' title="bbox 1880 2323 3555 2402">
    <p class='ocr_par' dir='ltr' id='par_1_80' title="bbox 1880 2323 3555 2402">
     <span class='ocr_line' id='line_1_80' title="bbox 1880 2323 3555 2402; baseline -0.011 -13"><span class='ocrx_word' id='word_1_629' title='bbox 1880 2349 2033 2389; x_wconf 88' lang='lat' dir='ltr'><strong>suam</strong></span> <span class='ocrx_word' id='word_1_630' title='bbox 2082 2332 2437 2402; x_wconf 88' lang='lat' dir='ltr'><strong>pronuntiare</strong></span> <span class='ocrx_word' id='word_1_631' title='bbox 2477 2329 2787 2400; x_wconf 88' lang='lat' dir='ltr'><strong>spopondit,</strong></span> <span class='ocrx_word' id='word_1_632' title='bbox 2835 2327 3074 2397; x_wconf 89' lang='lat' dir='ltr'><strong>cogitare</strong></span> <span class='ocrx_word' id='word_1_633' title='bbox 3120 2341 3179 2379; x_wconf 90' lang='lat' dir='ltr'><strong>se</strong></span> <span class='ocrx_word' id='word_1_634' title='bbox 3208 2326 3372 2379; x_wconf 91' lang='lat' dir='ltr'><strong>etiam</strong></span> <span class='ocrx_word' id='word_1_635' title='bbox 3402 2323 3475 2377; x_wconf 87' lang='lat' dir='ltr'><strong>de</strong></span> <span class='ocrx_word' id='word_1_636' title='bbox 3540 2362 3555 2370; x_wconf 86' lang='lat'><strong>-</strong></span> 
     </span>
    </p>
   </div>
   <div class='ocr_carea' id='block_1_81' title="bbox 1878 2411 3474 2491">
    <p class='ocr_par' dir='ltr' id='par_1_81' title="bbox 1878 2411 3474 2491">
     <span class='ocr_line' id='line_1_81' title="bbox 1878 2411 3474 2491; baseline -0.008 -10"><span class='ocrx_word' id='word_1_637' title='bbox 1878 2427 1958 2481; x_wconf 90' lang='lat' dir='ltr'><strong>eis</strong></span> <span class='ocrx_word' id='word_1_638' title='bbox 2008 2424 2264 2480; x_wconf 90' lang='lat' dir='ltr'><strong>subdidit.</strong></span> <span class='ocrx_word' id='word_1_639' title='bbox 2322 2423 2400 2478; x_wconf 87' lang='lat' dir='ltr'><strong>Ac</strong></span> <span class='ocrx_word' id='word_1_640' title='bbox 2452 2422 2498 2477; x_wconf 91' lang='lat' dir='ltr'><strong>si</strong></span> <span class='ocrx_word' id='word_1_641' title='bbox 2546 2429 2731 2491; x_wconf 89' lang='lat' dir='ltr'><strong>aperte</strong></span> <span class='ocrx_word' id='word_1_642' title='bbox 2787 2419 3049 2473; x_wconf 88' lang='lat' dir='ltr'><strong>fateretur</strong></span> <span class='ocrx_word' id='word_1_643' title='bbox 3097 2417 3318 2471; x_wconf 90' lang='lat' dir='ltr'><strong>dicens:</strong></span> <span class='ocrx_word' id='word_1_644' title='bbox 3379 2411 3474 2468; x_wconf 88' lang='lat' dir='ltr'><strong>Sic</strong></span> 
     </span>
    </p>
   </div>
   <div class='ocr_carea' id='block_1_82' title="bbox 1881 2496 3474 2587">
    <p class='ocr_par' dir='ltr' id='par_1_82' title="bbox 1881 2496 3474 2587">
     <span class='ocr_line' id='line_1_82' title="bbox 1881 2496 3474 2587; baseline -0.009 -15"><span class='ocrx_word' id='word_1_645' title='bbox 1881 2525 2089 2572; x_wconf 87' lang='lat' dir='ltr'><strong>reatum</strong></span> <span class='ocrx_word' id='word_1_646' title='bbox 2140 2515 2321 2587; x_wconf 78' lang='lat' dir='ltr'><strong>lingua</strong></span> <span class='ocrx_word' id='word_1_647' title='bbox 2376 2514 2633 2583; x_wconf 88' lang='lat' dir='ltr'><strong>loquitur,</strong></span> <span class='ocrx_word' id='word_1_648' title='bbox 2682 2521 2744 2566; x_wconf 90' lang='lat' dir='ltr'><strong>ut</strong></span> <span class='ocrx_word' id='word_1_649' title='bbox 2790 2506 3135 2579; x_wconf 83' lang='lat' dir='ltr'><strong>nequaquam</strong></span> <span class='ocrx_word' id='word_1_650' title='bbox 3162 2496 3374 2576; x_wconf 64' lang='lat' dir='ltr'><strong>&#39;expers</strong></span> <span class='ocrx_word' id='word_1_651' title='bbox 3439 2519 3474 2557; x_wconf 84' lang='lat' dir='ltr'><strong>a</strong></span> 
     </span>
    </p>
   </div>
   <div class='ocr_carea' id='block_1_83' title="bbox 1882 2594 3475 2676">
    <p class='ocr_par' dir='ltr' id='par_1_83' title="bbox 1882 2594 3475 2676">
     <span class='ocr_line' id='line_1_83' title="bbox 1882 2594 3475 2676; baseline -0.01 -12"><span class='ocrx_word' id='word_1_652' title='bbox 1882 2609 2137 2664; x_wconf 82' lang='lat' dir='ltr'><strong>maeroris</strong></span> <span class='ocrx_word' id='word_1_653' title='bbox 2163 2606 2383 2662; x_wconf 87' lang='lat' dir='ltr'><strong>stimulo</strong></span> <span class='ocrx_word' id='word_1_654' title='bbox 2429 2620 2528 2676; x_wconf 89' lang='lat' dir='ltr'><strong>per</strong></span> <span class='ocrx_word' id='word_1_655' title='bbox 2554 2604 2656 2659; x_wconf 91' lang='lat' dir='ltr'><strong>alia</strong></span> <span class='ocrx_word' id='word_1_656' title='bbox 2688 2602 2922 2673; x_wconf 88' lang='lat' dir='ltr'><strong>Spiritus</strong></span> <span class='ocrx_word' id='word_1_657' title='bbox 2947 2609 3209 2670; x_wconf 77' lang='lat' dir='ltr'><strong>vagetur:</strong></span> <span class='ocrx_word' id='word_1_658' title='bbox 3241 2602 3336 2652; x_wconf 88' lang='lat' dir='ltr'><strong>sed</strong></span> <span class='ocrx_word' id='word_1_659' title='bbox 3358 2594 3475 2650; x_wconf 41' lang='lat' dir='ltr'><strong>eul‘</strong></span> 
     </span>
    </p>
   </div>
   <div class='ocr_carea' id='block_1_84' title="bbox 1885 2687 3472 2769">
    <p class='ocr_par' dir='ltr' id='par_1_84' title="bbox 1885 2687 3472 2769">
     <span class='ocr_line' id='line_1_84' title="bbox 1885 2687 3472 2769; baseline -0.009 -16"><span class='ocrx_word' id='word_1_660' title='bbox 1885 2713 1983 2769; x_wconf 88' lang='lat' dir='ltr'><strong>pas</strong></span> <span class='ocrx_word' id='word_1_661' title='bbox 2028 2698 2255 2767; x_wconf 89' lang='lat' dir='ltr'><strong>loquens</strong></span> <span class='ocrx_word' id='word_1_662' title='bbox 2300 2696 2495 2750; x_wconf 89' lang='lat' dir='ltr'><strong>vulnus</strong></span> <span class='ocrx_word' id='word_1_663' title='bbox 2535 2695 2756 2763; x_wconf 85' lang='lat' dir='ltr'><strong>aperio;</strong></span> <span class='ocrx_word' id='word_1_664' title='bbox 2794 2691 2981 2762; x_wconf 87' lang='lat' dir='ltr'><strong>culpas</strong></span> <span class='ocrx_word' id='word_1_665' title='bbox 3025 2704 3157 2744; x_wconf 86' lang='lat' dir='ltr'><strong>vero</strong></span> <span class='ocrx_word' id='word_1_666' title='bbox 3190 2687 3257 2741; x_wconf 82' lang='lat' dir='ltr'><strong>ad</strong></span> <span class='ocrx_word' id='word_1_667' title='bbox 3290 2698 3472 2742; x_wconf 87' lang='lat' dir='ltr'><strong>corre-</strong></span> 
     </span>
    </p>
   </div>
   <div class='ocr_carea' id='block_1_85' title="bbox 1885 2778 3484 2859">
    <p class='ocr_par' dir='ltr' id='par_1_85' title="bbox 1885 2778 3484 2859">
     <span class='ocr_line' id='line_1_85' title="bbox 1885 2778 3484 2859; baseline -0.01 -14"><span class='ocrx_word' id='word_1_668' title='bbox 1885 2791 2119 2845; x_wconf 88' lang='lat' dir='ltr'><strong>ctionem</strong></span> <span class='ocrx_word' id='word_1_669' title='bbox 2160 2788 2429 2859; x_wconf 85' lang='lat' dir='ltr'><strong>cogitans,</strong></span> <span class='ocrx_word' id='word_1_670' title='bbox 2460 2786 2687 2842; x_wconf 85' lang='lat' dir='ltr'><strong>salutem</strong></span> <span class='ocrx_word' id='word_1_671' title='bbox 2728 2781 2968 2838; x_wconf 90' lang='lat' dir='ltr'><strong>vulneris</strong></span> <span class='ocrx_word' id='word_1_672' title='bbox 2996 2795 3061 2836; x_wconf 82' lang='lat' dir='ltr'><strong>ex</strong></span> <span class='ocrx_word' id='word_1_673' title='bbox 3114 2778 3484 2834; x_wconf 83' lang='lat' dir='ltr'><strong>medicamine</strong></span> 
     </span>
    </p>
   </div>
   <div class='ocr_carea' id='block_1_86' title="bbox 1887 2871 3474 2948">
    <p class='ocr_par' dir='ltr' id='par_1_86' title="bbox 1887 2871 3474 2948">
     <span class='ocr_line' id='line_1_86' title="bbox 1887 2871 3474 2948; baseline -0.011 -14"><span class='ocrx_word' id='word_1_674' title='bbox 1887 2880 2141 2935; x_wconf 81' lang='lat' dir='ltr'><strong>maeroris</strong></span> <span class='ocrx_word' id='word_1_675' title='bbox 2170 2892 2371 2948; x_wconf 72' lang='lat' dir='ltr'><strong>qumro.</strong></span> <span class='ocrx_word' id='word_1_676' title='bbox 2399 2876 2504 2945; x_wconf 92' lang='lat' dir='ltr'><strong>Qui</strong></span> <span class='ocrx_word' id='word_1_677' title='bbox 2540 2875 2683 2930; x_wconf 90' lang='lat' dir='ltr'><strong>enim</strong></span> <span class='ocrx_word' id='word_1_678' title='bbox 2713 2872 2855 2929; x_wconf 88' lang='lat' dir='ltr'><strong>mala</strong></span> <span class='ocrx_word' id='word_1_679' title='bbox 2895 2871 3112 2941; x_wconf 87' lang='lat' dir='ltr'><strong>quidem</strong></span> <span class='ocrx_word' id='word_1_680' title='bbox 3133 2883 3254 2938; x_wconf 77' lang='lat' dir='ltr'><strong>qua:</strong></span> <span class='ocrx_word' id='word_1_681' title='bbox 3278 2879 3474 2937; x_wconf 83' lang='lat' dir='ltr'><strong>perpe—</strong></span> 
     </span>
    </p>
   </div>
   <div class='ocr_carea' id='block_1_87' title="bbox 1888 2960 3475 3034">
    <p class='ocr_par' dir='ltr' id='par_1_87' title="bbox 1888 2960 3475 3034">
     <span class='ocr_line' id='line_1_87' title="bbox 1888 2960 3475 3034; baseline -0.01 -9"><span class='ocrx_word' id='word_1_682' title='bbox 1888 2971 2055 3026; x_wconf 89' lang='lat' dir='ltr'><strong>travit</strong></span> <span class='ocrx_word' id='word_1_683' title='bbox 2084 2970 2363 3034; x_wconf 89' lang='lat' dir='ltr'><strong>insinuat,</strong></span> <span class='ocrx_word' id='word_1_684' title='bbox 2406 2965 2499 3022; x_wconf 89' lang='lat' dir='ltr'><strong>sed</strong></span> <span class='ocrx_word' id='word_1_685' title='bbox 2527 2964 2656 3020; x_wconf 80' lang='lat' dir='ltr'><strong>ﬂere</strong></span> <span class='ocrx_word' id='word_1_686' title='bbox 2700 2978 2822 3034; x_wconf 72' lang='lat' dir='ltr'><strong>qua:</strong></span> <span class='ocrx_word' id='word_1_687' title='bbox 2848 2960 3208 3017; x_wconf 88' lang='lat' dir='ltr'><strong>insinuaverit</strong></span> <span class='ocrx_word' id='word_1_688' title='bbox 3238 2964 3475 3018; x_wconf 87' lang='lat' dir='ltr'><strong>recusat,</strong></span> 
     </span>
    </p>
   </div>
   <div class='ocr_carea' id='block_1_88' title="bbox 1893 3047 3476 3130">
    <p class='ocr_par' dir='ltr' id='par_1_88' title="bbox 1893 3047 3476 3130">
     <span class='ocr_line' id='line_1_88' title="bbox 1893 3047 3476 3130; baseline -0.008 -17"><span class='ocrx_word' id='word_1_689' title='bbox 1893 3062 2049 3130; x_wconf 87' lang='lat' dir='ltr'><strong>quasi</strong></span> <span class='ocrx_word' id='word_1_690' title='bbox 2088 3059 2351 3115; x_wconf 88' lang='lat' dir='ltr'><strong>subducta</strong></span> <span class='ocrx_word' id='word_1_691' title='bbox 2400 3064 2552 3112; x_wconf 87' lang='lat' dir='ltr'><strong>veste</strong></span> <span class='ocrx_word' id='word_1_692' title='bbox 2590 3054 2788 3110; x_wconf 90' lang='lat' dir='ltr'><strong>vulnus</strong></span> <span class='ocrx_word' id='word_1_693' title='bbox 2835 3052 3074 3123; x_wconf 85' lang='lat' dir='ltr'><strong>detegit,</strong></span> <span class='ocrx_word' id='word_1_694' title='bbox 3103 3051 3199 3106; x_wconf 88' lang='lat' dir='ltr'><strong>sed</strong></span> <span class='ocrx_word' id='word_1_695' title='bbox 3242 3047 3476 3117; x_wconf 87' lang='lat' dir='ltr'><strong>torpenti</strong></span> 
     </span>
    </p>
   </div>
   <div class='ocr_carea' id='block_1_89' title="bbox 1896 3137 3477 3212">
    <p class='ocr_par' dir='ltr' id='par_1_89' title="bbox 1896 3137 3477 3212">
     <span class='ocr_line' id='line_1_89' title="bbox 1896 3137 3477 3212; baseline -0.008 -7"><span class='ocrx_word' id='word_1_696' title='bbox 1896 3157 2077 3204; x_wconf 91' lang='lat' dir='ltr'><strong>mente</strong></span> <span class='ocrx_word' id='word_1_697' title='bbox 2122 3148 2577 3203; x_wconf 90' lang='lat' dir='ltr'><strong>medicamentum</strong></span> <span class='ocrx_word' id='word_1_698' title='bbox 2624 3143 2835 3198; x_wconf 78' lang='lat' dir='ltr'><strong>vulneri</strong></span> <span class='ocrx_word' id='word_1_699' title='bbox 2900 3158 3005 3198; x_wconf 92' lang='lat' dir='ltr'><strong>non</strong></span> <span class='ocrx_word' id='word_1_700' title='bbox 3042 3142 3281 3212; x_wconf 89' lang='lat' dir='ltr'><strong>apponit.</strong></span> <span class='ocrx_word' id='word_1_701' title='bbox 3332 3137 3477 3193; x_wconf 88' lang='lat' dir='ltr'><strong>Con-</strong></span> 
     </span>
    </p>
   </div>
   <div class='ocr_carea' id='block_1_90' title="bbox 1894 3234 3483 3310">
    <p class='ocr_par' dir='ltr' id='par_1_90' title="bbox 1894 3234 3483 3310">
     <span class='ocr_line' id='line_1_90' title="bbox 1894 3234 3483 3310; baseline -0.008 -18"><span class='ocrx_word' id='word_1_702' title='bbox 1894 3238 2146 3295; x_wconf 82' lang='lat' dir='ltr'><strong>fessionis</strong></span> <span class='ocrx_word' id='word_1_703' title='bbox 2180 3238 2346 3310; x_wconf 78' lang='lat' dir='ltr'><strong>igitur</strong></span> <span class='ocrx_word' id='word_1_704' title='bbox 2372 3250 2559 3291; x_wconf 90' lang='lat' dir='ltr'><strong>vocem</strong></span> <span class='ocrx_word' id='word_1_705' title='bbox 2606 3234 2755 3289; x_wconf 90' lang='lat' dir='ltr'><strong>solus</strong></span> <span class='ocrx_word' id='word_1_706' title='bbox 2796 3246 3019 3289; x_wconf 85' lang='lat' dir='ltr'><strong>necesse</strong></span> <span class='ocrx_word' id='word_1_707' title='bbox 3065 3239 3153 3287; x_wconf 90' lang='lat' dir='ltr'><strong>est</strong></span> <span class='ocrx_word' id='word_1_708' title='bbox 3175 3239 3236 3287; x_wconf 90' lang='lat' dir='ltr'><strong>ut</strong></span> <span class='ocrx_word' id='word_1_709' title='bbox 3277 3243 3483 3285; x_wconf 75' lang='lat' dir='ltr'><strong>mmmr</strong></span> 
     </span>
    </p>
   </div>
   <div class='ocr_carea' id='block_1_91' title="bbox 1892 3322 3483 3396">
    <p class='ocr_par' dir='ltr' id='par_1_91' title="bbox 1892 3322 3483 3396">
     <span class='ocr_line' id='line_1_91' title="bbox 1892 3322 3483 3396; baseline -0.009 -9"><span class='ocrx_word' id='word_1_710' title='bbox 1892 3331 2189 3395; x_wconf 78' lang='lat' dir='ltr'><strong>excruciet,</strong></span> <span class='ocrx_word' id='word_1_711' title='bbox 2231 3344 2301 3384; x_wconf 88' lang='lat' dir='ltr'><strong>ne</strong></span> <span class='ocrx_word' id='word_1_712' title='bbox 2342 3328 2537 3382; x_wconf 90' lang='lat' dir='ltr'><strong>vulnus</strong></span> <span class='ocrx_word' id='word_1_713' title='bbox 2560 3327 2883 3396; x_wconf 91' lang='lat' dir='ltr'><strong>productum</strong></span> <span class='ocrx_word' id='word_1_714' title='bbox 2912 3332 2969 3379; x_wconf 92' lang='lat' dir='ltr'><strong>et</strong></span> <span class='ocrx_word' id='word_1_715' title='bbox 3004 3322 3330 3394; x_wconf 89' lang='lat' dir='ltr'><strong>neglectum,</strong></span> <span class='ocrx_word' id='word_1_716' title='bbox 3371 3333 3483 3388; x_wconf 89' lang='lat' dir='ltr'><strong>quo</strong></span> 
     </span>
    </p>
   </div>
   <div class='ocr_carea' id='block_1_92' title="bbox 1892 3412 3483 3493">
    <p class='ocr_par' dir='ltr' id='par_1_92' title="bbox 1892 3412 3483 3493">
     <span class='ocr_line' id='line_1_92' title="bbox 1892 3412 3483 3493; baseline -0.009 -14"><span class='ocrx_word' id='word_1_717' title='bbox 1892 3423 2143 3479; x_wconf 87' lang='lat' dir='ltr'><strong>licentius</strong></span> <span class='ocrx_word' id='word_1_718' title='bbox 2165 3423 2277 3493; x_wconf 92' lang='lat' dir='ltr'><strong>jam</strong></span> <span class='ocrx_word' id='word_1_719' title='bbox 2304 3437 2402 3493; x_wconf 92' lang='lat' dir='ltr'><strong>per</strong></span> <span class='ocrx_word' id='word_1_720' title='bbox 2426 3422 2720 3476; x_wconf 86' lang='lat' dir='ltr'><strong>humanam</strong></span> <span class='ocrx_word' id='word_1_721' title='bbox 2760 3417 3006 3472; x_wconf 84' lang='lat' dir='ltr'><strong>notitiam</strong></span> <span class='ocrx_word' id='word_1_722' title='bbox 3039 3415 3298 3486; x_wconf 85' lang='lat' dir='ltr'><strong>tangitur,</strong></span> <span class='ocrx_word' id='word_1_723' title='bbox 3329 3412 3483 3468; x_wconf 84' lang='lat' dir='ltr'><strong>dete-</strong></span> 
     </span>
    </p>
   </div>
   <div class='ocr_carea' id='block_1_93' title="bbox 1893 3498 3479 3586">
    <p class='ocr_par' dir='ltr' id='par_1_93' title="bbox 1893 3498 3479 3586">
     <span class='ocr_line' id='line_1_93' title="bbox 1893 3498 3479 3586; baseline -0.011 -13"><span class='ocrx_word' id='word_1_724' title='bbox 1893 3498 2017 3575; x_wconf 22' lang='lat' dir='ltr'><strong>rius.</strong></span> <span class='ocrx_word' id='word_1_725' title='bbox 2047 3522 2341 3586; x_wconf 84' lang='lat' dir='ltr'><strong>putrescat.</strong></span> <span class='ocrx_word' id='word_1_726' title='bbox 2396 3512 2681 3569; x_wconf 87' lang='lat' dir='ltr'><strong>Psalmista</strong></span> <span class='ocrx_word' id='word_1_727' title='bbox 2733 3523 2863 3579; x_wconf 84' lang='lat' dir='ltr'><strong>ergo</strong></span> <span class='ocrx_word' id='word_1_728' title='bbox 2916 3506 3104 3577; x_wconf 85' lang='lat' dir='ltr'><strong>plagas</strong></span> <span class='ocrx_word' id='word_1_729' title='bbox 3149 3503 3329 3560; x_wconf 89' lang='lat' dir='ltr'><strong>cordis</strong></span> <span class='ocrx_word' id='word_1_730' title='bbox 3370 3517 3479 3556; x_wconf 64' lang='lat' dir='ltr'><strong>una</strong></span> 
     </span>
    </p>
   </div>
   <div class='ocr_carea' id='block_1_94' title="bbox 1892 3598 3475 3670">
    <p class='ocr_par' dir='ltr' id='par_1_94' title="bbox 1892 3598 3475 3670">
     <span class='ocr_line' id='line_1_94' title="bbox 1892 3598 3475 3670; baseline -0.011 -5"><span class='ocrx_word' id='word_1_731' title='bbox 1892 3610 2066 3665; x_wconf 89' lang='lat' dir='ltr'><strong>solum</strong></span> <span class='ocrx_word' id='word_1_732' title='bbox 2095 3609 2390 3670; x_wconf 77' lang='lat' dir='ltr'><strong>detexerat,</strong></span> <span class='ocrx_word' id='word_1_733' title='bbox 2429 3605 2522 3659; x_wconf 90' lang='lat' dir='ltr'><strong>sed</strong></span> <span class='ocrx_word' id='word_1_734' title='bbox 2575 3603 2807 3657; x_wconf 88' lang='lat' dir='ltr'><strong>detectis</strong></span> <span class='ocrx_word' id='word_1_735' title='bbox 2831 3601 2994 3655; x_wconf 89' lang='lat' dir='ltr'><strong>etiam</strong></span> <span class='ocrx_word' id='word_1_736' title='bbox 3021 3598 3475 3654; x_wconf 79' lang='lat' dir='ltr'><strong>medicamentum</strong></span> 
     </span>
    </p>
   </div>
   <div class='ocr_carea' id='block_1_95' title="bbox 1893 3690 3486 3763">
    <p class='ocr_par' dir='ltr' id='par_1_95' title="bbox 1893 3690 3486 3763">
     <span class='ocr_line' id='line_1_95' title="bbox 1893 3690 3486 3763; baseline -0.012 -8"><span class='ocrx_word' id='word_1_737' title='bbox 1893 3699 2145 3755; x_wconf 70' lang='lat' dir='ltr'><strong>mmroris</strong></span> <span class='ocrx_word' id='word_1_738' title='bbox 2191 3696 2500 3759; x_wconf 88' lang='lat' dir='ltr'><strong>adhibebat,</strong></span> <span class='ocrx_word' id='word_1_739' title='bbox 2529 3695 2748 3749; x_wconf 88' lang='lat' dir='ltr'><strong>dicens:</strong></span> <span class='ocrx_word' id='word_1_740' title='bbox 2803 3690 3143 3763; x_wconf 83' lang='lat' dir='ltr'><strong>Iniquitatem</strong></span> <span class='ocrx_word' id='word_1_741' title='bbox 3185 3702 3353 3741; x_wconf 85' lang='lat' dir='ltr'><strong>meam</strong></span> <span class='ocrx_word' id='word_1_742' title='bbox 3391 3700 3486 3754; x_wconf 86' lang='lat' dir='ltr'><strong>ego</strong></span> 
     </span>
    </p>
   </div>
   <div class='ocr_carea' id='block_1_96' title="bbox 1892 3777 3511 3861">
    <p class='ocr_par' dir='ltr' id='par_1_96' title="bbox 1892 3777 3511 3861">
     <span class='ocr_line' id='line_1_96' title="bbox 1892 3777 3511 3861; baseline -0.007 -18"><span class='ocrx_word' id='word_1_743' title='bbox 1892 3790 2175 3861; x_wconf 85' lang='lat' dir='ltr'><strong>pronuntio</strong></span> <span class='ocrx_word' id='word_1_744' title='bbox 2193 3828 2207 3852; x_wconf 95' lang='lat'><strong>,</strong></span> <span class='ocrx_word' id='word_1_745' title='bbox 2242 3796 2289 3841; x_wconf 79' lang='lat' dir='ltr'><strong>ei</strong></span> <span class='ocrx_word' id='word_1_746' title='bbox 2320 3786 2555 3855; x_wconf 84' lang='lat' dir='ltr'><strong>cogitabo</strong></span> <span class='ocrx_word' id='word_1_747' title='bbox 2583 3801 2676 3854; x_wconf 90' lang='lat' dir='ltr'><strong>pro</strong></span> <span class='ocrx_word' id='word_1_748' title='bbox 2700 3792 2910 3853; x_wconf 86' lang='lat' dir='ltr'><strong>peccato</strong></span> <span class='ocrx_word' id='word_1_749' title='bbox 2937 3797 3049 3834; x_wconf 88' lang='lat' dir='ltr'><strong>meo</strong></span> <span class='ocrx_word' id='word_1_750' title='bbox 3074 3777 3244 3851; x_wconf 82' lang='lat' dir='ltr'><strong>(Psal.</strong></span> <span class='ocrx_word' id='word_1_751' title='bbox 3272 3789 3483 3837; x_wconf 79' lang='lat' dir='ltr'><strong>xxxv&quot;,</strong></span> <span class='ocrx_word' id='word_1_752' title='bbox 3506 3826 3511 3831; x_wconf 81' lang='lat'><strong>.</strong></span> 
     </span>
    </p>
   </div>
   <div class='ocr_carea' id='block_1_97' title="bbox 1896 3865 3477 3949">
    <p class='ocr_par' dir='ltr' id='par_1_97' title="bbox 1896 3865 3477 3949">
     <span class='ocr_line' id='line_1_97' title="bbox 1896 3865 3477 3949; baseline -0.011 -15"><span class='ocrx_word' id='word_1_753' title='bbox 1896 3879 2008 3949; x_wconf 75' lang='grc'><strong>19).</strong></span> <span class='ocrx_word' id='word_1_754' title='bbox 2061 3876 2468 3934; x_wconf 85' lang='lat' dir='ltr'><strong>Prouuntiando</strong></span> <span class='ocrx_word' id='word_1_755' title='bbox 2511 3880 2654 3928; x_wconf 91' lang='lat' dir='ltr'><strong>enim</strong></span> <span class='ocrx_word' id='word_1_756' title='bbox 2706 3872 2978 3928; x_wconf 88' lang='lat' dir='ltr'><strong>occultum</strong></span> <span class='ocrx_word' id='word_1_757' title='bbox 3007 3870 3203 3924; x_wconf 85' lang='lat' dir='ltr'><strong>vulnus</strong></span> <span class='ocrx_word' id='word_1_758' title='bbox 3236 3865 3477 3937; x_wconf 88' lang='lat' dir='ltr'><strong>detegit;</strong></span> 
     </span>
    </p>
   </div>
   <div class='ocr_carea' id='block_1_98' title="bbox 1896 3958 3486 4041">
    <p class='ocr_par' dir='ltr' id='par_1_98' title="bbox 1896 3958 3486 4041">
     <span class='ocr_line' id='line_1_98' title="bbox 1896 3958 3486 4041; baseline -0.011 -15"><span class='ocrx_word' id='word_1_759' title='bbox 1896 3970 2181 4041; x_wconf 83' lang='lat' dir='ltr'><strong>cogitando</strong></span> <span class='ocrx_word' id='word_1_760' title='bbox 2232 3958 2410 4021; x_wconf 84' lang='lat' dir='ltr'><strong>autem</strong></span> <span class='ocrx_word' id='word_1_761' title='bbox 2462 3966 2588 4035; x_wconf 92' lang='lat' dir='ltr'><strong>quid</strong></span> <span class='ocrx_word' id='word_1_762' title='bbox 2641 3964 2783 4018; x_wconf 89' lang='lat' dir='ltr'><strong>aliud</strong></span> <span class='ocrx_word' id='word_1_763' title='bbox 2830 3976 2991 4031; x_wconf 89' lang='lat' dir='ltr'><strong>quam</strong></span> <span class='ocrx_word' id='word_1_764' title='bbox 3029 3960 3486 4014; x_wconf 81' lang='lat' dir='ltr'><strong>medicamenth</strong></span> 
     </span>
    </p>
   </div>
   <div class='ocr_carea' id='block_1_99' title="bbox 1896 4047 3484 4132">
    <p class='ocr_par' dir='ltr' id='par_1_99' title="bbox 1896 4047 3484 4132">
     <span class='ocr_line' id='line_1_99' title="bbox 1896 4047 3484 4132; baseline -0.013 -13"><span class='ocrx_word' id='word_1_765' title='bbox 1896 4063 2106 4120; x_wconf 86' lang='lat' dir='ltr'><strong>vulneri</strong></span> <span class='ocrx_word' id='word_1_766' title='bbox 2131 4060 2389 4132; x_wconf 84' lang='lat' dir='ltr'><strong>apponit?</strong></span> <span class='ocrx_word' id='word_1_767' title='bbox 2442 4058 2548 4112; x_wconf 82' lang='lat' dir='ltr'><strong>Sed</strong></span> <span class='ocrx_word' id='word_1_768' title='bbox 2576 4056 2786 4110; x_wconf 69' lang='lat' dir='ltr'><strong>alllictte</strong></span> <span class='ocrx_word' id='word_1_769' title='bbox 2816 4052 3007 4116; x_wconf 88' lang='lat' dir='ltr'><strong>menti,</strong></span> <span class='ocrx_word' id='word_1_770' title='bbox 3029 4060 3084 4107; x_wconf 89' lang='lat' dir='ltr'><strong>et</strong></span> <span class='ocrx_word' id='word_1_771' title='bbox 3111 4065 3207 4104; x_wconf 89' lang='lat' dir='ltr'><strong>sua</strong></span> <span class='ocrx_word' id='word_1_772' title='bbox 3253 4047 3484 4103; x_wconf 89' lang='lat' dir='ltr'><strong>sollicite</strong></span> 
     </span>
    </p>
   </div>
   <div class='ocr_carea' id='block_1_100' title="bbox 1898 4141 3519 4222">
    <p class='ocr_par' dir='ltr' id='par_1_100' title="bbox 1898 4141 3519 4222">
     <span class='ocr_line' id='line_1_100' title="bbox 1898 4141 3519 4222; baseline -0.014 -11"><span class='ocrx_word' id='word_1_773' title='bbox 1898 4157 2091 4212; x_wconf 84' lang='lat' dir='ltr'><strong>damna</strong></span> <span class='ocrx_word' id='word_1_774' title='bbox 2122 4151 2401 4222; x_wconf 83' lang='lat' dir='ltr'><strong>cogitanti,</strong></span> <span class='ocrx_word' id='word_1_775' title='bbox 2451 4150 2575 4203; x_wconf 73' lang='lat' dir='ltr'><strong>rixa</strong></span> <span class='ocrx_word' id='word_1_776' title='bbox 2616 4162 2714 4217; x_wconf 90' lang='lat' dir='ltr'><strong>pro</strong></span> <span class='ocrx_word' id='word_1_777' title='bbox 2738 4144 3025 4214; x_wconf 89' lang='lat' dir='ltr'><strong>semetipsa</strong></span> <span class='ocrx_word' id='word_1_778' title='bbox 3073 4141 3249 4195; x_wconf 91' lang='lat' dir='ltr'><strong>oritur</strong></span> <span class='ocrx_word' id='word_1_779' title='bbox 3292 4146 3485 4193; x_wconf 85' lang='lat' dir='ltr'><strong>contra</strong></span> <span class='ocrx_word' id='word_1_780' title='bbox 3504 4168 3519 4187; x_wconf 75' lang='lat'><strong>.-</strong></span> 
     </span>
    </p>
   </div>
   <div class='ocr_carea' id='block_1_101' title="bbox 1900 4228 3519 4318">
    <p class='ocr_par' dir='ltr' id='par_1_101' title="bbox 1900 4228 3519 4318">
     <span class='ocr_line' id='line_1_101' title="bbox 1900 4228 3519 4318; baseline -0.015 -14"><span class='ocrx_word' id='word_1_781' title='bbox 1900 4249 2262 4318; x_wconf 89' lang='lat' dir='ltr'><strong>semetipsam.</strong></span> <span class='ocrx_word' id='word_1_782' title='bbox 2313 4244 2449 4298; x_wconf 84' lang='lat' dir='ltr'><strong>Nam</strong></span> <span class='ocrx_word' id='word_1_783' title='bbox 2497 4255 2620 4296; x_wconf 91' lang='lat' dir='ltr'><strong>cum</strong></span> <span class='ocrx_word' id='word_1_784' title='bbox 2661 4255 2721 4295; x_wconf 90' lang='lat' dir='ltr'><strong>se</strong></span> <span class='ocrx_word' id='word_1_785' title='bbox 2771 4239 2837 4292; x_wconf 89' lang='lat' dir='ltr'><strong>ad</strong></span> <span class='ocrx_word' id='word_1_786' title='bbox 2880 4236 3116 4289; x_wconf 90' lang='lat' dir='ltr'><strong>lamenta</strong></span> <span class='ocrx_word' id='word_1_787' title='bbox 3158 4228 3519 4302; x_wconf 29' lang='lat' dir='ltr'><strong>pmnitentixe‘</strong></span> 
     </span>
    </p>
   </div>
   <div class='ocr_carea' id='block_1_102' title="bbox 1899 4320 3506 4413">
    <p class='ocr_par' dir='ltr' id='par_1_102' title="bbox 1899 4320 3506 4413">
     <span class='ocr_line' id='line_1_102' title="bbox 1899 4320 3506 4413; baseline -0.015 -15"><span class='ocrx_word' id='word_1_788' title='bbox 1899 4342 2143 4413; x_wconf 84' lang='lat' dir='ltr'><strong>instigat,</strong></span> <span class='ocrx_word' id='word_1_789' title='bbox 2170 4336 2381 4394; x_wconf 89' lang='lat' dir='ltr'><strong>occulta</strong></span> <span class='ocrx_word' id='word_1_790' title='bbox 2408 4350 2467 4389; x_wconf 91' lang='lat' dir='ltr'><strong>se</strong></span> <span class='ocrx_word' id='word_1_791' title='bbox 2492 4332 2860 4403; x_wconf 88' lang='lat' dir='ltr'><strong>increpatione</strong></span> <span class='ocrx_word' id='word_1_792' title='bbox 2878 4326 3122 4384; x_wconf 86' lang='lat' dir='ltr'><strong>dilaniat.</strong></span> <span class='ocrx_word' id='word_1_793' title='bbox 3146 4345 3165 4377; x_wconf 74' lang='grc' dir='ltr'><strong><em>ι</em></strong></span> <span class='ocrx_word' id='word_1_794' title='bbox 3192 4323 3305 4379; x_wconf 81' lang='lat' dir='ltr'><strong>Hoc</strong></span> <span class='ocrx_word' id='word_1_795' title='bbox 3328 4320 3506 4377; x_wconf 79' lang='lat' dir='ltr'><strong>modo</strong></span> 
     </span>
    </p>
   </div>
   <div class='ocr_carea' id='block_1_103' title="bbox 1902 4415 3483 4505">
    <p class='ocr_par' dir='ltr' id='par_1_103' title="bbox 1902 4415 3483 4505">
     <span class='ocr_line' id='line_1_103' title="bbox 1902 4415 3483 4505; baseline -0.014 -17"><span class='ocrx_word' id='word_1_796' title='bbox 1902 4433 2173 4505; x_wconf 89' lang='lat' dir='ltr'><strong>principes</strong></span> <span class='ocrx_word' id='word_1_797' title='bbox 2218 4427 2340 4482; x_wconf 90' lang='lat' dir='ltr'><strong>liliis</strong></span> <span class='ocrx_word' id='word_1_798' title='bbox 2390 4425 2477 4480; x_wconf 87' lang='lat' dir='ltr'><strong>vel</strong></span> <span class='ocrx_word' id='word_1_799' title='bbox 2502 4421 2838 4495; x_wconf 89' lang='lat' dir='ltr'><strong>propinquis,</strong></span> <span class='ocrx_word' id='word_1_800' title='bbox 2895 4420 2939 4475; x_wconf 92' lang='lat' dir='ltr'><strong>si</strong></span> <span class='ocrx_word' id='word_1_801' title='bbox 2971 4415 3341 4488; x_wconf 87' lang='lat' dir='ltr'><strong>peccaverint,</strong></span> <span class='ocrx_word' id='word_1_802' title='bbox 3392 4427 3483 4467; x_wconf 80' lang='lat' dir='ltr'><strong>re-</strong></span> 
     </span>
    </p>
   </div>
   <div class='ocr_carea' id='block_1_104' title="bbox 1905 4503 3491 4595">
    <p class='ocr_par' dir='ltr' id='par_1_104' title="bbox 1905 4503 3491 4595">
     <span class='ocr_line' id='line_1_104' title="bbox 1905 4503 3491 4595; baseline -0.014 -15"><span class='ocrx_word' id='word_1_803' title='bbox 1905 4503 2354 4595; x_wconf 80' lang='lat' dir='ltr'><strong>cognoscentibus</strong></span> <span class='ocrx_word' id='word_1_804' title='bbox 2382 4533 2446 4572; x_wconf 92' lang='lat' dir='ltr'><strong>ac</strong></span> <span class='ocrx_word' id='word_1_805' title='bbox 2477 4513 2863 4587; x_wconf 79' lang='lat' dir='ltr'><strong>paenitentibus</strong></span> <span class='ocrx_word' id='word_1_806' title='bbox 2889 4524 3115 4581; x_wconf 84' lang='lat' dir='ltr'><strong>parcere</strong></span> <span class='ocrx_word' id='word_1_807' title='bbox 3143 4507 3321 4571; x_wconf 89' lang='lat' dir='ltr'><strong>debet,</strong></span> <span class='ocrx_word' id='word_1_808' title='bbox 3355 4503 3491 4559; x_wconf 84' lang='lat' dir='ltr'><strong>alio-</strong></span> 
     </span>
    </p>
   </div>
   <div class='ocr_carea' id='block_1_105' title="bbox 1907 4599 3491 4686">
    <p class='ocr_par' dir='ltr' id='par_1_105' title="bbox 1907 4599 3491 4686">
     <span class='ocr_line' id='line_1_105' title="bbox 1907 4599 3491 4686; baseline -0.013 -16"><span class='ocrx_word' id='word_1_809' title='bbox 1907 4617 2035 4686; x_wconf 91' lang='lat' dir='ltr'><strong>quin</strong></span> <span class='ocrx_word' id='word_1_810' title='bbox 2063 4612 2357 4667; x_wconf 87' lang='lat' dir='ltr'><strong>vindictam</strong></span> <span class='ocrx_word' id='word_1_811' title='bbox 2391 4608 2688 4664; x_wconf 88' lang='lat' dir='ltr'><strong>secundum</strong></span> <span class='ocrx_word' id='word_1_812' title='bbox 2731 4603 2947 4659; x_wconf 90' lang='lat' dir='ltr'><strong>modum</strong></span> <span class='ocrx_word' id='word_1_813' title='bbox 2980 4601 3150 4671; x_wconf 67' lang='lat' dir='ltr'><strong>culpat</strong></span> <span class='ocrx_word' id='word_1_814' title='bbox 3177 4599 3230 4653; x_wconf 90' lang='lat' dir='ltr'><strong>in</strong></span> <span class='ocrx_word' id='word_1_815' title='bbox 3253 4610 3491 4670; x_wconf 89' lang='lat' dir='ltr'><strong>peccan-</strong></span> 
     </span>
    </p>
   </div>
   <div class='ocr_carea' id='block_1_106' title="bbox 1909 4687 3493 4760">
    <p class='ocr_par' dir='ltr' id='par_1_106' title="bbox 1909 4687 3493 4760">
     <span class='ocr_line' id='line_1_106' title="bbox 1909 4687 3493 4760; baseline -0.012 0"><span class='ocrx_word' id='word_1_816' title='bbox 1909 4717 1990 4760; x_wconf 91' lang='lat' dir='ltr'><strong>tes</strong></span> <span class='ocrx_word' id='word_1_817' title='bbox 2019 4716 2296 4757; x_wconf 82' lang='lat' dir='ltr'><strong>exercere.</strong></span> <span class='ocrx_word' id='word_1_818' title='bbox 2325 4699 2382 4754; x_wconf 86' lang='lat' dir='ltr'><strong>Si</strong></span> <span class='ocrx_word' id='word_1_819' title='bbox 2414 4697 2559 4751; x_wconf 88' lang='lat' dir='ltr'><strong>enim</strong></span> <span class='ocrx_word' id='word_1_820' title='bbox 2575 4695 2716 4749; x_wconf 86' lang='lat' dir='ltr'><strong>Deus</strong></span> <span class='ocrx_word' id='word_1_821' title='bbox 2738 4693 2919 4759; x_wconf 89' lang='lat' dir='ltr'><strong>Pater,</strong></span> <span class='ocrx_word' id='word_1_822' title='bbox 2947 4701 3007 4746; x_wconf 90' lang='lat' dir='ltr'><strong>ut</strong></span> <span class='ocrx_word' id='word_1_823' title='bbox 3030 4687 3493 4759; x_wconf 87' lang='lat' dir='ltr'><strong>dicitApostolus,</strong></span> 
     </span>
    </p>
   </div>
   <div class='ocr_carea' id='block_1_107' title="bbox 1908 4776 3497 4868">
    <p class='ocr_par' dir='ltr' id='par_1_107' title="bbox 1908 4776 3497 4868">
     <span class='ocr_line' id='line_1_107' title="bbox 1908 4776 3497 4868; baseline -0.014 -18"><span class='ocrx_word' id='word_1_824' title='bbox 1908 4796 2118 4868; x_wconf 87' lang='lat' dir='ltr'><strong>proprio</strong></span> <span class='ocrx_word' id='word_1_825' title='bbox 2168 4792 2311 4846; x_wconf 85' lang='lat' dir='ltr'><strong>Filio</strong></span> <span class='ocrx_word' id='word_1_826' title='bbox 2362 4807 2465 4844; x_wconf 87' lang='lat' dir='ltr'><strong>non</strong></span> <span class='ocrx_word' id='word_1_827' title='bbox 2494 4788 2740 4859; x_wconf 82' lang='lat' dir='ltr'><strong>pepercit,</strong></span> <span class='ocrx_word' id='word_1_828' title='bbox 2775 4785 2864 4839; x_wconf 79' lang='lat' dir='ltr'><strong>sed</strong></span> <span class='ocrx_word' id='word_1_829' title='bbox 2910 4799 3004 4853; x_wconf 91' lang='lat' dir='ltr'><strong>pro</strong></span> <span class='ocrx_word' id='word_1_830' title='bbox 3050 4780 3196 4835; x_wconf 84' lang='lat' dir='ltr'><strong>nobis</strong></span> <span class='ocrx_word' id='word_1_831' title='bbox 3251 4776 3497 4868; x_wconf 57' lang='lat' dir='ltr'><strong>omnibus</strong></span> 
     </span>
    </p>
   </div>
   <div class='ocr_carea' id='block_1_108' title="bbox 1910 4864 3503 4954">
    <p class='ocr_par' dir='ltr' id='par_1_108' title="bbox 1910 4864 3503 4954">
     <span class='ocr_line' id='line_1_108' title="bbox 1910 4864 3503 4954; baseline -0.016 -12"><span class='ocrx_word' id='word_1_832' title='bbox 1910 4864 2128 4942; x_wconf 81' lang='lat' dir='ltr'><strong>tradidit</strong></span> <span class='ocrx_word' id='word_1_833' title='bbox 2154 4884 2304 4938; x_wconf 86' lang='lat' dir='ltr'><strong>illum</strong></span> <span class='ocrx_word' id='word_1_834' title='bbox 2336 4881 2508 4954; x_wconf 83' lang='lat' dir='ltr'><strong>(Rom.</strong></span> <span class='ocrx_word' id='word_1_835' title='bbox 2540 4895 2658 4942; x_wconf 84' lang='lat' dir='ltr'><strong>vm,</strong></span> <span class='ocrx_word' id='word_1_836' title='bbox 2685 4875 2798 4945; x_wconf 58' lang='grc' dir='ltr'><strong>δί),</strong></span> <span class='ocrx_word' id='word_1_837' title='bbox 2829 4882 2885 4929; x_wconf 91' lang='lat' dir='ltr'><strong>et</strong></span> <span class='ocrx_word' id='word_1_838' title='bbox 2906 4882 3083 4927; x_wconf 89' lang='lat' dir='ltr'><strong>tamen</strong></span> <span class='ocrx_word' id='word_1_839' title='bbox 3109 4870 3271 4923; x_wconf 85' lang='lat' dir='ltr'><strong>Pater</strong></span> <span class='ocrx_word' id='word_1_840' title='bbox 3294 4864 3503 4920; x_wconf 86' lang='lat' dir='ltr'><strong>amavit</strong></span> 
     </span>
    </p>
   </div>
   <div class='ocr_carea' id='block_1_109' title="bbox 1910 4955 3499 5046">
    <p class='ocr_par' dir='ltr' id='par_1_109' title="bbox 1910 4955 3499 5046">
     <span class='ocr_line' id='line_1_109' title="bbox 1910 4955 3499 5046; baseline -0.017 -11"><span class='ocrx_word' id='word_1_841' title='bbox 1910 4978 2127 5042; x_wconf 87' lang='lat' dir='ltr'><strong>Filium,</strong></span> <span class='ocrx_word' id='word_1_842' title='bbox 2156 4990 2316 5046; x_wconf 90' lang='lat' dir='ltr'><strong>quem</strong></span> <span class='ocrx_word' id='word_1_843' title='bbox 2346 4972 2411 5026; x_wconf 90' lang='lat' dir='ltr'><strong>ad</strong></span> <span class='ocrx_word' id='word_1_844' title='bbox 2447 4969 2753 5041; x_wconf 91' lang='lat' dir='ltr'><strong>passionem</strong></span> <span class='ocrx_word' id='word_1_845' title='bbox 2785 4964 2953 5030; x_wconf 89' lang='lat' dir='ltr'><strong>misit,</strong></span> <span class='ocrx_word' id='word_1_846' title='bbox 2984 4961 3099 5032; x_wconf 89' lang='lat' dir='ltr'><strong>qui,</strong></span> <span class='ocrx_word' id='word_1_847' title='bbox 3124 4968 3184 5013; x_wconf 91' lang='lat' dir='ltr'><strong>ut</strong></span> <span class='ocrx_word' id='word_1_848' title='bbox 3213 4959 3340 5012; x_wconf 91' lang='lat' dir='ltr'><strong>item</strong></span> <span class='ocrx_word' id='word_1_849' title='bbox 3365 4955 3499 5011; x_wconf 82' lang='lat' dir='ltr'><strong>dicit</strong></span> 
     </span>
    </p>
   </div>
   <div class='ocr_carea' id='block_1_110' title="bbox 1910 5047 3492 5141">
    <p class='ocr_par' dir='ltr' id='par_1_110' title="bbox 1910 5047 3492 5141">
     <span class='ocr_line' id='line_1_110' title="bbox 1910 5047 3492 5141; baseline -0.017 -15"><span class='ocrx_word' id='word_1_850' title='bbox 1910 5068 2220 5141; x_wconf 80' lang='lat' dir='ltr'><strong>Apostolus,</strong></span> <span class='ocrx_word' id='word_1_851' title='bbox 2273 5080 2332 5121; x_wconf 90' lang='lat' dir='ltr'><strong>se</strong></span> <span class='ocrx_word' id='word_1_852' title='bbox 2357 5079 2458 5135; x_wconf 91' lang='lat' dir='ltr'><strong>pro</strong></span> <span class='ocrx_word' id='word_1_853' title='bbox 2484 5060 2721 5117; x_wconf 87' lang='lat' dir='ltr'><strong>Ecclesia</strong></span> <span class='ocrx_word' id='word_1_854' title='bbox 2756 5055 2975 5113; x_wconf 87' lang='lat' dir='ltr'><strong>tradidit</strong></span> <span class='ocrx_word' id='word_1_855' title='bbox 3021 5051 3240 5141; x_wconf 76' lang='lat' dir='ltr'><strong>(Ephes.</strong></span> <span class='ocrx_word' id='word_1_856' title='bbox 3274 5047 3364 5141; x_wconf 64' lang='grc' dir='ltr'><strong>ν),⁸</strong></span> <span class='ocrx_word' id='word_1_857' title='bbox 3398 5060 3492 5102; x_wconf 80' lang='lat' dir='ltr'><strong>ne-</strong></span> 
     </span>
    </p>
   </div>
   <div class='ocr_carea' id='block_1_111' title="bbox 1912 5138 3499 5228">
    <p class='ocr_par' dir='ltr' id='par_1_111' title="bbox 1912 5138 3499 5228">
     <span class='ocr_line' id='line_1_111' title="bbox 1912 5138 3499 5228; baseline -0.017 -11"><span class='ocrx_word' id='word_1_858' title='bbox 1912 5138 2150 5217; x_wconf 84' lang='lat' dir='ltr'><strong>cessario</strong></span> <span class='ocrx_word' id='word_1_859' title='bbox 2196 5155 2614 5228; x_wconf 75' lang='lat' dir='ltr'><strong>praeponderare</strong></span> <span class='ocrx_word' id='word_1_860' title='bbox 2651 5149 2811 5205; x_wconf 87' lang='lat' dir='ltr'><strong>debet</strong></span> <span class='ocrx_word' id='word_1_861' title='bbox 2853 5161 2959 5217; x_wconf 84' lang='lat' dir='ltr'><strong>pax</strong></span> <span class='ocrx_word' id='word_1_862' title='bbox 2991 5140 3246 5199; x_wconf 66' lang='lat' dir='ltr'><strong>Eeclesim</strong></span> <span class='ocrx_word' id='word_1_863' title='bbox 3274 5138 3499 5196; x_wconf 68' lang='lat' dir='ltr'><strong>univer-</strong></span> 
     </span>
    </p>
   </div>
   <div class='ocr_carea' id='block_1_112' title="bbox 1912 5228 3495 5313">
    <p class='ocr_par' dir='ltr' id='par_1_112' title="bbox 1912 5228 3495 5313">
     <span class='ocr_line' id='line_1_112' title="bbox 1912 5228 3495 5313; baseline -0.016 -7"><span class='ocrx_word' id='word_1_864' title='bbox 1912 5250 2059 5311; x_wconf 84' lang='lat' dir='ltr'><strong>salis,</strong></span> <span class='ocrx_word' id='word_1_865' title='bbox 2086 5256 2141 5304; x_wconf 88' lang='lat' dir='ltr'><strong>et</strong></span> <span class='ocrx_word' id='word_1_866' title='bbox 2168 5248 2410 5302; x_wconf 85' lang='lat' dir='ltr'><strong>soliditas</strong></span> <span class='ocrx_word' id='word_1_867' title='bbox 2458 5239 2752 5313; x_wconf 82' lang='lat' dir='ltr'><strong>generalis,</strong></span> <span class='ocrx_word' id='word_1_868' title='bbox 2777 5234 3050 5293; x_wconf 86' lang='lat' dir='ltr'><strong>dilectioni</strong></span> <span class='ocrx_word' id='word_1_869' title='bbox 3075 5232 3241 5288; x_wconf 89' lang='lat' dir='ltr'><strong>etiam</strong></span> <span class='ocrx_word' id='word_1_870' title='bbox 3287 5228 3495 5287; x_wconf 82' lang='lat' dir='ltr'><strong>dilecti,</strong></span> 
     </span>
    </p>
   </div>
   <div class='ocr_carea' id='block_1_113' title="bbox 1918 5328 2955 5412">
    <p class='ocr_par' dir='ltr' id='par_1_113' title="bbox 1918 5328 2955 5412">
     <span class='ocr_line' id='line_1_113' title="bbox 1918 5328 2955 5412; baseline -0.018 -12"><span class='ocrx_word' id='word_1_871' title='bbox 1918 5346 2085 5400; x_wconf 88' lang='lat' dir='ltr'><strong>multo</strong></span> <span class='ocrx_word' id='word_1_872' title='bbox 2110 5343 2279 5412; x_wconf 83' lang='lat' dir='ltr'><strong>magis</strong></span> <span class='ocrx_word' id='word_1_873' title='bbox 2320 5347 2497 5394; x_wconf 87' lang='lat' dir='ltr'><strong>autem</strong></span> <span class='ocrx_word' id='word_1_874' title='bbox 2528 5331 2811 5404; x_wconf 84' lang='lat' dir='ltr'><strong>degeneris</strong></span> <span class='ocrx_word' id='word_1_875' title='bbox 2842 5328 2955 5384; x_wconf 87' lang='lat' dir='ltr'><strong>lilii.</strong></span> 
     </span>
    </p>
   </div>
   <div class='ocr_carea' id='block_1_114' title="bbox 1918 5479 3527 5561">
    <p class='ocr_par' dir='ltr' id='par_1_114' title="bbox 1918 5479 3527 5561">
     <span class='ocr_line' id='line_1_114' title="bbox 1918 5479 3527 5561; baseline -0.02 0"><span class='ocrx_word' id='word_1_876' title='bbox 1918 5506 2047 5561; x_wconf 66' lang='lat' dir='ltr'><strong>Car.</strong></span> <span class='ocrx_word' id='word_1_877' title='bbox 2076 5500 2267 5557; x_wconf 72' lang='lat' dir='ltr'><strong>XXXI.</strong></span> <span class='ocrx_word' id='word_1_878' title='bbox 2301 5528 2372 5538; x_wconf 92' lang='lat'><strong>——</strong></span> <span class='ocrx_word' id='word_1_879' title='bbox 2396 5496 2461 5550; x_wconf 90' lang='lat' dir='ltr'><strong>In</strong></span> <span class='ocrx_word' id='word_1_880' title='bbox 2495 5490 2738 5548; x_wconf 66' lang='lat' dir='ltr'><strong>maximis</strong></span> <span class='ocrx_word' id='word_1_881' title='bbox 2763 5498 2810 5561; x_wconf 84' lang='lat' dir='ltr'><strong>et</strong></span> <span class='ocrx_word' id='word_1_882' title='bbox 2836 5484 3054 5557; x_wconf 78' lang='lat' dir='ltr'><strong>publicis</strong></span> <span class='ocrx_word' id='word_1_883' title='bbox 3090 5479 3392 5537; x_wconf 81' lang='lat' dir='ltr'><strong>criminibus</strong></span> <span class='ocrx_word' id='word_1_884' title='bbox 3440 5492 3527 5528; x_wconf 75' lang='lat' dir='ltr'><strong>am</strong></span> 
     </span>
    </p>
   </div>
   <div class='ocr_carea' id='block_1_115' title="bbox 2508 5559 2905 5630">
    <p class='ocr_par' dir='ltr' id='par_1_115' title="bbox 2508 5559 2905 5630">
     <span class='ocr_line' id='line_1_115' title="bbox 2508 5559 2905 5630; baseline -0.018 -12"><span class='ocrx_word' id='word_1_885' title='bbox 2508 5559 2905 5630; x_wconf 82' lang='lat' dir='ltr'><strong>indulgendum.</strong></span> 
     </span>
    </p>
   </div>
   <div class='ocr_carea' id='block_1_116' title="bbox 1994 5688 3516 5779">
    <p class='ocr_par' dir='ltr' id='par_1_116' title="bbox 1994 5688 3516 5779">
     <span class='ocr_line' id='line_1_116' title="bbox 1994 5688 3516 5779; baseline -0.013 -15"><span class='ocrx_word' id='word_1_886' title='bbox 1994 5711 2092 5779; x_wconf 78' lang='lat' dir='ltr'><strong>Qui</strong></span> <span class='ocrx_word' id='word_1_887' title='bbox 2137 5716 2315 5763; x_wconf 88' lang='lat' dir='ltr'><strong>autem</strong></span> <span class='ocrx_word' id='word_1_888' title='bbox 2349 5708 2411 5761; x_wconf 76' lang='lat' dir='ltr'><strong>de</strong></span> <span class='ocrx_word' id='word_1_889' title='bbox 2443 5700 2691 5758; x_wconf 74' lang='lat' dir='ltr'><strong>maximis</strong></span> <span class='ocrx_word' id='word_1_890' title='bbox 2732 5705 2784 5750; x_wconf 88' lang='lat' dir='ltr'><strong>ct</strong></span> <span class='ocrx_word' id='word_1_891' title='bbox 2835 5693 3063 5767; x_wconf 83' lang='lat' dir='ltr'><strong>publicis</strong></span> <span class='ocrx_word' id='word_1_892' title='bbox 3095 5688 3410 5746; x_wconf 75' lang='lat' dir='ltr'><strong>criminibus</strong></span> <span class='ocrx_word' id='word_1_893' title='bbox 3441 5698 3516 5744; x_wconf 67' lang='grc' dir='ltr'><strong>ει</strong></span> 
     </span>
    </p>
   </div>
  </div>
