4006 6338
659 299 763 355 855

656 411 820 468 corde
847 425 905 466 se
946 426 1051 466 non
1075 407 1356 469 humiliat,
1391 406 1484 461 sed
1516 407 1583 462 ad
1624 405 1961 460 excusandas
2001 412 2226 456 excusa-

657 501 832 556 tiones
857 500 910 554 in
937 498 1192 568 peccatis,
1223 504 1441 566 peccata
1469 511 1562 550 sua
1593 494 1880 549 defendere
1905 499 2076 555 curat,
2098 490 2225 544 huic

656 608 763 647 non
817 589 1167 660 impendenda
1220 595 1304 640 est
1351 585 1755 649 misericordia,
1800 583 1923 654 quia
1978 579 2224 650 praestari

655 681 962 736 nullatenus
1000 678 1253 748 praevalet
1287 675 1639 744 indulgentia,
1675 675 1818 729 sicut
1859 679 2077 726 sanctus
2102 669 2224 724 Cae-

654 769 877 824 lestinus
905 767 958 821 in
985 765 1208 836 epistola
1247 766 1317 820 ad
1357 763 1662 820 Nestorium
1685 761 2013 826 manifestat,
2039 759 2225 814 dicens

653 858 822 926 (epist.
848 857 904 926 5)
929 873 942 908 :
978 875 996 906 ι
1025 856 1328 926 Persequar
1357 855 1515 925 plane
1540 856 1668 910 boni
1693 853 1902 908 Domini
1944 851 2050 906 mei
2093 850 2223 905 tide-

654 947 722 1002 lis
751 961 939 1003 servus
968 948 1233 1011 inimicos,
1275 962 1396 1001 cum
1427 945 1693 1016 Propheta
1724 952 1930 1000 asserat
1961 957 2054 998 eos
2098 942 2222 998 odio

649 1054 711 1094 se
735 1039 914 1094 odisse
958 1038 1200 1109 perfecto
1245 1037 1418 1109 (Psal.
1446 1037 1729 1106 cxxxvm).
1785 1035 1988 1091 Memor
2011 1048 2218 1098 rursus,

651 1129 824 1185 altero
875 1130 1164 1199 loquente,
1217 1145 1284 1184 ne
1330 1143 1586 1199 parcam,
1635 1141 1793 1196 quem
1847 1125 1929 1180 vis
1975 1124 2065 1179 hic
2119 1137 2221 1192 ego

653 1221 986 1290 respiciam?
1033 1222 1119 1276 cui
1160 1221 1380 1276 honoris
1432 1219 1631 1289 aliquid
1674 1231 1963 1280 reservem,
2005 1215 2220 1284 quando

648 1311 848 1381 agitur,
903 1320 964 1365 ut
1004 1311 1136 1364 mihi
1184 1312 1348 1365 totius
1410 1311 1522 1379 spei
1579 1323 1712 1364 meae
1755 1322 1917 1370 causa
1963 1305 2221 1360 tollatur?

647 1399 824 1470 Ipsius
849 1401 904 1455 in
948 1401 1232 1472 Evangelio
1264 1401 1424 1455 verba
1458 1409 1583 1454 sunt
1613 1398 1847 1462 Domini,
1878 1395 2072 1466 quibus
2119 1393 2215 1458 ait,

649 1506 758 1548 non
803 1491 904 1546 sibi
932 1500 1161 1560 patrem,
1201 1506 1306 1545 non
1339 1499 1587 1553 matrem,
1619 1504 1726 1542 non
1765 1487 1924 1551 tilios,
1968 1500 2076 1539 non
2122 1482 2220 1537 ali-

646 1597 807 1650 quam
835 1583 1283 1640 necessitudinem
1314 1582 1510 1638 debere
1560 1579 1796 1652 prmponi
1827 1577 2041 1648 (Matth.
2075 1574 2213 1645 xix).

649 1672 856 1727 Etenim
883 1671 1005 1727 talis
1051 1671 1362 1742 frequenter
1391 1682 1476 1727 est
1515 1672 1712 1740 pietas,
1739 1685 1803 1725 ex
1825 1683 1931 1737 qua
1962 1674 2217 1722 nascatur

646 1763 913 1831 impietas,
942 1779 1087 1829 cum,
1113 1764 1361 1818 vincente
1385 1763 1566 1818 carnis
1592 1762 1811 1824 aﬂ‘ectu,
1854 1757 2100 1815 cbaritati
2139 1756 2215 1812 illi

643 1869 762 1920 quia:
819 1855 960 1909 Deus
1007 1864 1123 1918 est,
1178 1855 1417 1911 charitas
1464 1853 1793 1923 praeponitur
1839 1849 2152 1920 corporalis.
2188 1867 2208 1900 ι

641 1945 708 1999 Ει
761 1955 979 2001 sanctus
1015 1945 1324 2017 Gregorius.
1351 1947 1405 2000 in
1460 1945 1596 2000 libro
1640 1943 1902 2000 Pastorali
1948 1946 2107 2008 (part.
2150 1957 2210 2005 ll,

643 2051 761 2103 cap.
816 2034 906 2102 6):
969 2055 986 2086 ι
1020 2035 1154 2103 Quia
1203 2035 1358 2100 falsa,
1411 2035 1624 2104 inquit,
1669 2035 1870 2104 pietate
1929 2040 2213 2102 superatus

643 2121 808 2178 ferire
865 2123 983 2179 Heli
1038 2125 1410 2195 delinquentes
1473 2124 1608 2180 ﬁlios
1669 2125 1863 2190 noluit,
1927 2123 2066 2194 apud
2124 2121 2212 2176 di-

651 2213 898 2294 strictum
958 2215 1192 2284 judicem
1254 2217 1597 2285 semetipsum
1657 2232 1778 2270 cum
1840 2216 1963 2270 ﬁliis
2011 2213 2210 2270 crudeli

646 2305 993 2360 damnatione
1047 2307 1330 2376 percussit.
1395 2307 1532 2362 Hinc
1584 2321 1817 2378 namque
1845 2307 2024 2362 divina
2076 2321 2211 2362 voce

644 2393 871 2449 dicitur:
899 2394 1426 2466 Honoriﬁcastiﬁlios
1454 2407 1571 2453 tuos
1591 2398 1710 2468 plus
1729 2411 1885 2470 quam
1909 2415 1990 2453 me
2006 2398 2058 2468 (Ι
2080 2397 2208 2468 Reg.

640 2499 714 2546 ll,
754 2482 866 2552 29).
918 2482 1053 2538 Nam
1094 2485 1148 2539 in
1195 2500 1351 2541 sacra
1385 2485 1618 2542 Historia
1644 2487 1861 2558 legitur,
1906 2489 2049 2557 quod
2094 2487 2210 2542 Heli

646 2572 786 2628 ﬁlios
812 2588 939 2628 suos
977 2575 1157 2630 verbis
1189 2576 1408 2644 quidem
1452 2578 1737 2646 corripuit,
1774 2580 1875 2647 sed
1921 2579 2208 2634 severitate

635 2662 978 2719 discretionis
1006 2673 1065 2718 ut
1096 2664 1284 2720 debuit
1320 2681 1427 2722 non
1458 2669 1714 2724 correxit.
1764 2669 1918 2725 Unde
1963 2670 2065 2738 ipsi
2111 2669 2205 2723 lilii

637 2755 720 2808 sui
753 2755 807 2808 in
835 2755 974 2811 bello
1002 2759 1165 2813 occisi
1209 2768 1354 2823 sunt.
1403 2769 1458 2815 et
1509 2776 1636 2816 area
1683 2763 1775 2817 Dei
1826 2771 1981 2833 capta
2003 2772 2106 2825 est,
2155 2773 2209 2817 et

639 2844 874 2899 maxima
897 2848 1070 2903 caedes
1104 2849 1156 2902 in
1186 2849 1382 2918 populo
1410 2849 1552 2906 facta
1590 2861 1696 2916 est,
1736 2863 1792 2908 et
1834 2854 1948 2923 ipse
1992 2853 2107 2909 Heli
2139 2856 2206 2908 de

637 2934 766 2990 sella
794 2936 1009 3001 cecidit,
1045 2946 1100 2992 et
1149 2937 1336 2993 fractis
1382 2942 1684 2997 cervicibus
1738 2959 1862 2998 cum
1916 2944 2202 2998 sacerdotii

635 3023 935 3093 principatu
984 3025 1147 3082 etiam
1185 3027 1350 3082 vitam
1395 3029 1650 3099 perdidit.
1694 3051 1712 3083 ι
1747 3031 1813 3085 Et
1858 3033 2050 3087 beatus
2085 3035 2198 3086 Au—

635 3113 884 3182 gustinus
934 3117 986 3168 in
1033 3116 1260 3185 epistola
1311 3119 1378 3172 ad
1406 3118 1775 3176 Macedonium
1825 3122 1996 3191 (epist.
2057 3122 2196 3193 54):

639 3224 657 3254 ‹
695 3202 810 3259 Non
839 3205 1103 3262 inutiliter
1141 3217 1286 3262 metu
1311 3208 1486 3279 legum
1530 3211 1765 3266 humana
1793 3221 2077 3266 coercetur
2101 3227 2198 3266 au-

634 3296 808 3360 dacia,
838 3305 897 3350 ut
932 3306 988 3352 et
1025 3307 1142 3355 tuta
1178 3298 1251 3354 sit
1279 3299 1424 3354 inter
1465 3301 1740 3372 improbos
1769 3302 2097 3369 innocentia,
2144 3312 2202 3359 et

629 3388 685 3441 in
717 3388 849 3458 ipsis
874 3389 1152 3459 improbis,
1185 3391 1311 3446 dum
1357 3392 1646 3450 formidato
1669 3395 1930 3466 supplicio
1955 3396 2202 3452 frenatur

626 3475 878 3543 facultas,
909 3480 1157 3536 invocato
1186 3482 1296 3538 Deo
1325 3494 1548 3538 sanetur
1567 3485 1838 3542 voluntas.
1868 3507 1888 3541 ο
1921 3487 2095 3545 Sicuti
2117 3474 2202 3547 est

627 3571 770 3624 enim
801 3571 1089 3640 aliquando
1122 3573 1494 3628 misericordia
1541 3577 1790 3644 puniens,
1823 3578 1897 3632 ita
1927 3588 1982 3634 et
2008 3579 2200 3634 crude-

629 3659 756 3713 litas
779 3673 1029 3728 parcens.
1067 3661 1205 3715 Nam
1231 3662 1278 3718 si
1309 3662 1466 3717 aliter
1509 3679 1616 3719 non
1653 3668 1852 3721 meruit
1879 3668 2081 3737 habere
2104 3683 2200 3738 pa-

634 3767 753 3807 cem
779 3751 972 3807 domus
994 3753 1180 3816 David,
1213 3755 1319 3810 nisi
1359 3755 1593 3811 Absalon
1629 3757 1771 3812 ﬁlius
1798 3759 1914 3830 ejus
1951 3760 2004 3814 in
2032 3760 2195 3827 bello,

631 3842 775 3909 quod
819 3850 1007 3898 contra
1063 3853 1272 3916 patrem
1324 3848 1565 3916 gerebat,
1622 3847 1811 3904 fuisset
1861 3850 2195 3917 exstinctus,

627 3932 876 4001 quamvis
896 3948 1090 4004 magna
1113 3949 1243 3990 cura
1270 3937 1609 3992 mandaverit
1633 3939 1766 4004 suis,
1798 3948 1858 3994 ut
1883 3955 2006 3995 eum
2032 3957 2200 4010 quan-

628 4033 741 4078 tum
789 4033 1009 4094 possent
1042 4025 1220 4080 vivum
1269 4027 1585 4099 salvumque
1629 4039 1934 4096 servarent,
1969 4042 2026 4086 et
2052 4041 2198 4088 esset

629 4114 715 4168 cui
743 4115 1025 4183 pteniteuti
1055 4125 1312 4186 paternus
1354 4119 1577 4175 allectus
1617 4123 1943 4191 ignosceret,
1990 4124 2117 4192 quid
2144 4124 2195 4179 ei

633 4205 835 4260 restitit
859 4207 962 4262 nisi
986 4209 1257 4276 perditum
1279 4209 1427 4275 llere,
1459 4220 1515 4266 et
1538 4213 1619 4266 sui
1642 4228 1776 4282 pace
1822 4216 1972 4282 regni
2009 4217 2194 4286 acqui-

625 4297 729 4352 sita
770 4313 922 4353 suam
969 4300 1287 4355 mmstitiam
1315 4303 1626 4358 consolari?
1672 4304 1826 4372 Quod
1871 4307 1917 4362 si
1961 4307 2230 4378 propriis~

1469 292 1799 348 HINCMARI
1837 287 2052 344 RHEM.
2092 283 2408 340 ARCIIIEP.
2446 282 2810 347 OPUSCULA
2848 289 3076 346 VARIA.

2229 3072 2274 3134 C

2251 403 2300 460 A
2331 389 2432 464 tat,
2483 401 2704 461 docens,
2733 414 2792 459 ut
2819 405 2874 460 in
2925 405 3053 460 boni
3114 404 3337 460 rectoris
3380 412 3582 474 pectore
3599 405 3660 461 sit
3693 409 3806 479 virga

2327 492 2712 560 districtionis,
2778 496 2850 552 sit
2910 506 2967 552 et
3003 511 3196 551 manna
3259 496 3589 552 dulcedinis:
3640 499 3700 553 sit
3745 503 3807 556 di-

2325 585 2533 640 strictio
2597 588 2760 658 virgae
2812 603 2933 657 quae
2991 586 3191 653 feriat,
3233 588 3308 642 sit
3341 596 3396 641 et
3440 589 3702 644 consolatio
3741 592 3810 645 ba-

2325 677 2431 732 culi
2497 694 2616 748 qute
2674 679 2966 746 sustentet;
3039 681 3110 734 sit
3164 669 3372 746 amor,‘
3402 681 3493 736 sed
3545 698 3640 737 non
3681 686 3810 739 emol-

2325 769 2492 836 liens;
2534 772 2605 826 sit
2625 772 2796 842 vigor,
2827 773 2923 827 sed
2951 787 3058 827 non
3082 787 3444 843 exasperans;
3487 772 3554 827 sit
3575 773 3720 839 zelus,
3743 779 3812 829 sed

2323 874 2430 914 non
2461 860 3103 927 immoderatevsaeviens;
3147 861 3220 916 sit
3262 861 3452 930 pietas,
3491 861 3579 915 sed
3603 876 3694 916 non
3722 863 3812 931 plus

2322 964 2483 1017 quam
2559 950 2812 1018 expediat
2881 965 3128 1019 parcens.
3191 951 3274 1005 Ad
3341 950 3623 1020 exemplum
3687 950 3814 1022 Moysi

2324 1037 2526 1108 (Exod.
2549 1039 2746 1108 xxx"),
2776 1047 2834 1092 et
2855 1047 2999 1093 amet
3025 1039 3131 1109 pie,
3161 1048 3216 1094 et
3241 1039 3426 1094 saeviat
3449 1039 3684 1095 districts.
3711 1039 3811 1093 Nam

2319 1143 2443 1182 cum
2471 1127 2801 1184 lsraeliticus
2821 1127 3049 1198 populus
3074 1137 3200 1184 ante
3238 1129 3334 1184 Dei
3360 1129 3539 1183 oeulos
3563 1142 3680 1196 pene
3703 1129 3812 1182 inve-

2320 1217 2572 1273 niabilem
2598 1219 2958 1274 contraxisset
2996 1216 3279 1284 oﬂ‘ensam,
3321 1232 3419 1288 pro
3457 1217 3628 1271 eodem
3665 1217 3811 1286 populo

2318 1323 2377 1363 se
2419 1310 2685 1379 opposuit.
2738 1309 2822 1364 Ad
2877 1311 3124 1365 eumdem
3160 1323 3292 1364 vero
3340 1307 3581 1379 populum
3623 1309 3807 1370 veniens,

2317 1414 2612 1468 paucorum
2631 1399 2796 1454 vitam
2822 1399 2997 1470 gladio
3023 1400 3306 1466 exstinxit,
3337 1401 3425 1470 qui
3449 1400 3603 1453 vitam
3627 1400 3808 1454 omnium

2317 1487 2479 1542 etiam
2503 1503 2625 1543 cum
2653 1504 2749 1543 sua
2774 1498 2949 1545 morte
2969 1489 3126 1560 petiit
3155 1505 3170 1543 :
3200 1490 3337 1544 dans
3361 1490 3640 1543 rectoribus
3659 1490 3810 1543 discre-

2320 1577 2388 1631 tis
2415 1577 2740 1648 exemplum,
2772 1587 2833 1633 ut
2856 1580 3363 1650 recognoscentibus
3392 1586 3445 1632 et
3464 1593 3582 1634 vere
3607 1578 3807 1633 conﬁten-

2321 1669 2464 1725 tibus
2511 1685 2575 1725 ac
2631 1671 3016 1740 paenitentibus
3064 1679 3314 1741 parcant,
3374 1679 3430 1724 et
3481 1670 3806 1738 incorrigibiles

2244 1739 2292 1799 Β
2320 1768 2485 1830 atque
2525 1761 2580 1816 in
2609 1739 2832 1832 peccato
2858 1739 3270 1831 perseverantes
3302 1758 3571 1822 damnent,
3596 1758 3711 1813 sicut
3739 1757 3806 1813 Pe-

2319 1863 2433 1908 trus
2471 1853 2735 1908 Ananiam
2780 1861 2836 1908 et
2879 1851 3191 1922 Saphiram,
3245 1860 3302 1905 et
3348 1849 3608 1904 Simonem
3650 1847 3804 1916 Magum

2315 1945 2452 2002 (Act.
2479 1944 2556 2012 v),
2589 1942 2682 2011 qui
2708 1940 3031 2011 cruril’ragio
3079 1940 3262 2008 periit,
3311 1939 3452 1994 sicut
3491 1939 3540 1992 in
3587 1936 3805 2007 Hegesippi

2319 2031 2544 2086 historia
2570 2031 2788 2100 legitur,
2819 2039 2873 2085 et
2908 2029 3106 2084 Paulus
3128 2029 3344 2099 publice
3385 2035 3665 2098 peccantem
3688 2025 3801 2080 tradi-

2313 2123 2395 2176 dit
2425 2121 2640 2177 Satanae
2668 2122 2719 2192 (1
2747 2120 2870 2176 Cor.
2899 2123 2977 2192 v),
3004 2130 3058 2176 et
3083 2120 3352 2176 Helimam
3376 2120 3603 2175 caecitate
3636 2131 3801 2188 percus-

2313 2214 2382 2269 sit
2411 2212 2548 2285 (Act.
2575 2214 2717 2284 xm).
2783 2289 2789 2294 ⁷

2312 2325 2438 2380 CAP.
2501 2325 2737 2380 XXXIII.
2788 2323 2855 2379 In
2920 2323 3225 2394 pluralitate
3271 2320 3585 2394 peccantium
3633 2316 3800 2394 vindicta

2400 2407 2608 2466 propter
2632 2387 2985 2465 diﬂicultatém
3005 2387 3316 2463 negligenda
3362 2391 3436 2446 uel
3473 2387 3734 2458 differenda.

2382 2487 2449 2541 Et
2481 2486 2526 2541 si
2563 2485 2704 2540 forte
2733 2486 2854 2554 quis
2896 2485 3112 2549 dixerit,
3161 2490 3528 2553 competenter
3552 2478 3740 2533 vindicta
3762 2476 3798 2528 in

2311 2592 2417 2630 una
2455 2590 2685 2646 persona
2714 2575 2828 2630 ﬁeri
2870 2582 3067 2644 potest,
3096 2575 3151 2629 in
3198 2573 3506 2643 pluralitate
3544 2577 3693 2624 autem
3714 2581 3799 2635 pec-

2311 2667 2569 2730 cantium,
2615 2676 2834 2736 propter
2861 2663 3254 2728 dillicultatem,
3300 2662 3530 2716 vindicta
3568 2668 3646 2712 aut
3680 2654 3796 2724 negli-

2310 2757 2480 2828 genda
2520 2765 2614 2810 aut
2655 2754 2944 2811 differenda
2987 2769 3107 2808 esse
3153 2754 3408 2808 videtur:
3456 2746 3728 2806 contradicit
3745 2742 3798 2795 eis

2308 2856 2528 2902 sanctus
2554 2846 2897 2901 Innocentius
2928 2846 2982 2900 in
3017 2844 3262 2900 Decretis
3292 2844 3424 2906 suis,
3461 2841 3521 2895 ad
3556 2836 3796 2892 Macedones

2309 2941 2590 3010 episcopos
2636 2939 2805 3012 (epist.
2840 2939 2928 3004 Il,
2959 2955 3075 3008 cap.
3105 2937 3159 3007 6)
3190 2951 3204 2989 :
3255 2957 3275 2988 ι
3310 2935 3580 2990 Pervideat
3618 2943 3718 2998 ergo
3743 2925 3794 2976 di-

2308 3030 2466 3085 lectio
2496 3017 2696 3095 vestra',
2743 3029 3003 3084 hactenus
3033 3026 3160 3081 talia
3195 3026 3477 3088 transisse,
3525 3029 3577 3075 et
3599 3015 3793 3073 advertite

2305 3121 2450 3191 quod
2504 3121 2706 3189 utique,
2755 3129 2814 3174 ut
2862 3118 3060 3183 dicitis,
3119 3117 3420 3172 necessitas
3467 3104 3724 3181 imperavit,
3758 3105 3792 3156 in

2304 3229 2438 3286 pace
2479 3212 2592 3283 jam
2637 3213 2907 3268 Ecclesias
2949 3211 3278 3266 constitutas
3312 3226 3418 3265 non
3461 3219 3603 3277 posse
3644 3214 3788 3272 presu-

2306 3318 2456 3359 mere
2488 3323 2502 3358 :
2535 3303 2629 3358 sed
2658 3312 2717 3357 ut
2741 3315 2882 3372 saepe
2919 3300 3139 3365 accidit,
3177 3300 3392 3368 quoties
3419 3313 3448 3352 a
3487 3293 3668 3366 populis
3691 3298 3791 3343 aula

2306 3394 2464 3450 turba
2506 3400 2784 3463 peccatur,
2815 3390 2943 3462 quia
2979 3390 3034 3444 in
3074 3404 3269 3445 omnes
3317 3396 3529 3459 propter
3569 3375 3792 3438 multitudi-

2303 3498 2428 3539 nem
2464 3497 2569 3536 non
2605 3488 2784 3551 potest
2810 3479 3093 3544 vindicari,
3143 3479 3376 3534 inultum
3407 3475 3566 3531 soleat
3599 3468 3786 3526 transire.

2303 3574 2494 3629 Priora
2519 3587 2646 3644 ergo
2671 3571 2992 3628 dimittenda
3021 3571 3142 3626 dico
3171 3568 3270 3626 Dei
3310 3568 3528 3639 judicio,
3555 3571 3603 3619 et
3637 3561 3688 3614 de
3705 3556 3786 3611 reli-

2302 3679 2411 3734 quo
2438 3664 2678 3719 maxima
2723 3661 3085 3718 sollicitudine
3127 3659 3550 3731 praecavendum.
3586 3648 3786 3706 iEthine

2303 3757 2431 3810 item
2469 3755 2524 3810 in
2553 3755 2798 3810 Decretis
2827 3752 3138 3824 apostolicae
3182 3753 3332 3808 sedis
3362 3769 3375 3806 :
3409 3769 3428 3802 ‹
3471 3748 3544 3813 Si,
3581 3741 3784 3812 inquiunt.

2300 3861 2494 3902 omnes
2523 3845 2834 3901 sacerdotes
2857 3852 2913 3898 et
2956 3842 3187 3897 mundus
3224 3839 3485 3897 assentiat
3523 3826 3784 3889 damnandis.

2301 3935 2578 3994 damnatio
2619 3934 3020 3990 consentientes
3049 3931 3291 3994 involvit,
3321 3945 3425 3984 non
3465 3915 3783 4011 praevaricatio-

2301 4042 2428 4084 nem
2470 4039 2768 4081 consensus
2817 4020 3065 4077 absolvit.
3103 4018 3219 4075 Non
3261 4020 3403 4075 enim
3439 4008 3618 4072 crimen
3643 4007 3781 4063 minui-

2303 4127 2410 4182 tur,
2440 4116 2532 4171 sed
2558 4114 2840 4177 accrescit,
2862 4127 2988 4168 cum
3025 4111 3276 4182 generale
3302 4110 3361 4164 tit
3387 4123 3449 4164 ex
3484 4105 3678 4176 privato.
3704 4093 3782 4148 Hoc

2297 4210 2445 4264 enim
2471 4209 2614 4265 Deus
2633 4208 2872 4265 omnium
2895 4206 3180 4278 judicavit,
3226 4205 3320 4276 qui
3349 4201 3583 4258 mundum
3620 4202 3780 4264 peccan-

2297 4307 2408 4355 tem
2435 4299 2672 4371 generali
2695 4297 2895 4354 diluvio
2932 4296 3224 4352 interemit.
3265 4314 3286 4349 ι

625 4387 920 4442 visceribus
971 4387 1026 4442 in
1079 4390 1345 4444 servanda
1398 4407 1533 4460 pace
1591 4369 1714 4448 non‘
1756 4404 1842 4451 est
1899 4369 2190 4464 indultum,
2218 4413 2270 4473 ι)
2367 4369 2510 4446 Ecce
2565 4390 2631 4446 de
2690 4389 2886 4460 quibus
2929 4388 3283 4459 exiguitatem
3325 4397 3494 4440 meam
3545 4369 3776 4473 anhlitu“?

615 4484 824 4544 quanto
858 4477 1035 4531 minus
1059 4477 1111 4531 in
1141 4480 1418 4536 extraneis
1454 4485 1744 4540 severitate
1773 4485 1952 4557 legum
2000 4501 2190 4544 cense-

622 4579 744 4618 mus
769 4565 1133 4634 parcendum?

615 4713 745 4770 Cttr.
785 4713 1000 4771 XXXII.
1041 4718 1196 4802 Quod
1226 4723 1347 4778 boni
1375 4720 1509 4802 regis
1530 4727 1598 4802 sit
1628 4730 1871 4802 etvirga
1901 4731 2186 4788 districtio-

1043 4795 1142 4856 nis,
1167 4801 1217 4846 et
1236 4795 1760 4854 manna’dulcedinis.

687 4917 954 4979 Ceterum
983 4924 1262 4993 Dominus,
1294 4930 1385 4999 qui
1413 4942 1702 5000 peccantes
1731 4937 1820 4991 ditt
1861 4945 1920 4992 ut
1962 4954 2191 4996 conver-

609 5020 799 5069 tantur
821 5026 1123 5086 exspectat,
1164 5029 1350 5077 etnon
1393 5038 1685 5081 conversos
1710 5028 1897 5083 durius
1938 5031 2182 5095 damnat,

610 5115 665 5160 et
690 5108 776 5176 pia
805 5118 980 5164 mater
1025 5111 1286 5178 Ecclesia,
1327 5114 1483 5184 juxta
1529 5120 1673 5187 quod
1724 5121 1988 5191 scriptum
2043 5132 2174 5177 est:

621 5193 778 5266 Virga
816 5207 908 5253 tua
952 5210 1000 5255 et
1048 5202 1264 5257 baculus
1308 5213 1429 5259 tuus
1459 5207 1573 5276 ipsa
1611 5225 1690 5262 me
1741 5211 2012 5264 consolata
2063 5223 2182 5266 sunt

609 5281 784 5353 (Psal.
837 5305 982 5356 xxii,
1011 5291 1102 5362 tl),
1134 5293 1283 5364 virga
1324 5297 1574 5364 percutit,
1636 5308 1691 5354 et
1739 5299 1930 5356 baculo
1972 5311 2184 5356 susten-

2295 4480 2574 4551 sapientiaa
2595 4487 2788 4536 vestrae
2814 4477 3101 4533 consuluit.
3130 4476 3353 4532 Habetis
3375 4485 3532 4530 sacrae
3555 4463 3776 4530 Sct'illl'me

2293 4581 2350 4627 et
2374 4571 2655 4627 doctorum
2683 4569 3074 4626 catholicorum
3109 4567 3406 4624 sententias
3432 4581 3444 4618 :
3479 4556 3658 4618 haurite
3677 4559 3776 4605 nunc

2293 4679 2463 4734 aquas
2497 4664 2554 4718 in
2581 4662 2778 4734 gaudio
2805 4662 2870 4717 de
2899 4661 3140 4718 fontibus
3182 4657 3490 4720 Salvatoris,
3528 4652 3574 4708 id
3615 4653 3681 4702 est
3709 4641 3774 4693 d0-

2291 4757 2524 4811 etrinam
2570 4770 2638 4810 ex
2688 4753 2869 4809 verbis
2913 4768 3136 4818 eorum,
3185 4751 3378 4823 quibus
3417 4749 3544 4804 idem
3589 4737 3774 4794 Salvator

2294 4848 2464 4904 dicit:
2499 4846 2601 4912 Qui
2641 4847 2804 4901 credit
2829 4845 2883 4900 in
2929 4862 3034 4910 me,
3075 4845 3212 4900 sicut
3255 4844 3377 4898 dicit
3415 4839 3667 4906 .Smptura,
3697 4825 3772 4891 ﬂ"

2293 4940 2438 4993 mina
2477 4941 2540 4992 de
2580 4947 2752 4992 ventre
2775 4937 2891 5008 ejus
2917 4937 3080 5007 ﬂuent
3122 4934 3442 5006 aqumvivte.
3491 4925 3586 4980 (loc
3625 4925 3767 4972 παίδων

2293 5031 2466 5100 inquit
2517 5029 2896 5100 Evangelista,
2963 5028 3096 5082 dixit
3140 5028 3205 5080 de
3255 5025 3434 5093 spiritu
3483 5031 3619 5100 quem
3660 5017 3766 5100 af"

2290 5091 2430 5189 putri
2471 5128 2620 5174 erant
2667 5091 2930 5172 credentes
2967 5117 3025 5170 in
3066 5133 3182 5170 eum
3234 5091 3408 5186 (Joan.
3449 5123 3533 5172 vn,
3573 5091 3762 5192 δενδθξτ

2291 5212 2382 5280 qui
2409 5212 2550 5281 quod
2581 5211 2766 5265 eodem
2806 5210 2998 5280 spiritu
3041 5209 3334 5281 inspirante
3358 5204 3631 5261 hauserunt,
3664 5199 3762 5244 scrt-

2291 5302 2467 5357 bendo
2497 5304 2564 5355 ad
2604 5311 2843 5357 nostram
2883 5301 3128 5356 notitiam
3171 5301 3518 5358 manaverunt.
