4006 6338
177 351 285 408 857

195 481 1453 510 ————.———‘

1744 640 1816 718 ΙΙ

1352 346 1440 402 DE
1475 340 1811 402 CAVENDIS
1844 340 2067 408 VlTllS,
2101 311 2267 400 src.‘

3328 349 3434 403 858

1459 482 3431 511 —-——-——————_————_—_

418 837 553 964 DE
637 831 1120 964 CAVENDIS
1194 829 1529 958 VlTllS
1583 831 1714 956 ET
1795 828 2427 954 VlRTll'l‘lBllS
2510 823 3173 974 EXERCENDIS,

1251 1056 1346 1112 AD
1378 1055 1713 1112 CAROLUM
1747 1054 2031 1112 CALVUM
2082 1054 2348 1111 REGEM.
2431 1101 2434 1104 .
2519 1141 2523 1143 _

1025 1196 1031 1202 ’
1083 1210 1103 1274 (
1123 1209 1263 1273 Apud
1286 1207 1515 1259 eumdem
1538 1218 1604 1256 ex
1625 1169 1868 1258 codices.
1893 1206 2143 1260 Iicbaelis
2179 1207 2238 1258 sd
2281 1207 2478 1259 Mosam.
2500 1215 2524 1274 )

763 1468 1151 1563 palamne.

164 1621 332 1689 Quod
381 1621 582 1690 fructus
648 1617 723 1691 in_
759 1616 978 1691 lectione
1045 1636 1196 1691 sacra
1244 1622 1559 1691 qumrendns
1628 1623 1742 1674 sit:

239 1685 457 1761 proinde
475 1688 723 1761 utsancti
747 1685 984 1756 Gregorii
1003 1685 1274 1761 epistolam
1300 1707 1362 1745 ac
1389 1693 1435 1745 si
1457 1691 1527 1745 ad
1552 1692 1747 1746 sescri-

242 1759 388 1830 plant
409 1759 658 1827 suscipiat
693 1773 758 1811 ea:
784 1773 958 1834 eaque
985 1759 1244 1828 proﬁciat.

242 1872 470 1927 Domino
493 1871 707 1926 Canoso
733 1870 846 1940 regi
891 1869 1127 1940 glorioso
1156 1869 1491 1935 HINCIARUS,
1528 1872 1746 1928 nomine

158 1973 276 2020 non
313 1963 504 2017 merito
550 1961 880 2015 Rhemorum
901 1962 1202 2030 episcopus,
1235 1978 1298 2017 ac
1323 1961 1496 2031 plebis
1539 1963 1635 2017 Dei
1660 1961 1754 2015 [δέ

159 2053 368 2108 mulus.
483 2108 486 2112 ,
1761 2076 1774 2132 ι

243 2141 401 2195 Mitto
432 2139 606 2204 vobis,
638 2139 779 2193 sicut
814 2137 1077 2208 jussislis,
1107 2139 1388 2208 epistolam
1421 2139 1562 2195 beati
1612 2139 1745 2196 Gre-

157 2229 306 2302 gorii
336 2229 402 2283 ad
437 2227 808 2283 Recharedum
852 2241 1030 2298 regem
1063 2229 1515 2298 Wisigothorum,
1545 2244 1612 2284 ex
1639 2244 1744 2298 qua

156 2321 324 2376 vobis
367 2318 610 2388 quaedam
659 2317 801 2372 inter
846 2329 1040 2373 caetera
1071 2319 1205 2383 dixi,
1249 2321 1464 2389 quando
1500 2321 1745 2389 proxime

157 2411 310 2484 apud
353 2409 716 2464 Silvanectum
754 2408 822 2464 de
857 2409 1109 2478 cperibus
1137 2409 1528 2465 misericordiae
1556 2425 1738 2465 sermo

157 2517 228 2557 se
251 2501 444 2556 intulit.
473 2499 570 2555 Cui
600 2500 840 2569 epistola
873 2501 1145 2570 aliquanta
1186 2518 1252 2557 ex
1277 2503 1458 2558 verbis
1492 2504 1734 2573 ejusdem

160 2593 408 2650 doctoris
446 2592 643 2662 egregii
695 2593 1049 2661 superadditi,
1102 2593 1389 2649 attendens
1427 2597 1742 2663 promissio-

161 2698 291 2738 nem
335 2699 440 2753 qua
491 2682 730 2737 dicitur:
765 2682 918 2749 Quod
965 2686 1432 2754 supererogaveris.
1481 2702 1574 2755 ego
1615 2703 1734 2739 cum

165 2773 372 2826 rediero
407 2773 622 2827 reddam
665 2774 759 2827 tibi
805 2772 956 2845 (Luc.
984 2791 1037 2835 ι,
1073 2775 1182 2846 15).
1227 2775 1343 2829 Νοιι
1387 2777 1529 2830 enim
1571 2792 1741 2845 pauca

164 2865 300 2918 mihi
336 2865 590 2930 reddetis,
637 2879 760 2918 cum
799 2839 906 2919 non
937 2865 1107 2919 solum
1143 2839 1396 2934 erogata,
1447 2839 1636 2919 verum
1685 2875 1741 2920 et
1772 2839 1818 2898 Β

164 2963 550 3024 supererogata
593 2953 879 3026 diligenter
932 2955 1143 3025 legetis,
1209 2955 1573 3026 intelligenter
1625 2972 1744 3012 ser-

165 3042 368 3108 vando,
401 3057 466 3098 ac
510 3043 749 3111 quotidie
802 3043 971 3113 magis
1021 3058 1086 3097 ac
1128 3043 1298 3113 magis
1334 3045 1400 3098 de
1433 3045 1632 3099 virtute
1685 3045 1740 3099 in

167 3133 425 3186 virtutem
452 3131 782 3200 proﬂciendo
809 3133 1141 3188 custodietis.
1169 3131 1298 3186 Nam
1330 3144 1461 3198 sunt
1497 3135 1739 3204 quidam,

168 3225 258 3292 qui
290 3222 456 3276 multa
501 3223 568 3277 de
592 3222 784 3276 litteris
812 3223 1068 3277 divinitus
1115 3224 1388 3294 inspiratis
1414 3226 1614 3280 habere
1637 3241 1732 3280 vo-

169 3310 303 3376 lunt,
339 3326 458 3380 qua:
506 3321 599 3365 aut
645 3326 750 3366 non
806 3312 1010 3383 legunt,
1078 3323 1171 3367 aut
1205 3323 1544 3370 transeuntes
1582 3326 1730 3370 recta
1763 3353 1768 3364 .

169 3402 462 3474 negligunt,
512 3403 596 3457 vel
642 3405 712 3459 ob
764 3405 866 3458 hoc
901 3420 963 3459 ea
995 3405 1138 3460 scire
1183 3405 1388 3468 volunt,
1426 3416 1484 3460 ut
1511 3407 1738 3462 .l'avores

169 3495 236 3548 de
258 3495 382 3548 vani
415 3495 648 3551 nominis
675 3496 898 3551 scientia
929 3506 1264 3565 comparent.
1305 3497 1442 3552 Sunt
1473 3501 1616 3553 enim
1647 3503 1738 3569 qui

168 3584 334 3639 verba
362 3584 455 3638 Dei
485 3585 712 3641 libenter
759 3587 966 3657 legunt,
993 3588 1076 3643 vel
1101 3604 1230 3644 aure
1276 3590 1600 3660 percipiunt,
1635 3593 1734 3646 sed

167 3687 350 3732 mente
377 3692 482 3730 non
507 3678 740 3732 retinent
771 3696 784 3731 :
810 3688 867 3732 et
893 3680 1120 3749 quisque
1148 3681 1401 3736 alimenta
1443 3698 1548 3736 non
1598 3685 1734 3737 reti-

166 3775 277 3830 net,
308 3767 469 3837 hujus
519 3767 759 3839 profecto
788 3769 896 3822 vita
925 3770 1240 3838 desperatur
1268 3771 1349 3840 (S.
1396 3771 1556 3843 Greg.
1597 3775 1738 3828 hom.

172 3857 293 3928 15).
318 3877 339 3911 ι
360 3857 524 3930 Cibus
551 3859 692 3914 enim
723 3861 918 3915 mentis
941 3870 1025 3916 est
1049 3877 1226 3917 sermo
1253 3863 1368 3924 Dei.
1387 3873 1441 3918 et
1465 3864 1618 3934 quasi
1648 3880 1742 3920 ac-

162 3960 357 4020 ceptus
390 3951 543 4006 cibus
570 3952 850 4012 stomacho
879 3951 1163 4023 languente
1215 3953 1476 4022 rejicitur,
1522 3958 1740 4024 quando

163 4041 385 4096 auditus
429 4055 606 4095 sermo
630 4040 679 4094 in
715 4051 902 4096 ventre
927 4043 1201 4104 memoria:
1229 4059 1334 4097 non
1369 4053 1599 4098 tenetur.
1635 4064 1653 4096 ι
1676 4046 1742 4100 Et

163 4129 230 4183 de
284 4127 470 4182 talium
503 4129 752 4184 cordibus
794 4131 946 4200 juxta
989 4132 1350 4201 evangelicam
1399 4132 1734 4202 parabolam,

163 4217 298 4273 tollit
326 4217 564 4272 diabolus
587 4219 813 4284 verbum,
844 4237 906 4273 ne
953 4222 1215 4275 credentes
1241 4221 1373 4276 salvi
1421 4222 1558 4290 ﬁant
1581 4222 1742 4290 (Luc.

163 4325 284 4372 vin,
318 4308 430 4378 12).
477 4307 544 4361 Et
589 4321 714 4363 sunt
758 4311 848 4378 qui
884 4310 957 4364 ita
989 4311 1228 4365 divinum
1258 4312 1482 4366 verbum
1512 4313 1738 4368 audiunt

163 4401 250 4454 vel
272 4401 478 4470 legunt,
499 4407 583 4455 .ut
605 4415 670 4454 ex
697 4415 760 4454 eo
789 4410 976 4456 contra
994 4400 1183 4472 culpas
1205 4411 1657 4474 compungantur,
1681 4413 1738 4459 et

162 4503 345 4547 tamen
384 4503 506 4560 post
537 4490 716 4546 ﬂetum
743 4493 809 4547 ad
838 4493 1023 4562 culpas
1053 4495 1296 4559 redeunt,
1325 4504 1382 4550 et
1407 4497 1735 4552 obliviscun-

164 4593 254 4638 tur
282 4583 424 4652 quod
461 4583 798 4652 plauserant,
843 4599 964 4638 cum
1011 4586 1354 4657 exstinguere
1386 4587 1574 4642 nolunt
1599 4588 1733 4642 vitia

163 4675 362 4744 quibus
385 4677 592 4730 ardent.
620 4675 689 4729 Et
715 4685 840 4731 sunt
861 4677 1121 4742 nonnulli,
1158 4679 1249 4748 qui
1279 4667 1468 4734 audito
1486 4679 1568 4733 vel
1597 4679 1737 4736 lecto

163 4768 336 4821 verbo
359 4765 451 4821 Dei
479 4777 702 4822 econtra
740 4784 799 4824 se
827 4769 1061 4838 erigunt,
1091 4777 1147 4824 et
1187 4778 1374 4825 contra
1415 4779 1637 4840 peccata
1675 4786 1740 4827 ac

164 4857 300 4911 vitia
326 4866 630 4927 perpetrata
653 4858 1026 4914 ardentissime
1047 4868 1458 4914 commoventur
1485 4877 1500 4911 :
1534 4859 1627 4914 sed
1651 4874 1742 4914 sa-

167 4947 357 5004 lubres
395 4947 496 5002 illa:
523 4949 912 5004 commotiones
939 4949 1394 5005 sollicitudinibus
1412 4958 1467 5003 et
1485 4949 1732 5019 volupta-

169 5041 317 5094 tibus
336 5047 392 5094 et
413 5037 613 5094 divitiis
633 5038 980 5105 suﬂ'ocantur,
1005 5055 1127 5095 cum
1171 5040 1490 5109 importunis
1534 5041 1734 5111 cogita-

170 5129 409 5184 tionibus
455 5129 569 5184 suis
596 5136 780 5200 guttur
825 5130 1020 5184 mentis
1070 5129 1426 5201 strangulant,
1460 5140 1514 5184 et
1541 5132 1739 5187 bonum

170 5219 519 5284 desiderium,
558 5230 652 5275 aut
696 5220 766 5275 ad
806 5235 902 5276 cor
935 5220 1142 5276 intrare
1182 5237 1286 5276 non
1317 5222 1524 5288 sinunt,
1551 5232 1646 5278 aut
1674 5225 1741 5278 dc

172 5313 336 5366 mrde
387 5311 650 5380 repellunt
697 5327 762 5367 ea
809 5328 928 5382 quae
967 5312 1166 5367 bonum
1217 5313 1546 5368 desiderium
1584 5314 1736 5383 quasi

169 5401 379 5456 aditum
405 5400 563 5456 ﬂatus
587 5402 767 5457 vitalis
789 5411 1004 5457 necant.
1042 5401 1248 5468 Quibus
1275 5403 1533 5458 Dominus
1563 5405 1694 5459 dicit
1723 5420 1738 5459 :

1765 4182 1811 4245 C

1768 1501 1902 1561 Aet
1952 1501 2138 1556 audire
2189 1502 2353 1557 verba
2413 1501 2531 1570 ejus
2577 1517 2684 1558 non
2731 1513 2908 1574 potest
2947 1507 3192 1578 quisquis
3222 1524 3286 1562 ex
3330 1508 3427 1564 illo

1848 1608 1954 1648 non
1981 1600 2084 1656 est,
2112 1592 2406 1662 interroget
2450 1607 2509 1648 se
2552 1595 2922 1665 unusquisque
2966 1596 3010 1651 si
3056 1599 3219 1652 verba
3250 1599 3342 1653 Dei
3371 1601 3424 1653 in

1848 1698 1978 1737 aure
2012 1683 2188 1738 cordis
2214 1683 2460 1752 percipit,
2491 1693 2546 1738 et
2566 1685 2826 1756 intelliget
2853 1687 2991 1740 unde
3017 1687 3108 1740 sit.
3131 1687 3418 1744 Caelestem

1847 1773 2079 1842 patriam
2108 1773 2318 1828 Veritas
2349 1775 2655 1830 desiderare
2694 1775 2882 1844 jubet,
2933 1777 3116 1831 carnis
3157 1779 3426 1834 desideria

1845 1864 2283 1927 oonteri,mundi
2313 1863 2535 1934 gloriam
2569 1865 2860 1930 declinare,
2886 1866 3058 1920 aliena
3087 1881 3191 1921 non
3219 1866 3420 1936 appeti,

1845 1954 2063 2024 propria
2107 1954 2310 2022 largiri.
2371 1953 2569 2009 Penset
2625 1971 2752 2026 ergo
2799 1959 2941 2026 apud
2970 1961 3427 2028 seunusquisque

1845 2053 2109 2109 vestrum,
2131 2045 2176 2098 si
2207 2045 2320 2098 haac
2345 2059 2449 2098 vos
2496 2045 2588 2100 Dei
2617 2046 2670 2099 in
2712 2047 2892 2102 cordis
2919 2048 3037 2117 ejus
3070 2063 3423 2105 aure'conva-

1845 2133 1966 2198 luit,
2007 2142 2063 2188 et
2099 2134 2224 2203 quia
2263 2134 2377 2204 jam
2419 2149 2482 2189 ex
2515 2136 2625 2190 Deo
2667 2137 2738 2190 sit
2787 2139 3050 2208 agnoscit.
3109 2139 3243 2193 Nam
3296 2148 3423 2195 sunt

1844 2226 2080 2280 nonnulli
2115 2225 2207 2295 qui
2231 2236 2496 2296 pnecepta
2543 2226 2636 2281 Dei
2677 2242 2776 2282 nec
2817 2233 2949 2284 aure
2973 2231 3215 2299 corporis
3249 2231 3425 2298 perci—

1843 2333 1975 2389 pere
2028 2319 2339 2389 dignantur.
2380 2327 2434 2373 et
2479 2329 2606 2374 sunt
2650 2321 2892 2374 nonnulli
2921 2321 3013 2391 qui
3059 2323 3172 2377 haec
3203 2323 3421 2390 quidem

1845 2411 2092 2480 corporis
2121 2426 2252 2464 aure
2281 2411 2608 2481 percipiunt,
2645 2413 2738 2466 sed
2782 2412 2927 2466 nullo
2953 2429 3016 2466 ea
3052 2414 3248 2467 mentis
3278 2415 3420 2468 desi-

1846 2501 1995 2555 derio
2017 2501 2484 2568 complectuntur:
2515 2511 2570 2555 et
2597 2510 2723 2556 sunt
2769 2503 3032 2567 nonnulli,
3059 2504 3150 2571 qui
3192 2503 3425 2557 libenter

1844 2595 2006 2648 verba
2032 2593 2122 2646 Dei
2158 2593 2475 2663 suscipiunt,
2516 2593 2676 2647 ita'ut
2700 2595 2811 2664 jam
2841 2595 2894 2648 in
2927 2593 3142 2649 ﬂetibus
3169 2610 3424 2664 compun-

1846 2683 2084 2754 gantur',
2114 2685 2207 2738 sed
2231 2677 2730 2754 post'lacrymarum
2787 2694 2998 2754 tempus
3035 2685 3101 2739 ad
3154 2685 3416 2753 iniquita-

1848 2783 1955 2827 tem
2004 2775 2249 2829 redeunt.
2283 2775 2347 2829 Hi
2375 2777 2615 2845 profecto
2657 2777 2818 2830 verba
2863 2776 2956 2830 Dei
3012 2791 3115 2829 non
3169 2776 3416 2841 audiunt,

1845 2864 1969 2932 quia
2000 2865 2115 2918 haec
2139 2879 2394 2919 exercere
2421 2865 2474 2918 in
2501 2879 2664 2933 opere
2694 2873 3068 2928 contemnunt,
3096 2874 3152 2918 et
3178 2880 3421 2918 amorem

1845 2953 2025 3008 surculi
2058 2953 2226 3007 amori
2261 2953 2354 3007 Dei
2379 2963 2714 3024 praeponunt.
2778 2973 2796 3006 ι
2833 2953 3037 3021 Quibus
3065 2954 3192 3008 item
3233 2954 3414 3008 Domi-

1843 3060 1946 3098 nus
1971 3043 2140 3099 dicit:
2179 3041 2267 3098 Vte
2304 3045 2446 3098 vobis
2491 3039 2756 3109 divitibus,
2804 3047 2892 3114 qui
2935 3044 3133 3098 habetis
3175 3043 3424 3097 consola—

1843 3135 2034 3188 tionem
2061 3143 2279 3188 vestram
2305 3133 2457 3204 (ιω).
2488 3150 2564 3196 νι,
2593 3133 2708 3203 24).
2743 3133 2960 3204 (Moral.
2989 3132 3081 3187 lib.
3119 3149 3172 3195 x,
3224 3147 3273 3187 c.
3304 3132 3424 3200 30.)

1849 3245 1867 3278 ι
1905 3225 2006 3292 Qui
2032 3227 2132 3279 hoc
2159 3225 2277 3280 loco
2307 3227 2590 3292 signantur
2624 3227 2839 3280 nomine
2886 3226 3135 3290 divitum,
3161 3225 3262 3279 nisi
3314 3227 3417 3279 im-

1841 3316 2105 3371 moderati
2153 3325 2428 3370 amatores
2472 3316 2806 3380 divitiarum,
2845 3317 2934 3386 qui
2983 3317 3195 3370 venturi
3225 3317 3424 3385 judicis

1840 3411 2144 3475 respectum
2174 3419 2280 3458 non
2316 3405 2542 3470 habent,
2593 3408 2717 3460 dum
2755 3406 3000 3474 superbis
3023 3405 3161 3474 apud
3190 3419 3248 3459 se
3276 3404 3423 3473 cogi-

1842 3493 2134 3549 tationibus
2185 3496 2425 3549 tument?
2450 3496 2584 3550 Nam
2608 3505 2734 3551 sunt
2766 3497 3024 3560 nonnrlli,
3050 3511 3184 3565 quos
3217 3510 3418 3550 census

1839 3601 1938 3656 per
1967 3595 2231 3640 tumorem
2287 3603 2396 3642 non
2443 3588 2639 3651 elevat,
2686 3589 2780 3644 sed
2832 3587 3230 3643 misericordize'
3255 3601 3422 3656 opera

1839 3677 2100 3731 exaltant.
2130 3677 2197 3731 Et
2225 3688 2350 3732 sunt
2388 3679 2655 3744 nonnulli,
2683 3679 2774 3750 qui
2802 3680 2928 3734 dum
2954 3678 3188 3733 terrenis
3218 3693 3277 3733 se
3305 3679 3422 3748 opi-

1839 3769 1942 3822 bus
1968 3767 2244 3822 abundare
2294 3769 2653 3838 eonspiciunt,
2711 3785 2868 3824 veras
2920 3770 3012 3824 Dei
3051 3770 3268 3823 divitias
3311 3785 3417 3822 non

1842 3860 2144 3930 requirunt,
2223 3869 2385 3929 atque
2439 3872 2698 3917 aaternam
2767 3864 2996 3932 patriam
3045 3877 3150 3916 non
3211 3870 3417 3926 ainant,

1841 3953 1965 4020 quia
1994 3951 2096 4005 hoc
2119 3950 2218 4004 sibi
2247 3950 2510 4016 suﬂicere,
2542 3951 2683 4019 quod
2714 3951 2876 4005 rebus
2909 3951 3294 4019 temporalibus
3322 3951 3422 4004 l'ul-

1841 4042 2077 4104 ciuntur,
2111 4048 2319 4110 putant.
2360 4061 2380 4092 ι
2407 4041 2484 4096 De
2510 4041 2705 4111 quibus
2735 4041 2865 4094 dicit
2892 4039 3170 4110 Scriptura
3192 4057 3204 4093 :
3226 4039 3417 4094 Omnes

1841 4133 1930 4203 qui
1951 4132 2177 4202 diligunt
2220 4149 2438 4188 munera
2480 4143 2768 4204 sequuntur
2808 4133 3172 4187 retributiones
3201 4131 3336 4200 (lsa.
3377 4148 3414 4191 I,

1841 4222 1956 4290 23),
1978 4232 2028 4276 et
2056 4223 2189 4292 ignis
2211 4222 2474 4276 devorabit
2497 4221 2835 4276 tabernacula
2860 4239 3063 4288 eorum,
3087 4223 3176 4293 qui
3197 4206 3417 4276 munera

1839 4315 2057 4372 libenter
2093 4316 2354 4384 accipiunt
2384 4315 2516 4390 (Job.
2537 4331 2624 4379 xv,
2663 4314 2774 4386 54).
2815 4313 3024 4386 (Greg.,
3057 4314 3209 4384 ibid.)
3245 4333 3263 4364 ‹
3300 4312 3421 4367 Non

1837 4416 2078 4477 estergo
2130 4420 2326 4461 census
2379 4407 2431 4460 in
2475 4407 2720 4470 crimine,
2771 4407 2864 4462 sed
2911 4406 3154 4461 aﬂ‘ectus.
3207 4404 3416 4460 Cuncta

1838 4497 1980 4552 enim
2003 4512 2120 4566 quae
2136 4497 2277 4551 Deus
2301 4497 2541 4552 condidit
2560 4499 2696 4551 bona
2720 4505 2865 4562 sunt,
2897 4504 2951 4551 et
2981 4497 3070 4566 qui
3096 4496 3252 4551 bonis
3276 4495 3420 4552 male

1838 4590 2007 4642 utitur
2037 4588 2279 4660 profecto
2301 4588 2432 4657 agit,
2485 4597 2544 4642 ut
2574 4589 2728 4658 quasi
2772 4603 2870 4658 per
2907 4587 3190 4642 edacitatis
3238 4586 3418 4657 inglu-

1839 4679 2003 4744 viem,
2028 4694 2094 4732 eo
2136 4694 2234 4749 per
2264 4693 2422 4747 quem
2447 4679 2631 4733 vivere
2657 4677 2830 4747 potuit
2855 4677 2924 4732 de
2970 4691 3106 4746 pane
3129 4675 3417 4730 morialur.

1838 4767 2049 4837 Pauper
2067 4767 2135 4822 ad
2158 4768 2400 4836 requiem
2423 4767 2661 4822 Lazarus
2688 4776 2928 4831 venerat,
2957 4767 3248 4836 superbum
3285 4779 3415 4819 vero

1841 4858 2060 4912 divitem
2113 4866 2382 4912 tormenta
2449 4857 2783 4913 cruciabam.
2853 4855 2959 4910 Sed
3025 4865 3203 4909 tamen
3263 4855 3414 4908 dives

1838 4945 2113 5000 Abraham
2145 4945 2345 5011 fuerat,
2380 4947 2471 5017 qui
2502 4948 2554 5001 in
2582 4947 2703 5001 sinu
2747 4946 3012 5000 Lazarum
3057 4945 3290 5007 tenebat,
3321 4943 3414 5012 qui

1844 5049 2021 5095 tamen
2051 5041 2257 5095 auctori
2285 5055 2382 5096 suo
2407 5041 2718 5110 colloquens
2738 5039 2869 5094 dicit
2896 5057 2910 5092 :
2945 5037 3158 5106 Loquar
3205 5035 3274 5088 ad
3303 5035 3415 5087 Do-

1840 5131 2038 5184 minum
2061 5147 2252 5196 meum,
2278 5148 2398 5184 cum
2421 5132 2520 5185 sim
2545 5130 2711 5202 pulvis
2725 5139 2771 5184 et
2797 5129 2925 5184 cinis
2949 5127 3101 5198 (Gen.
3119 5142 3272 5188 xvm,
3296 5124 3409 5194 27).

1841 5222 1980 5290 Quid
2024 5223 2206 5292 itaque
2257 5224 2361 5279 iste
2411 5223 2625 5278 divitias
2671 5236 2797 5276 suas
2851 5220 3122 5274 aastimare
3165 5224 3410 5278 noverat,

1842 5315 1932 5382 qui
2000 5316 2348 5385 semetipsum
2391 5315 2662 5384 pulverem
2710 5314 3056 5381 cineremque
3114 5309 3412 5380 pensabat?

1842 5402 1949 5458 Aut
1968 5405 2182 5472 quando
2208 5407 2350 5460 hunc
2378 5420 2466 5459 res
2487 5417 2730 5473 possessa
2772 5401 3071 5462 extolleret,
3105 5400 3195 5471 qui
3241 5399 3307 5452 de
3353 5411 3414 5453 se

174 5494 285 5558 Qui
311 5509 378 5548 ea:
402 5493 510 5546 Deo
551 5503 626 5546 est
664 5493 818 5547 verba
847 5491 944 5546 Dei
968 5493 1157 5545 audit:
1189 5501 1462 5562 propterea
1503 5509 1590 5548 vos
1637 5510 1740 5547 non
1767 5515 1819 5574 υ
1847 5510 2078 5566 quoque,
2132 5509 2319 5548 earum
2383 5493 2629 5546 videlicet
2671 5505 3004 5560 possessore,
3057 5500 3164 5564 tam
3205 5487 3411 5554 abjecta

170 5585 363 5638 maritis
384 5585 508 5653 quia
531 5600 594 5638 ea:
615 5583 723 5638 Deo
747 5601 850 5638 non
888 5584 1009 5638 estis
1037 5584 1215 5654 (Joan.
1251 5601 1370 5648 vm,
1406 5584 1518 5655 47).
1554 5585 1736 5650 (Hom.

176 5678 284 5748 l8.)
321 5696 341 5730 ι
377 5677 432 5732 Si
459 5678 603 5732 enim
626 5677 739 5748 ipse
774 5679 935 5734 verba
964 5677 1056 5734 Dei
1096 5679 1244 5734 audit
1278 5680 1369 5749 qui
1397 5695 1462 5735 ex
1493 5681 1600 5736 Deo
1633 5690 1734 5744 est,

1848 5585 2110 5641 sentiret?
2138 5584 2252 5655 (lib.
2278 5599 2333 5648 x,
2357 5600 2404 5636 ιο.
2446 5581 2558 5650 15.)
2584 5582 2845 5636 Caeterum
2875 5580 3041 5648 iniqui
3082 5579 3257 5640 modo,
3290 5592 3415 5632 cum

1849 5678 2022 5733 tristia
2052 5675 2252 5744 aliqua,
2280 5674 2361 5728 vel
2397 5675 2618 5729 adversa
2642 5671 2940 5742 patiuntur,
2971 5668 3150 5738 eﬂ‘ugii
3181 5667 3414 5723 latebras
