4006 6338
626 279 732 336 859

1426 285 1759 343 HINCMARI
1797 287 2012 345 RBEM.
2052 287 2371 347 ARCHIEP.
2412 293 2779 353 OPUSCULA
2815 296 3050 355 VARIA.

3702 319 3781 378 860

619 389 921 459 lnvenlunt,
942 391 1067 463 quia
1087 393 1157 449 ad
1176 393 1504 477 voluptatem
1524 399 1772 468 protinus
1792 400 2186 456 desideriorum
2217 413 2267 472 Α
2294 406 2643 478 quadraginta
2668 411 2839 476 annis,
2867 426 2969 465 non
2989 423 3111 465 sunt
3138 415 3314 468 attrita
3343 418 3610 477 vestimenta
3639 438 3784 500 uestra,

622 482 919 538 carnalium
934 493 1238 539 recurrunt.
1261 484 1336 539 Ne
1347 487 1489 541 enim
1504 497 1794 559 paupertas
1806 493 2035 557 cruciet,
2067 492 2198 547 divi-

621 575 714 630 tiis
728 576 966 630 animum
989 577 1291 632 demulcent
1309 596 1323 631 :
1344 595 1410 634 ne
1425 580 1707 649 despectus
1720 584 2084 652 proximorum
2101 587 2197 641 de-

621 669 845 738 primat,
866 682 987 723 sese
1011 668 1365 736 dignitatibus
1386 671 1647 727 exaltant.
1675 673 1730 728 Si
1760 674 1977 730 fastidio
2005 690 2201 746 corpus

622 756 897 820 atteritur,
927 757 1244 825 antepositis
1268 759 1552 827 epularum
1601 761 2004 818 diversitatibus
2031 765 2202 819 nutri-

623 852 735 897 tur.
769 843 826 898 Si
850 860 957 914 quo
985 846 1198 901 animus
1229 851 1499 904 maestitiae
1523 851 1753 921 impulsu
1778 852 2044 921 dejieitur,
2077 870 2204 910 mox

623 947 723 1002 per
766 934 1087 1004 interposita
1105 935 1353 1005 jocorum
1379 940 1749 997 blandimenta
1779 945 2068 999 relevatur.
2101 945 2203 1002 Tot

624 1036 753 1092 ergo
774 1023 862 1078 hic
890 1024 1095 1079 habent
1119 1026 1332 1096 effugia,
1356 1038 1487 1099 quot
1513 1032 1612 1087 sibi
1637 1044 1945 1102 praeparant
1962 1035 2200 1091 delecta-

624 1119 828 1167 menta.
857 1113 963 1168 Sed
978 1119 1297 1186 quandoque
1315 1121 1393 1173 eis
1408 1118 1661 1192 effugium
1676 1124 1835 1193 perit,
1863 1125 1990 1194 quia
2012 1141 2200 1182 eorum

627 1217 804 1267 mens,
840 1206 1054 1261 amissis
1093 1209 1363 1274 omnibus,
1393 1225 1451 1265 se
1501 1212 1838 1269 solummodo
1877 1225 1933 1270 et
1964 1215 2201 1284 iudicem

629 1294 913 1363 conspicit.
953 1295 1103 1352 Tunc
1141 1298 1389 1367 voluptas
1443 1302 1783 1358 subtrahitur
1817 1315 1874 1361 et
1914 1308 2205 1377 voluptatis

630 1384 788 1453 culpa
825 1394 1096 1452 servatur,
1123 1398 1177 1443 et
1222 1399 1445 1459 repente
1475 1392 1657 1448 miseri
1705 1396 1965 1465 periendo
1993 1398 2209 1455 discunt

630 1474 757 1541 quia
780 1474 1020 1544 peritura
1046 1484 1364 1545 tenuerunt;
1396 1482 1487 1550 qui
1513 1490 1688 1536 tamen
1717 1499 1998 1556 quousque
2019 1504 2209 1559 corpo-

629 1561 824 1618 raliter
848 1563 1034 1619 vivunt
1061 1580 1304 1635 quaerere
1337 1570 1584 1626 nocitura
1622 1589 1728 1627 non
1757 1576 2029 1632 desinunt.
2063 1597 2082 1629 ι
2141 1580 2210 1634 Et

632 1654 771 1710 tales
798 1657 850 1711 in
871 1672 1010 1713 vano
1035 1660 1307 1730 accipiunt
1326 1663 1563 1719 animam
1593 1680 1767 1732 suam,
1795 1669 1921 1725 dum
1948 1671 1997 1725 ei
2022 1686 2207 1727 curam

2298 516 2494 554 manna
2538 501 2603 555 de
2646 502 2773 555 cazlo
2816 503 2928 571 plui
2963 504 3123 568 vobis,
3159 516 3204 558 et
3246 506 3389 560 obliti
3423 513 3535 565 estis
3560 531 3629 569 me
3652 517 3787 586 (Dm.

2299 610 2453 658 xxix,
2484 594 2647 648 Mich.
2678 596 2779 664 γι).
2825 596 2893 649 Et
2936 597 3061 651 item
3105 615 3117 650 :
3163 597 3300 662 Quid
3339 602 3486 655 debui
3512 604 3635 659 ultra
3665 610 3791 676 facere

2300 685 2461 738 vineae
2483 702 2630 749 mete,
2652 696 2701 739 et
2724 702 2827 740 non
2864 686 3005 756 feci?
3032 688 3166 757 (Isa.
3193 704 3240 750 ν,
3268 689 3346 759 Δ.)
3376 692 3437 745 Ει
3461 708 3476 745 :
3507 694 3793 763 Expulerit“

2302 774 2495 844 faceret
2525 793 2669 839 uvas,
2702 777 2821 845 fecit
2852 788 3025 832 autem
3075 779 3343 834 labruscas
3386 782 3571 853 (ibid.).
3608 786 3667 841 Et
3696 788 3798 844 bene

2303 865 2354 920 fa
2367 867 2653 931 cientibus,
2679 876 2736 924 et
2764 870 2816 924 in
2844 878 2991 925 recta
3023 870 3128 927 fide
3157 882 3213 926 et
3235 871 3393 928 bonis
3411 876 3642 944 operibus
3660 894 3798 946 ρει-εει

2302 956 2623 1011 verantibus
2641 955 2786 1011 dicet
2814 959 2867 1011 in
2883 958 3091 1027 judicio
3125 977 3139 1013 :
3179 960 3409 1026 Esurivi,
3439 970 3485 1015 et
3519 964 3704 1020 dedistis
3723 969 3799 1020 nti-

2304 1046 2360 1098 hi
2408 1046 2729 1100 manducare
2760 1046 2984 1118 (Matth.
3029 1065 3155 1113 xxv,
3193 1049 3308 1122 35),
3333 1058 3387 1105 et
3425 1060 3603 1106 cetera
3628 1068 3802 1122 quase-

2307 1145 2548 1205 quuntur
2574 1137 2727 1192 vobis
2756 1140 3060 1206 notissima,
3087 1155 3256 1209 usque
3284 1141 3353 1195 ad
3388 1141 3439 1195 id
3464 1142 3593 1211 quod
3615 1143 3798 1213 dicetur;

2312 1225 2518 1291 Venite,
2548 1227 2799 1280 benedicti
2843 1223 3025 1281 Patris
3050 1229 3172 1293 mei,
3197 1229 3440 1299 percipite
3480 1246 3670 1300 regnum
3699 1234 3803 1303 quod

2306 1317 2446 1371 vobis
2473 1324 2715 1386 paratum
2762 1326 2837 1371 est
2874 1318 2939 1371 ab
2988 1319 3186 1386 origine
3233 1321 3417 1373 mundi
3453 1320 3707 1391 (ibid.,54)
3734 1335 3809 1380 :et

2308 1408 2450 1462 male
2480 1409 2782 1479 agentibus,
2814 1417 2870 1464 et
2900 1410 2954 1464 in
2981 1410 3140 1465 malis
3182 1412 3435 1480 operibus
3479 1416 3802 1483 perseveranti-

2321 1498 2424 1553 bus
2468 1514 2501 1554 e
2550 1500 2763 1555 diverso
2817 1501 2987 1556 dicit:
3020 1500 3261 1566 Esurit'i,
3293 1513 3341 1557 et
3371 1521 3470 1557 non
3502 1506 3688 1561 dedistis
3715 1510 3805 1563 milii

2310 1591 2628 1646 manducare
2654 1593 2829 1661 (ibid.,
2857 1594 2950 1666 42)
2977 1609 3146 1664 usque
3169 1595 3237 1649 ad
3268 1595 3320 1650 id
3344 1596 3483 1665 quod
3511 1596 3804 1664 diceturzlts,

2317 1680 2608 1747 maledicti,
2634 1683 2688 1736 in
2714 1683 2885 1753 ignem
2913 1695 3163 1739 wternum
3180 1726 3195 1751 ,
3232 1687 3323 1757 qui
3344 1696 3550 1756 paratus
3568 1696 3633 1741 est
3654 1689 3809 1743 diabolo

632 1748 815 1803 carnis
842 1758 1215 1819 anteponunt:
1247 1752 1389 1808 sicut
1421 1755 1575 1812 dives
1601 1760 1695 1827 qui
1724 1758 2051 1815 induebatur
2075 1779 2207 1832 pur-
2238 1772 2285 1832 Β
2311 1781 2361 1826 et
2393 1771 2589 1843 angelis
2641 1748 2753 1843 ejus
2800 1775 2981 1847 (ibid.,
3006 1776 3131 1847 41).
3290 1748 3396 1832 non
3441 1787 3521 1833 est
3561 1777 3806 1833 obliviscen-

630 1850 767 1907 pura
797 1846 853 1893 et
876 1839 1059 1911 bysso,
1091 1848 1146 1895 et
1187 1842 1510 1910 epulabatur
1536 1847 1778 1915 quotidie
1825 1849 2127 1918 splendide,
2157 1860 2214 1906 et

635 1931 847 2000 recepit
870 1931 1012 1986 bona
1051 1932 1105 1987 in
1132 1933 1240 1988 vita
1273 1950 1397 2002 sua,
1424 1936 1544 1991 sine
1570 1940 1939 1995 consolatione
1970 1942 2025 1997 in
2055 1951 2214 1999 aeter-

633 2037 705 2077 na
728 2023 875 2079 vita:
891 2022 1064 2091 Quam
1100 2028 1473 2084 transitoriam
1503 2032 1959 2099 consolationem,
1984 2050 2091 2089 non
2121 2052 2214 2092 so-

633 2110 755 2167 lum.
776 2128 876 2184 pro
904 2130 1137 2180 summo,
1153 2117 1247 2171 sed
1273 2126 1328 2172 et
1352 2133 1451 2188 pro
1472 2135 1602 2174 vero
1627 2120 1769 2175 bono
1794 2120 2095 2191 refugiebat
2120 2126 2219 2179 ha-

635 2201 767 2258 bere
793 2218 887 2257 rex
917 2213 1164 2269 sanctus;
1190 2208 1283 2276 qui
1307 2208 1447 2262 dixit
1471 2226 1484 2262 :
1521 2208 1715 2263 Renuit
1741 2211 2008 2266 consolari
2036 2214 2216 2268 anima

637 2307 753 2345 mea
781 2307 801 2347 :
831 2309 1029 2348 memor
1060 2295 1138 2364 fui
1163 2295 1281 2363 Dei,
1308 2308 1357 2351 et
1381 2298 1668 2355 delectatus
1695 2317 1811 2355 sum
1833 2300 2005 2374 (Psal.
2031 2321 2214 2371 um,

636 2380 717 2452 3).
760 2381 965 2437 Etenim
997 2385 1269 2441 adltwrere
1310 2387 1418 2443 Deo
1442 2390 1636 2461 bonum
1676 2399 1772 2457 est,
1811 2408 2005 2462 ponere
2032 2396 2088 2449 in
2110 2395 2221 2450 Do-

637 2474 782 2529 mino
813 2490 953 2544 spem
977 2492 1149 2531 meam
1180 2476 1356 2549 (Psal.
1387 2496 1559 2549 um,
1591 2482 1707 2552 28).
1764 2484 1832 2538 Et
1859 2501 1873 2540 :
1904 2483 2077 2540 Unam
2096 2489 2220 2557 petii

639 2583 673 2620 a
698 2565 946 2631 Domino,
968 2568 1106 2622 hanc
1131 2571 1419 2641 requiram,
1445 2582 1503 2626 ut
1535 2573 1820 2628 inhabitem
1846 2576 1902 2630 in
1930 2577 2084 2630 domo
2107 2578 2221 2633 Do-

637 2656 770 2709 mini
795 2657 1035 2712 omnibus
1064 2658 1246 2714 diebus
1267 2662 1387 2716 vita:
1406 2678 1535 2717 mea:
1563 2661 1736 2735 (Psal.
1762 2681 1915 2732 xxvn,
1935 2666 2026 2737 4);
2055 2668 2218 2739 quia:

639 2743 795 2802 Beati
835 2748 925 2818 qui
968 2749 1209 2805 habitant
1248 2752 1303 2806 in
1328 2753 1484 2808 domo
1521 2764 1634 2821 tua,
1660 2756 1908 2823 Domine,
1938 2760 1996 2814 in
2025 2761 2223 2816 saecula

640 2840 955 2895 sweulorum
987 2841 1283 2900 laudabunt
1310 2856 1361 2901 te
1396 2845 1566 2917 (Psal.
1598 2864 1838 2915 Lxxxnt,
1879 2850 1958 2922 5),
2013 2854 2103 2923 qui
2131 2870 2223 2909 as-

643 2932 910 2987 censiones
933 2935 993 2988 in
1027 2935 1185 2989 corde
1230 2952 1329 2990 suo
1362 2936 1750 3006 disposuerunt
1792 2941 1851 2994 in
1889 2941 2120 2997 convalle
2144 2944 2225 2997 la-

647 3039 951 3092 crgmarum
981 3023 1158 3094 (ibid.,
1187 3025 1252 3089 6,
1293 3025 1369 3098 7),
1416 3028 1468 3083 id
1515 3030 1682 3085 estin
1717 3030 1935 3097 εωοιιιο,
1973 3032 2031 3088 in
2077 3042 2222 3090 terra

2316 1865 2383 1919 da
2422 1865 2580 1919 nobis
2608 1864 2698 1920 illa
2737 1869 3086 1934 verecundia,
3119 1872 3342 1940 quando
3391 1872 3671 1941 aperientur
3703 1871 3809 1936 libri,

2316 1955 2369 2010 id
2409 1964 2492 2011 est
2531 1958 2903 2025 conscientiae,
2929 1960 2983 2014 in
3026 1969 3323 2031 conspectu
3357 1961 3659 2031 singulorum
3682 1962 3806 2016 homi-

2316 2061 2443 2100 num
2467 2055 2520 2101 et
2543 2048 2857 2118 angelorum
2881 2067 2895 2102 :
2925 2061 2980 2105 et
3009 2065 3115 2105 non
3146 2051 3489 2106 mediocriter
3510 2052 3806 2121 pertimescen-

2319 2136 2384 2191 da
2415 2143 2501 2190 est
2520 2136 2674 2192 nobis
2693 2151 2877 2206 paena,
2908 2152 3029 2206 quae
3057 2137 3203 2192 illam
3228 2147 3482 2207 sequetur
3498 2138 3805 2201 confusionem,

2318 2227 2537 2296 quando
2568 2236 2750 2283 reatus
2775 2228 3010 2283 animam
3052 2228 3435 2283 immortaliter
3462 2229 3727 2283 morientem
3754 2229 3805 2281 in-

2318 2318 2514 2382 volvet,
2547 2328 2603 2375 et
2647 2318 3020 2376 indeflcienter
3051 2320 3393 2375 deﬁcientem
3441 2334 3638 2375 carnem
3669 2319 3807 2389 gehen-

2319 2426 2388 2465 na
2413 2419 2715 2466 consumet.
2760 2412 3006 2482 Denique
3041 2415 3301 2483 quoniam
3324 2412 3552 2481 iussistis
3578 2413 3805 2481 vobispra-

2320 2502 2488 2556 fatam
2530 2502 2813 2571 epistolam
2856 2504 3019 2571 mitti,
3048 2505 3335 2560 sciendum
3360 2504 3508 2560 vobis
3531 2512 3622 2569 est,
3644 2504 3737 2573 quis
3755 2502 3806 2556 sic

2322 2590 2513 2647 divina
2543 2591 2687 2646 dicta
2722 2591 2902 2663 legere
2943 2602 3000 2649 et
3024 2593 3213 2649 audire
3261 2594 3486 2659 debetis,
3516 2607 3574 2648 ac
3606 2591 3644 2647 si
3674 2590 3724 2645 ad
3743 2603 3809 2644 vos

2322 2681 2632 2752 specialiter
2656 2682 2767 2738 sint
2797 2683 2941 2738 dicta
2966 2683 3051 2739 vel
3081 2684 3313 2753 scripta,
3346 2692 3406 2738 ut
3431 2698 3544 2754 qua:
3566 2683 3612 2736 in
3627 2681 3692 2736 eis
3707 2680 3808 2734 inve-

2324 2773 2518 2828 ueritis
2543 2773 2697 2828 vobis
2736 2773 2976 2829 cavenda
3003 2776 3268 2841 caveatis,
3299 2783 3356 2829 et
3387 2787 3503 2844 qua:
3525 2772 3694 2845 agenda
3715 2777 3805 2824 stre-

2323 2878 2432 2919 nue
2458 2862 2694 2930 faciatis,
2716 2871 2772 2918 et
2793 2878 2913 2934 qua:
2941 2864 3214 2935 sequenda
3250 2863 3560 2934 sequamini,
3582 2869 3630 2916 et
3647 2873 3736 2930 qua
3752 2871 3807 2912 er-

2325 2968 2391 3025 ga
2419 2954 2556 3010 alios
2595 2953 2940 3023 exsequenda
2975 2963 3103 3009 sunt
3140 2953 3528 3024 exsequamini.
3559 2952 3685 3006 Sicut
3711 2947 3803 3003 enim

2326 3046 2381 3101 in
2420 3045 2559 3102 libro
2589 3045 2897 3101 medicinali
2935 3047 3183 3116 corporis
3205 3046 3487 3117 passiones
3510 3052 3558 3099 et
3575 3056 3722 3097 earum
3741 3053 3800 3093 ει·

646 3112 993 3167 morientium
1014 3152 1029 3178 ,
1060 3115 1150 3170 ubi
1192 3115 1413 3172 luerunt
1447 3119 1624 3173 eidem
1662 3121 1776 3191 regi
1814 3120 2066 3193 lacrymae
2113 3140 2226 3180 sua:
2252 3126 2295 3187 C
2328 3138 2568 3193 ι-ειιίοηεε
2611 3137 2983 3221 inveniumtur,
3012 3112 3089 3191 ila
3122 3145 3178 3192 et
3205 3112 3264 3190 in
3308 3136 3500 3192 divinis
3523 3131 3710 3202 eloquiis
3728 3126 3802 3183 sai-

651 3216 817 3271 panes
846 3202 933 3258 die
958 3219 1023 3260 ac
1047 3214 1225 3270 nocte,
1254 3208 1451 3263 dicenti
1482 3226 1496 3263 :
1527 3208 1696 3265 Credo
1724 3212 1900 3267 videre
1938 3215 2072 3269 bona
2108 3214 2223 3271 Do-

648 3293 781 3347 mini
804 3295 1020 3349 interra
1062 3299 1340 3353 viventium
1366 3297 1538 3371 (Psal.
1565 3318 1715 3368 xxvi,
1742 3303 2052 3376 15).(Greg.
2082 3306 2223 3361 Imm.

644 3383 759 3454 18.)
806 3404 826 3436 ί
876 3385 947 3441 Ει
1002 3396 1128 3442 sunt
1179 3389 1271 3459 qui
1305 3390 1490 3446 audito
1518 3392 1604 3447 vel
1646 3392 1787 3449 lecto
1811 3395 1978 3449 verbo
2005 3395 2123 3462 Dei,
2166 3405 2229 3451 ut

643 3484 792 3532 terra
818 3477 980 3543 bona,
1007 3478 1243 3535 fructum
1281 3497 1381 3552 per
1401 3484 1720 3553 patientiam
1748 3486 2000 3553 reddunt,
2026 3504 2148 3544 cum
2169 3499 2226 3544 et

644 3566 790 3623 bona
842 3570 1121 3626 humiliter
1170 3582 1507 3643 operantur,
1562 3583 1619 3630 et
1665 3577 2034 3646 proximorum
2083 3579 2225 3635 mala

645 3657 1024 3725 :equanimiter
1054 3659 1309 3717 tolerant.
1362 3663 1579 3731 Quanto
1617 3666 1762 3721 enim
1804 3669 2031 3739 quisque
2066 3669 2229 3726 altius

645 3745 959 3816 profecerit,
987 3757 1140 3806 tanto
1173 3752 1227 3807 in
1264 3753 1368 3809 hoc
1396 3757 1598 3812 mundo
1630 3757 1839 3829 invenit
1871 3760 2013 3828 quod
2041 3759 2228 3815 durius

645 3844 847 3906 portet,
874 3838 1001 3908 quia
1036 3854 1160 3895 cum
1190 3855 1221 3895 a
1258 3844 1510 3912 prasenti
1554 3845 1754 3900 saeculo
1796 3847 1994 3901 mentis
2028 3855 2229 3903 nostra

652 3927 940 3985 delectatio
964 3929 1164 3995 deficit,
1184 3932 1629 4003 ejusdem‘sazculi
1653 3937 1955 3993 adversitas
1975 3939 2222 3995 crescit.»

722 4040 827 4098 Vos
857 4038 1059 4110 autem,
1086 4045 1280 4102 domne
1324 4049 1665 4117 charissime,
1692 4067 1852 4121 quem
1883 4052 2026 4109 Deus
2055 4054 2227 4109 talen-

644 4141 703 4190 to
732 4135 1035 4193 intellectus
1064 4141 1347 4209 magnifice
1373 4150 1426 4197 et
1453 4152 1706 4213 potenter
1744 4144 1961 4209 ditavit,
1995 4145 2229 4201 soler’ter

552 4216 557 4227 “
648 4228 929 4290 attendite,
955 4229 1040 4283 cui
1077 4230 1201 4284 inde
1231 4232 1497 4287 rationem
1537 4235 1669 4290 estis
1700 4236 1983 4302 reddituri,
2015 4237 2067 4291 in
2097 4253 2230 4293 con-

648 4324 836 4386 Specta
874 4318 1040 4373 totius
1071 4319 1293 4375 humani
1333 4324 1570 4393 generis,
1616 4334 1672 4380 et
1714 4328 2025 4399 angelorum
2065 4337 2230 4399 atque

649 4408 1119 4478 archangelorum,
1162 4419 1219 4464 et
1264 4414 1428 4469 nolite
1473 4416 1525 4469 in
1568 4416 1788 4471 sudario
1837 4418 2122 4489 religatum
2173 4420 2226 4474 in

648 4509 799 4553 terra
840 4499 971 4554 illud
1017 4501 1369 4567 abscondere,
1402 4505 1454 4558 id
1505 4514 1591 4560 est
1640 4506 1695 4561 i-n
1740 4508 1971 4562 terrenis
2017 4516 2223 4563 tantum

651 4589 864 4643 actibus
901 4588 1216 4658 implicare:
1247 4594 1340 4647 scd
1368 4610 1581 4649 sursum
1616 4612 1712 4652 cor
1741 4596 1808 4651 ad
1840 4597 1987 4652 illum
2025 4597 2221 4664 levate,

653 4679 748 4748 qui
798 4679 935 4735 mire
981 4695 1080 4736 nos
1108 4684 1368 4751 condidit,
1405 4688 1643 4756 gratuito
1697 4689 1942 4757 nutrivit,
1997 4692 2224 4747 rationis

655 4770 958 4826 substantia
991 4771 1044 4826 in
1073 4775 1380 4831 conditione
1419 4778 1626 4843 ditavit,
1654 4781 1828 4850 gratia
1856 4797 1969 4836 'sua
2001 4799 2099 4837 vos
2134 4798 2229 4838 vo-

653 4863 816 4927 cavit,
845 4864 1000 4920 donis
1046 4866 1159 4921 suis
1204 4883 1299 4922 vos
1340 4868 1692 4937 illuminavit,
1726 4881 1964 4943 paterna}
2008 4863 2229 4945 pictatis

655 4952 1014 5010 sollicitudine
1043 4970 1072 5008 a
1110 4956 1439 5026 ﬂagellorum
1468 4958 1749 5016 doloribus
1775 4962 1841 5015 ad
1873 4963 2067 5017 salutis
2098 4980 2230 5033 gau-

655 5044 742 5099 dia
772 5044 1157 5101 misericordiae
1201 5047 1594 5103 medicamento
1642 5052 1876 5116 reduxit,
1916 5065 2229 5123 peccantem

654 5152 763 5192 non
798 5136 1057 5203 deseruit,
1105 5138 1422 5195 muneribus
1454 5142 1636 5197 multis
1669 5153 1723 5198 et
1763 5145 1999 5214 potentia
2033 5145 2232 5213 glorifi-
2268 5188 2273 5192 .

647 5231 826 5284 .cavit.
880 5228 985 5284 Per
1025 5230 1265 5301 singulos
1304 5232 1419 5288 dies
1471 5234 1707 5290 rationes
1761 5238 2038 5292 vobiscum
2090 5240 2233 5310 agite

656 5321 725 5375 de
762 5321 846 5378 his
873 5338 994 5393 qua:
1017 5324 1304 5394 accepistis
1348 5324 1414 5380 de
1458 5341 1622 5381 manu
1659 5327 1892 5393 Domini,
1917 5337 1972 5383 ct
1995 5344 2114 5398 qum
2157 5329 2228 5383 illi

654 5422 877 5483 propter
917 5412 1006 5468 illa
1056 5415 1385 5485 rependitis,
1429 5416 1514 5469 vel
1561 5418 1885 5487 rependistis
1918 5415 2095 5488 "quia
2150 5419 2231 5473 sic

658 5503 950 5575 unicuique
974 5504 1114 5560 bona
1136 5521 1166 5560 a
1191 5521 1250 5561 se
1275 5506 1465 5561 collata
1492 5509 1855 5574 enumerabit,
1872 5510 2056 5564 dicens
2083 5527 2096 5540 ο
2129 5508 2233 5562 Ρο-

657 5593 778 5665 pule
807 5611 973 5661 meus,
1002 5595 1130 5667 quid
1155 5598 1256 5666 feci
1284 5598 1409 5664 tibi,
1429 5608 1521 5653 aut
1557 5600 1684 5671 quid
1712 5599 1957 5654 molestus
1997 5600 2076 5669 fui
2098 5599 2190 5653 tibi
2214 5600 2238 5653 ?

655 5686 908 5755 responde
952 5686 1099 5741 mihi.
1130 5685 1391 5753 Quoniam
1417 5705 1509 5761 ego
1554 5690 1710 5744 eduxi
1751 5707 1837 5745 vos
1864 5707 1953 5761 per
1979 5690 2235 5745 desertum

2329 3245 2430 3286 suae
2458 3231 2740 3300 passiones
2766 3238 2822 3286 et
2842 3220 3033 3285 earum
3056 3231 3371 3286 curationes
3395 3220 3804 3300 reperiuntur.Quia

2308 3335 2458 3375 ’νει-ο
2486 3322 2560 3376 ita
2588 3328 2649 3375 ut
2675 3320 3030 3390 praediximus
3056 3320 3240 3375 divina
3279 3320 3484 3390 eloquia
3502 3314 3705 3388 quisquis
3720 3310 3803 3365 ﬁde-

2328 3414 2396 3470 lis
2422 3413 2726 3485 intelligere
2753 3414 2972 3477 debeat,
3001 3419 3055 3467 et
3085 3411 3159 3466 ita
3190 3411 3304 3466 sint
3341 3410 3495 3475 dicta,
3520 3406 3727 3499 pominus

2331 3512 2598 3561 monstrat
2622 3505 2677 3558 in
2707 3502 3000 3573 Evangelio
3025 3502 3117 3572 qui
3146 3500 3287 3556 dixit
3320 3496 3577 3569 discipulis
3598 3493 3720 3550 suis:
3747 3485 3801 3541 Vi-

2329 3593 2489 3664 gilate
2527 3602 2576 3647 et
2607 3601 2774 3658 orate,
2805 3600 2863 3645 ut
2889 3608 2993 3646 non
3016 3589 3221 3645 intretis
3251 3576 3799 3679 immutationem-(lle?

2328 3697 2478 3748 xxvr,
2507 3681 2620 3755 41).
2652 3681 2721 3736 Ει
2746 3682 2942 3736 iterum
2971 3697 2984 3734 :
3018 3679 3172 3746 Quod
3201 3680 3321 3734 dico
3340 3678 3477 3732 vobis
3503 3668 3800 3730 omnibusdico.

2337 3771 2563 3843 Vigilate
2592 3772 2787 3844 (Marc.
2820 3788 2945 3838 xm,
2985 3771 3098 3843 57).
3136 3769 3335 3861 Vigilat
3357 3769 3493 3824 enim
3512 3762 3661 3836 (Ιιιίθά

2329 3873 2443 3920 tum
2474 3866 2587 3920 veri
2609 3864 2828 3919 luminis
2848 3863 3044 3919 mentis
3072 3859 3261 3919 oculos
3295 3868 3502 3931 apertos
3518 3862 3658 3918 tenet,
3679 3846 3801 3918 vigil“

2330 3957 2422 4026 qui
2447 3963 2626 4011 servat
2645 3952 2920 4023 operando
2958 3953 3102 4023 quod
3123 3952 3321 4017 credit,
3348 3948 3524 4020 vigilat
3542 3943 3619 4016 qui
3635 3953 3719 4031 asc
3731 3946 3799 4031 υξς

2329 4046 2478 4118 poris
2518 4054 2574 4101 et
2616 4044 2958 4115 negligentiae
3005 4043 3259 4098 tenebras
3301 4039 3545 4133 repellit,
3570 4030 3715 4133 vigilia:

2329 4139 2573 4193 fraudem
2613 4138 2667 4192 in
2694 4138 2837 4193 bono
2863 4151 3026 4207 opere
3049 4151 3155 4191 non
3177 4140 3449 4206 perpetrat
3472 4124 3655 4201 (Horat.
3674 4119 3797 4175 libat.

2331 4248 2378 4286 c.
2406 4229 2575 4302 56).“‹
2614 4228 2746 4297 Quae
2788 4228 2936 4283 fraus
2984 4228 3158 4283 tribus
3214 4227 3389 4282 modis
3444 4225 3493 4278 in
3538 4230 3671 4289 opere
3706 4212 3796 4308 δοιξο

2331 4319 2693 4376 committitur
2722 4336 2735 4373 :
2768 4320 2895 4388 quia
2920 4334 3018 4390 per
3040 4320 3203 4383 hanc,
3233 4316 3417 4389 procul
3440 4311 3600 4375 dubio,
3621 4313 3692 4361 aut
3711 4310 3798 4355 tact-

2331 4419 2391 4466 ta
2440 4410 2621 4465 cordis
2650 4409 2869 4465 immani
2898 4409 3095 4480 gratia,
3128 4417 3221 4463 aut
3272 4406 3462 4462 favoris
3489 4415 3616 4463 aura,
3653 4400 3721 4447 aut
3743 4398 3797 4480 trs

2331 4502 2582 4573 qualibet
2605 4503 2846 4557 exteribr
2885 4475 3247 4556 desideratur.
3295 4498 3410 4566 Quo
3437 4501 3603 4550 contra
3630 4491 3738 4539 recte
3755 4475 3797 4529 de

2327 4591 2477 4662 justo
2504 4607 2603 4661 per
2622 4593 2939 4663 prophetam
2956 4590 3156 4645 dicitur
3185 4603 3200 4642 :
3236 4588 3338 4655 Qui
3358 4585 3536 4640 excutit
3557 4576 3796 4632 manus"!

2335 4685 2401 4739 ab
2430 4685 2571 4740 omni
2596 4700 2829 4749 munere,
2853 4685 2935 4737 hic
2959 4684 3016 4738 in
3041 4682 3259 4737 excelsis
3278 4677 3515 4735 habitabit
3532 4671 3643 4744 (Isa.
3666 4670 3795 4719 mm.

2336 4775 2449 4847 15).
2482 4775 2618 4842 Quia
2643 4775 2788 4829 enim
2812 4789 2918 4829 non
2942 4773 3116 4828 solum
3149 4772 3303 4827 fraus
3320 4772 3371 4825 in
3401 4763 3667 4847 acceptione
3691 4761 3793 4824 βοῦν’

2336 4866 2443 4921 nia:
2463 4874 2567 4931 est,
2591 4879 2788 4918 munus
2817 4864 3002 4935 procul
3036 4863 3200 4918 dubio
3228 4875 3388 4917 unum
3410 4872 3505 4912 non
3524 4861 3610 4908 est.
3625 4846 3725 4935 Tres
3743 4851 3795 4935 νς·

2335 4971 2398 5011 ro
2429 4965 2554 5011 sunt
2595 4956 2937 5025 acceptiones
2983 4968 3287 5019 munerum,
3338 4951 3402 5005 ad
3435 4960 3553 5017 quas
3583 4954 3637 4995 ex
3669 4926 3792 5026 fraude

2335 5048 2640 5104 festinatur.
2677 5046 2870 5101 Munus
2896 5059 3131 5115 namque
3161 5060 3191 5098 a
3212 5043 3367 5099 corde
3393 5048 3469 5095 est
3493 5039 3662 5104 captata
3677 5027 3791 5115 stam

2339 5155 2370 5192 a
2400 5138 2726 5209 cogitatione
2760 5156 2774 5191 :
2815 5152 3013 5192 munus
3060 5137 3128 5191 ab
3168 5152 3261 5193 ore
3306 5142 3386 5190 est
3418 5127 3564 5202 gloria
3697 5111 3792 5218 lI-‘io’

2340 5244 2457 5284 rem
2487 5245 2503 5282 :
2528 5244 2726 5284 munus
2752 5243 2817 5283 ex
2854 5244 3014 5283 manu
3056 5236 3140 5282 est
3170 5225 3435 5297 prannium
3478 5230 3564 5289 per
3580 5209 3787 5297 dﬂm'

2341 5319 2640 5390 Sedjustus
2678 5320 2906 5389 quisque
2929 5319 2996 5373 ab
3022 5319 3168 5373 omni
3205 5327 3416 5371 munere
3449 5316 3610 5397 ηιθηιξε
3631 5291 3786 5397 “cf:

2335 5371 2480 5481 quia.
2502 5411 2556 5465 in
2588 5426 2653 5466 eo
2685 5371 2840 5480 iquod
2872 5418 3021 5465 recte
3064 5409 3192 5479 agit,
3222 5421 3317 5461 nec
3359 5404 3422 5456 ab
3465 5385 3657 5453 humano

2336 5476 2555 5557 inanem
2584 5502 2828 5573 gloriam,
2857 5515 2955 5555 nec
2986 5501 3052 5555 ab
3074 5516 3169 5555 ore
3196 5476 3782 5587 Iaudem,necanltl.8|1':
3875 5576 3881 5587 '

2336 5593 2517 5664 cipere
2546 5561 2827 5647 dationemv
2853 5591 3068 5662 quaerit.
3120 5589 3276 5644 Solus
3319 5571 3439 5691 ergo
3483 5577 3528 5691 in

2340 5656 2584 5743 fraudem
2607 5701 2712 5741 non
2741 5656 2893 5749 facit,
2920 5684 3009 5754 qui
3043 5698 3164 5739 cum
3206 5680 3267 5736 ad
3297 5674 3454 5761 studia
3484 5656 3746 5723 Ιιοηκθουοη
