4006 6338
210 321 329 379 861

1390 313 1476 371 DE
1513 308 1856 371 CAVENDIS
1899 310 2133 384 Vl'l‘llS,
2173 319 2328 379 ETC.

208 433 439 505 vigilat,
464 444 569 487 nec
594 430 662 486 ad
684 425 986 500 corporalis
1012 426 1093 484 rei
1130 426 1373 498 praemia,
1397 442 1501 483 nec
1538 426 1607 482 ad
1632 423 1808 480 laudis
1831 423 1885 485 A
1902 423 2158 493 juvenem
2188 442 2344 489 extra
2374 444 2584 506 portam
2603 478 2619 504 ,
2648 437 2705 494 in
2732 440 2980 512 sepulcro
3006 451 3186 500 autem
3212 446 3481 502 Lazarum

210 526 419 589 verba,
471 537 574 579 nec
637 521 703 576 ad
766 520 989 576 humani
1034 517 1223 588 judicii
1285 518 1514 587 gratiam
1559 515 1807 610 anhelat
1908 521 2152 610 suscitat.
2184 523 2376 583 Adhuc
2401 530 2599 601 quippe
2630 531 2683 587 in
2714 532 2875 589 domo
2915 544 3161 591 mortuus
3195 536 3345 609 jacet
3385 538 3483 610 qui

212 618 367 688 (cap.
400 616 516 685 25).
562 614 726 683 Quasi
756 610 1093 668 latrunculus
1116 618 1201 666 est
1219 611 1363 665 enim
1395 609 1664 680 appetitus
1692 608 1806 663 lau-

210 709 311 763 dis
369 707 617 762 humante
647 746 664 772 ,
722 705 814 776 qui
866 713 1017 760 recto
1069 703 1260 758 itinere
1303 701 1673 771 gradientibus
1734 715 1803 766 ex

213 798 399 853 latere
463 796 738 866 jungitur,
808 802 871 850 ut
951 809 1020 849 ex
1093 791 1320 849 occultis
1371 791 1568 846 educto
1629 789 1806 860 gladio

212 885 585 955 gradientium
666 884 778 939 vita
852 882 1169 938 trucidetur.
1249 880 1494 950 Cumque
1561 881 1807 950 proposi—

208 989 294 1034 ta:
338 978 586 1033 utilitatis
634 976 863 1034 intentio
907 976 975 1032 ad
1021 977 1199 1032 studia
1242 977 1454 1046 privata
1494 976 1803 1041 deducitur,

213 1069 501 1124 horrendo
526 1066 888 1122 modo'unum
913 1066 1167 1134 idemque
1195 1081 1331 1135 opus
1371 1066 1531 1136 culpa
1569 1065 1801 1136 peragit,

210 1158 366 1229 quod
433 1159 606 1213 virtus
669 1158 958 1213 inchoavit.
1024 1157 1180 1226 Saepe
1227 1164 1283 1212 et
1334 1157 1404 1211 ab
1456 1157 1587 1228 ipsis
1641 1172 1804 1212 exor-

211 1254 330 1308 diis
390 1250 533 1306 aliud
581 1250 840 1322 cogitatio
881 1250 1117 1320 expetit,
1159 1249 1306 1305 aliud
1354 1249 1499 1303 actio
1542 1248 1800 1303 ostendit.

211 1345 381 1414 Same
404 1344 567 1398 etiam
614 1344 776 1398 ﬁdem
805 1343 1002 1398 mentis
1052 1358 1155 1399 nec
1194 1343 1306 1412 ipsa
1354 1343 1610 1413 cogitatio
1649 1342 1803 1398 exhi-

206 1436 331 1501 bet,
364 1436 490 1505 quia
526 1434 671 1490 aliud
720 1444 846 1490 ante
882 1435 1069 1491 oculos
1114 1435 1309 1490 mentis
1334 1442 1553 1502 versat,
1605 1442 1659 1490 et
1682 1434 1804 1489 lon-

206 1542 288 1599 ge
327 1527 399 1582 ad
442 1527 589 1581 aliud
638 1542 706 1583 ex
751 1526 1050 1582 intentione
1098 1525 1338 1583 festinat.
1383 1526 1519 1582 Nam
1566 1527 1803 1597 plerum-

216 1632 337 1686 que
406 1617 653 1672 nonnulli
698 1626 911 1672 terrena
953 1618 1171 1687 prmmia
1217 1627 1493 1688 appetunt,
1545 1629 1602 1673 et
1642 1616 1802 1686 justi-

200 1708 350 1763 tiam
376 1708 692 1776 defendunt,
727 1725 892 1780 seque
930 1711 1246 1767 innocentes
1274 1712 1578 1775 aestimant,
1607 1721 1662 1767 et
1681 1725 1801 1767 esse

1908 607 2042 664 latet
2072 610 2125 664 in
2154 625 2380 682 peccato
2408 636 2422 671 :
2448 618 2561 687 jam
2593 623 2747 691 quasi
2780 632 2935 679 extra
2963 636 3174 694 portam
3201 607 3480 697 educitur,

1904 700 2062 770 cujus
2091 701 2351 772 iniquitas
2376 723 2546 778 usque
2578 711 2644 766 ad
2674 716 3057 771 verecundiam
3085 717 3316 787 publicae
3346 733 3478 788 per-

1904 792 2225 860 petrationis
2248 798 2506 865 aperitur,
2532 802 2819 871 sepultura:
2843 820 2971 859 vero
2995 820 3189 875 aggere
3212 808 3482 877 premitur
3534 792 3537 793 ν

1904 882 1996 951 qui
2025 882 2077 936 in
2108 888 2516 955 perpetratione
2544 892 2802 961 nequitia:
2831 894 2996 947 etiam
3036 910 3139 950 usu
3183 905 3478 952 consuetu-

1905 972 2044 1028 dinis
2073 986 2387 1045 gravantur.
2436 978 2543 1033 Sed
2592 982 2691 1036 bos
2731 983 2798 1036 ad
2845 984 3010 1038 vitam
3054 985 3344 1041 miseratus
3387 1002 3480 1042 su-

1904 1060 2097 1126 scitat,
2138 1064 2262 1132 quia
2303 1066 2619 1138 plerumque
2664 1071 2846 1125 divina
2875 1074 3048 1143 gratia
3078 1089 3183 1129 non
3216 1075 3388 1129 solum
3420 1076 3476 1131 in

1903 1150 2153 1217 occultis,
2181 1156 2275 1209 sed
2305 1157 2467 1212 etiam
2498 1159 2553 1213 in
2580 1161 2785 1230 apertis
2812 1162 3186 1231 iniquitatibus
3210 1175 3476 1232 mortuos,

1904 1240 2001 1294 sed
2032 1248 2086 1295 et
2110 1244 2252 1299 mole
2281 1261 2462 1315 pravae
2484 1251 2890 1305 consuetudinis
2910 1266 3157 1321 pressos,
3201 1263 3481 1324 respectus

1903 1332 1985 1385 sui
2017 1332 2222 1413 lumipe
2266 1336 2521 1393 illustrat.
2573 1339 2835 1406 Quartum
2879 1356 3008 1397 vero
3051 1351 3326 1398 mortuum
3370 1344 3479 1399 Re-

1901 1427 2153 1496 demptor
2191 1439 2400 1496 noster,
2445 1432 2730 1485 nuntiante
2769 1433 3032 1502 discipulo
3059 1435 3341 1505 agnoscit,
3380 1449 3481 1491 nec

1905 1526 2088 1574 tamen
2118 1520 2386 1575 suscitat:
2416 1523 2541 1590 quia
2570 1522 2726 1577 valde
2754 1524 2967 1579 dillicile
3004 1534 3090 1580 est
3126 1535 3188 1580 ut
3229 1526 3277 1580 is
3317 1540 3480 1594 quem

1899 1620 2024 1680 post
2068 1626 2225 1665 usum
2271 1612 2428 1667 malae
2475 1615 2884 1670 consuetudinis
2929 1617 3093 1670 etiam
3142 1616 3478 1671 adulantium

1899 1698 2097 1770 lingua:
2121 1701 2429 1771 excipiunt,
2464 1718 2493 1755 a
2540 1704 2738 1757 mentis
2774 1719 2885 1758 sum
2926 1714 3101 1760 morte
3142 1715 3473 1771 revocetur;

210 1801 547 1856 defensores
594 1778 934 1863 rectitudinis
979 1803 1289 1870 exsultant,
1337 1804 1534 1873 quibus
1577 1803 1623 1858 si
1672 1817 1796 1874 spes
1823 1778 1876 1841 Β
1904 1794 1970 1850 de
1998 1811 2104 1865 quo
2131 1806 2184 1851 et
2208 1796 2345 1852 bene
2374 1798 2574 1854 dicitur
2600 1816 2614 1853 :
2645 1797 2770 1854 Sine
2798 1810 3029 1854 mortuos
3071 1799 3289 1870 sepelire
3330 1815 3473 1853 mor-

204 1882 428 1945 ιιυὶηωὶ
464 1889 825 1957 subtrahitur,
865 1906 896 1946 a
938 1890 1256 1948 defensione
1292 1892 1543 1963 protinus
1573 1892 1799 1962 iustitia;
1903 1898 2021 1942 tuos
2049 1903 2171 1941 suos
2197 1888 2216 1957 (
2241 1887 2370 1942 Luc.
2400 1904 2488 1951 rx,
2518 1890 2653 1959 60).
2687 1890 2881 1945 Mortui
2915 1890 3058 1945 enim
3090 1898 3362 1945 mortuum
3390 1904 3479 1946 se-

203 1982 487 2038 cessatur.
519 1981 599 2037 Et.
614 1991 796 2038 tamen
826 1983 1140 2040 defensores
1168 1998 1228 2039 se
1251 1982 1479 2052 iustitia:
1508 1985 1753 2054 cogitant
1777 2024 1794 2050 ,

205 2069 433 2140 sibique
458 2086 519 2127 se
545 2079 726 2127 rectos
754 2081 1037 2137 asserunt,
1068 2074 1159 2144 qui
1193 2089 1536 2144 nequaquam
1572 2074 1799 2129 rectitu-

202 2160 398 2215 dinem
423 2160 524 2216 sed
554 2176 805 2217 nummos
830 2171 1101 2233 quaerunt.
1128 2161 1330 2217 Contra
1358 2177 1499 2232 quos
1527 2163 1667 2217 bene
1691 2177 1792 2232 per

196 2246 435 2319 Hoysen
470 2248 710 2305 dicitur:
741 2249 893 2305 Iuste
932 2250 1073 2322 quod
1111 2250 1320 2320 justum
1366 2260 1443 2306 est
1493 2252 1795 2321 exsequeris

200 2338 422 2411 (Deut.
449 2340 729 2410 "1.20).
780 2342 982 2413 injuste
1030 2343 1230 2414 quippe
1276 2343 1420 2413 quod
1456 2342 1663 2413 justum
1712 2348 1797 2399 e‘st

211 2433 558 2502 exsequitur,
615 2434 709 2504 qui
759 2435 932 2506 ipsam
978 2451 1142 2506 quam
1194 2435 1485 2505 praztendit
1525 2436 1793 2506 justitiam

205 2522 523 2577 venundari
561 2524 785 2580 minime
809 2534 1045 2581 veretur.
1073 2524 1227 2581 Iuste
1254 2539 1385 2597 ergo
1406 2525 1611 2595 justum
1639 2542 1798 2582 exse-

209 2610 313 2681 qui
341 2618 453 2677 est,
482 2612 536 2666 in
562 2613 863 2669 assertione
893 2612 1118 2683 iustitia:
1145 2615 1394 2671 eamdem
1431 2616 1602 2685 ipsam
1632 2615 1794 2686 justi-

200 2691 347 2756 tiam
383 2716 650 2770 quaerere.
685 2702 841 2773 Saepe
878 2712 1031 2759 recta
1063 2704 1272 2775 agimus
1295 2744 1313 2771 ,
1358 2714 1415 2759 et
1449 2720 1791 2776 nequaquam

202 2792 459 2864 prmia,
484 2807 826 2863 nequaquam
852 2793 1041 2850 laudes
1070 2797 1139 2849 ab
1164 2795 1477 2852 hominibus
1504 2805 1792 2867 exspecta-

203 2898 379 2939 mus:
412 2883 508 2939 sed
546 2892 726 2939 tamen
762 2900 919 2942 mens
948 2885 1001 2939 in
1041 2885 1124 2941 sui
1165 2885 1417 2942 fiduciam
1448 2895 1667 2953 erecta,
1706 2886 1793 2941 his

203 2992 239 3030 a
274 2975 474 3044 quibus
502 2975 580 3030 nil
609 2976 822 3046 expetit
844 2976 1067 3047 placere
1102 2978 1438 3043 contemnit,
1475 2992 1664 3034 eorum
1696 2975 1790 3048 ju-

202 3065 353 3120 dicia
392 3066 652 3136 despicit,
683 3082 851 3136 seque
888 3067 1029 3123 male
1067 3068 1237 3123 libera
1276 3085 1375 3139 per
1413 3071 1640 3141 abrupta
1678 3070 1791 3126 ela-

205 3156 383 3211 tionis
412 3157 587 3227 rapit,
620 3165 676 3212 et
705 3158 831 3213 inde
862 3159 963 3214 sub
998 3158 1133 3213 vitio
1162 3157 1314 3229 pejus
1342 3159 1612 3225 obruitur,
1645 3160 1790 3215 unde

202 3248 368 3317 quasi
402 3247 630 3304 devictis
667 3249 814 3304 vitiis
849 3249 1014 3304 nullis
1050 3264 1109 3304 se
1144 3250 1570 3318 appetitionibus
1603 3252 1789 3321 suhja-

204 3353 346 3393 cere
375 3337 660 3409 gloriatur.
695 3358 715 3393 ι
749 3337 904 3394 Unde
935 3338 1100 3394 etiam
1140 3340 1195 3393 in
1235 3340 1391 3395 bonis
1423 3355 1546 3409 quae
1581 3340 1793 3410 agimus

198 3447 433 3491 necesse
474 3442 558 3489 est
600 3442 660 3488 ut
700 3449 823 3488 cum
866 3448 1060 3502 magna
1104 3432 1317 3488 cautela
1361 3432 1681 3496 timeamus,
1720 3445 1791 3485 ne

201 3539 309 3595 per
333 3523 438 3579 hoc
466 3524 611 3594 quod
633 3538 664 3577 a
693 3522 848 3578 nobis
877 3531 1084 3577 rectum
1113 3522 1291 3589 agitur
1319 3519 1472 3575 favor
1498 3529 1591 3575 aut
1613 3519 1790 3588 gratia

203 3615 447 3668 h'umana
481 3613 812 3682 requiratur,
854 3626 924 3667 ne
959 3613 1229 3682 appetitus
1262 3611 1439 3666 laudis
1486 3610 1787 3680 subripiat,

212 3713 275 3759 et
301 3705 449 3773 quod
477 3703 608 3759 foris
634 3704 960 3769 ostenditur,
988 3704 1136 3758 intus
1164 3718 1195 3756 a
1226 3704 1478 3759 mercede
1505 3709 1786 3757 vacuetur.

207 3796 370 3853 Unde
405 3810 503 3865 per
536 3795 879 3860 Psalmistam
915 3809 1128 3865 quoque
1162 3795 1228 3850 de
1266 3803 1452 3849 sancta
1490 3795 1788 3849 electorum

205 3887 455 3944 Ecclesia
483 3887 683 3942 dicitur
712 3905 727 3942 :
759 3886 945 3942 Omnis
982 3886 1151 3957 gloria
1189 3886 1303 3957 ejus
1340 3885 1468 3955 ﬁlia!
1505 3900 1683 3955 regum
1723 3882 1788 3938 ab

204 3978 353 4031 intus
383 3976 402 4046 (
429 3974 559 4029 Psal
585 3992 734 4036 xuv,
769 3975 838 4029 Η
861 3976 902 4048 ).
938 3976 1040 4042 Qui
1090 3976 1235 4030 enim
1283 3984 1502 4043 accepta
1550 3973 1790 4043 qualibet

204 4068 384 4139 gratia
417 4067 571 4122 vanis
601 4067 713 4122 suis
747 4065 993 4121 laudibus
1032 4065 1261 4120 nitorem
1302 4064 1487 4135 gloriae
1521 4063 1782 4128 offerunt,

203 4156 366 4226 quasi
411 4156 590 4211 oleum
641 4157 919 4221 vendunt,
962 4156 1029 4211 de
1067 4170 1175 4224 quo
1207 4152 1451 4225 profecto
1483 4154 1604 4210 oleo
1638 4153 1789 4208 Psal-

201 4248 372 4303 mista
400 4246 573 4302 dicit:
609 4245 801 4302 Oleum
828 4247 1113 4316 peccatoris
1160 4262 1263 4299 non
1304 4246 1589 4315 impinguet
1631 4252 1789 4315 caput

202 4357 384 4394 meum
418 4337 609 4409 (Psal.
642 4356 775 4405 exn,
807 4339 922 4409 5):
969 4338 1330 4409 appellatione
1368 4346 1548 4393 autem
1588 4337 1786 4408 capitis

202 4445 268 4484 ea
314 4444 435 4498 qua:
472 4428 810 4499 principatur
848 4429 1063 4498 corpori
1109 4435 1536 4484 mensvvocatur.
1581 4428 1784 4496 Impin-

203 4526 338 4589 guat
385 4533 514 4589 ergo
553 4526 718 4588 caput
754 4517 929 4573 oleum
968 4517 1303 4588 peccatoris,
1351 4533 1474 4573 cum
1514 4517 1782 4573 demulcet

206 4618 451 4666 mentem
496 4609 652 4665 favor
695 4608 983 4664 adulantis.
1032 4608 1358 4663 Adulatores
1400 4608 1546 4662 enim
1599 4607 1779 4662 blandi

203 4710 337 4757 sunt
377 4701 616 4767 inimici,
664 4717 894 4771 quorum
944 4700 1144 4771 linguis
1189 4701 1501 4770 quicunque
1554 4700 1607 4754 in
1650 4715 1782 4771 ope-

214 4792 371 4848 ribus
403 4793 562 4848 bonis
607 4792 971 4862 decipiuntur,
1009 4791 1063 4845 in
1110 4792 1345 4845 adventu
1392 4791 1592 4860 judicis
1642 4791 1788 4845 inter

206 4886 394 4940 fatuos
420 4892 475 4939 et
500 4884 696 4939 stultos
722 4884 1197 4954 computabuntur.
1241 4891 1297 4937 et
1332 4898 1363 4936 a
1405 4883 1515 4937 Deo
1550 4882 1787 4937 retribu—

215 4977 423 5032 tionem
454 4976 720 5032 bonorum
753 4991 977 5046 operum
1017 4991 1125 5031 non
1168 4976 1473 5039 invenient,
1515 4975 1643 5047 quia
1686 4991 1785 5045 pro

208 5071 293 5125 eis
305 5071 706 5141 receperuntab
723 5070 1032 5125 hominibus
1058 5068 1244 5124 laudes
1272 5084 1409 5139 quas
1438 5068 1774 5123 ambiebant.

207 5165 279 5219 Et
310 5179 435 5219 cum
474 5165 542 5219 ab
578 5163 860 5218 adulatore
885 5203 901 5227 ,
939 5162 1063 5231 quia
1098 5178 1206 5217 non
1236 5178 1267 5216 a
1308 5162 1460 5232 justo
1484 5201 1501 5226 ,
1536 5161 1788 5215 laudatur

209 5265 467 5327 peccator
490 5256 543 5311 iu
569 5256 857 5311 desideriis
884 5254 1079 5310 animae
1108 5270 1219 5309 sua:
1262 5264 1317 5308 et
1357 5253 1579 5322 iniquus
1614 5254 1782 5308 bene-

213 5347 437 5409 dicitur,
463 5346 600 5400 alius
627 5345 790 5400 alium
806 5385 820 5407 ,
855 5344 909 5399 id
934 5354 1018 5399 est
1045 5358 1280 5412 peccans
1319 5342 1568 5398 adulator
1592 5357 1783 5410 pecca-

211 5447 385 5493 torem
433 5437 661 5499 occidit,
707 5444 764 5492 et
802 5436 929 5490 dum
974 5434 1207 5490 invicem
1246 5433 1500 5489 videlicet
1538 5434 1785 5490 adulator

211 5527 282 5583 de
310 5526 530 5585 favore.
560 5534 616 5581 et
640 5532 899 5596 peccator
926 5525 980 5580 in
1007 5539 1172 5595 prava
1203 5523 1516 5593 operatione
1534 5564 1549 5590 ,
1578 5539 1637 5580 se
1666 5524 1785 5579 lau-

207 5614 374 5679 dant,
407 5615 638 5671 invicem
669 5630 729 5670 se
756 5614 1032 5669 occidunt.
1066 5612 1301 5685 (Moral.
1338 5613 1432 5667 lib.
1463 5629 1538 5678 tv,
1572 5629 1623 5669 c.
1649 5614 1738 5669 27.
1766 5613 1784 5683 )

219 5724 242 5757 s
272 5702 411 5761 llinc
437 5712 520 5760 est
544 5702 684 5773 quod
711 5701 1035 5773 Redemptor
1056 5711 1239 5759 noster
1261 5700 1494 5772 puellam
1522 5704 1574 5757 in
1602 5703 1781 5770 domo,

1816 3120 1864 3185 C

1899 1980 2138 2051 peliunt,
2169 1996 2292 2035 cum
2325 1991 2638 2050 peccatores
2666 1991 3009 2052 peccatorem
3041 1979 3317 2036 favoribus
3340 1995 3471 2051 pre-

1898 2080 2075 2126 munt.
2122 2071 2259 2138 Quid
2307 2073 2454 2127 enim
2503 2082 2587 2128 est
2634 2072 2779 2127 aliud
2819 2072 3050 2143 sepelire
3086 2088 3251 2142 quam
3285 2070 3472 2128 occul-

1900 2164 2060 2220 tare?
2111 2164 2217 2218 Sed
2260 2164 2351 2234 qui
2399 2173 2716 2235 peccantem
2758 2164 3007 2219 laudibus
3050 2174 3471 2235 prosequuntur,

1898 2258 2224 2311 exstinctum
2271 2256 2371 2310 sub
2406 2257 2690 2312 verborum
2730 2271 2952 2311 suorum
2999 2271 3196 2327 aggere
3239 2256 3474 2310 abscon-

1902 2347 2055 2401 dunt.
2090 2347 2220 2400 Erat
2254 2356 2433 2401 tamen
2470 2355 2527 2402 et
2562 2346 2805 2401 Lazarus
2842 2355 3125 2412 mortuus,
3166 2347 3258 2401 sed
3294 2354 3474 2401 tamen

1896 2451 2004 2490 non
2035 2451 2067 2490 a
2094 2436 2321 2491 mortuis
2352 2435 2632 2507 sepultus:
2668 2435 2855 2490 ﬁdeles
2903 2436 3102 2505 quippe
3148 2434 3296 2488 illum
3348 2449 3471 2488 mu-

1896 2524 2059 2581 lieres
2089 2526 2416 2589 obrueraut,
2451 2539 2571 2593 quae
2620 2532 2677 2578 et
2723 2524 2841 2594 ejus
2881 2532 3110 2578 mortem
3152 2520 3474 2577 vivificatori

1895 2617 2234 2673 nuntiabant.
2267 2616 2422 2672 Unde
2450 2626 2505 2670 et
2531 2617 2776 2688 protinus
2807 2615 2874 2671 ad
2906 2616 3079 2671 lucem
3129 2613 3298 2679 redit,
3340 2612 3472 2683 quia

1896 2723 2020 2763 cum
2050 2709 2102 2762 in
2134 2716 2357 2779 peccato
2406 2708 2620 2763 animus
2673 2708 2923 2772 moritur,
2972 2706 3137 2760 citius
3183 2705 3253 2759 ad
3296 2703 3467 2758 vitam

1897 2800 2194 2866 reducitur,
2239 2800 2283 2855 si
2328 2816 2492 2869 super
2537 2801 2682 2857 hunc
2717 2799 2963 2855 sollicita:
2997 2795 3358 2869 cogitationes
3391 2794 3474 2849 vi-

1895 2900 2051 2947 vunt.
2090 2912 2111 2946 ι
2146 2892 2619 2949 Perniciosissima
2676 2890 2942 2962 siquidem
2992 2889 3161 2961 pestis
3209 2896 3294 2944 est
3339 2887 3475 2942 adu-

1894 2983 2058 3048 latio,
2110 2993 2166 3039 et
2213 2984 2321 3039 cito
2364 2983 2594 3053 subripit
2625 2991 2892 3047 mentem,
2926 2980 3031 3035 nisi
3072 2978 3237 3035 fuerit
3269 2978 3324 3033 in
3354 2976 3475 3047 ipso

1896 3083 2106 3131 remota
2131 3074 2302 3129 initio.
2328 3073 2736 3130 Discutiendum
2762 3072 2929 3142 igitur
2955 3071 3114 3127 nobis
3140 3078 3221 3125 est
3252 3068 3380 3140 quid
3405 3067 3474 3123 de

1896 3167 2054 3222 nobis
2080 3165 2367 3221 audiamus
2389 3206 2405 3231 ,
2437 3174 2491 3219 et
2519 3165 2751 3234 probare
2779 3162 2910 3233 quid
2939 3162 3152 3217 dicatur
3186 3176 3254 3217 ex
3292 3157 3469 3214 nobis.

1895 3256 2195 3312 Credamus
2223 3258 2351 3326 quia
2384 3254 2607 3311 stultum
2634 3262 2719 3308 est
2742 3252 2862 3322 plus
2892 3251 3013 3307 aliis
3041 3251 3108 3306 de
3128 3251 3285 3306 nobis
3307 3262 3471 3320 quam

1895 3348 2055 3402 nobis
2086 3347 2219 3416 ipsis
2246 3346 2489 3402 credere.
2523 3343 2678 3399 Unde
2703 3341 2906 3397 Paulus
2934 3342 3067 3396 dicit
3092 3359 3106 3394 :
3139 3339 3322 3395 Gloria
3349 3355 3472 3394 nos—

1894 3450 1977 3495 tra
2003 3441 2116 3494 [nec
2144 3449 2217 3493 est
2236 3479 2251 3500 ,
2295 3437 2646 3492 testimonium
2668 3433 2996 3488 conscientia:
3022 3442 3212 3486 nostra:
3240 3428 3324 3502 (ΙΙ
3345 3428 3469 3485 Cor.

1894 3548 1946 3597 ι,
2001 3530 2133 3598 12).
2188 3528 2426 3584 Gloriam
2490 3541 2640 3581 suam
2690 3523 2888 3577 Paulus
2929 3520 3293 3576 testimonium
3337 3533 3471 3574 con-

1894 3623 2139 3679 scientia:
2165 3628 2463 3682 memorat,
2499 3618 2590 3688 qui
2619 3616 2832 3671 favores
2868 3615 2979 3669 oris
2998 3612 3163 3668 alieni
3212 3626 3319 3666 non
3368 3623 3468 3680 apo

1893 3724 2108 3786 petens,
2140 3713 2263 3767 vitae
2291 3725 2401 3766 suae
2438 3710 2634 3780 gaudia
2676 3716 2835 3762 extra
2876 3705 3470 3775 semetipsum‘ponere

1895 3805 2128 3875 ignorat.
2185 3802 2253 3856 Et
2298 3800 2426 3870 quia
2476 3798 2739 3868 scriptum
2782 3804 2908 3851 est:
2942 3795 3065 3849 Dies
3094 3793 3305 3848 Domini
3332 3794 3470 3848 sicut

1892 3893 1982 3963 fur
2005 3894 2059 3946 in
2085 3900 2230 3945 nocte
2252 3891 2326 3943 ita
2352 3888 2517 3943 veniet
2547 3886 2647 3958 (11
2674 3884 2820 3940 Petr.
2849 3901 2943 3950 ιιι,
2974 3883 3041 3938 10
3062 3882 3114 3954 ),
3139 3882 3469 3953 vigilandum

1895 3982 2053 4037 nobis
2086 3989 2200 4042 est,
2236 3994 2303 4032 nc
2333 3978 2475 4033 mala
2506 3992 2629 4046 qua:
2658 3976 2817 4030 modo
2857 3974 3155 4038 faciamus,
3194 3988 3265 4028 ne
3303 3972 3473 4028 etiam

1892 4072 2033 4128 bona
2064 4077 2253 4125 nostra
2284 4068 2584 4123 indiscussa
2613 4065 2985 4120 dimittamus:
3030 4070 3085 4117 et
3126 4061 3201 4116 ita
3241 4061 3470 4132 vigilan-

1892 4171 1976 4218 tes
2025 4161 2256 4217 soliicite
2303 4174 2521 4229 semper
2568 4146 2888 4227 exspectare
2931 4154 3225 4218 debemus,
3252 4151 3472 4221 quando

1893 4253 2155 4309 Dominus
2202 4258 2390 4306 noster
2433 4248 2500 4302 ad
2542 4246 2865 4316 judicandos
2913 4259 3014 4299 nos
3058 4251 3383 4308 revertatur,
3408 4249 3472 4297 ut

1892 4360 2014 4401 cum
2054 4342 2268 4398 venerit
2310 4349 2367 4396 et
2410 4338 2706 4410 pulsaverit
2744 4334 3028 4392 confestim
3059 4326 3363 4404 aperiamus
3393 4330 3468 4386 ei.

1892 4435 1913 4507 (
1940 4435 2096 4490 Hom.
2124 4448 2245 4487 xm.
2271 4430 2290 4504 )
2320 4450 2339 4483 ι
2368 4429 2530 4487 Venit
2555 4428 2753 4499 quippe
2778 4441 2901 4482 cum
2941 4425 3006 4480 ad
3039 4422 3305 4493 judicium
3338 4436 3470 4493 pro-

1893 4535 2082 4599 perat,
2109 4524 2291 4597 pulsat
2318 4537 2448 4579 vero
2474 4537 2596 4577 cum
2619 4519 2733 4591 jam
2763 4534 2861 4590 per
2890 4516 3226 4592 aegritudinis
3266 4513 3469 4570 moles-

1893 4620 2000 4675 tias
2028 4633 2147 4674 esse
2176 4623 2407 4672 mortem
2445 4613 2680 4669 vicinam
2723 4611 3005 4683 designat:
3051 4608 3139 4667 cui
3176 4605 3464 4663 confestim

1891 4711 2187 4781 aperimus,
2244 4708 2289 4764 si
2329 4708 2475 4762 hunc
2502 4721 2625 4761 cum
2655 4719 2840 4759 amore
2865 4701 3225 4771 suscipimus;
3257 4696 3471 4769 aperire

1894 4802 2098 4858 etenim
2119 4799 2287 4868 judici
2314 4797 2549 4868 pulsanti
2576 4811 2682 4851 non
2710 4793 2822 4850 vult
2851 4794 2940 4863 qui
2970 4792 3118 4847 exire
3145 4790 3213 4844 de
3241 4800 3474 4858 corpore

1893 4890 2161 4960 trepidat,
2191 4899 2246 4944 et
2273 4888 2460 4943 videre
2484 4902 2607 4941 eum
2634 4900 2794 4955 quem
2834 4880 3221 4951 contempsisse
3255 4892 3315 4932 se
3349 4889 3473 4930 me-
3558 4957 3575 4967 ο

1886 4979 2303 5049 minitjudicem
2336 4977 2633 5033 formidat:
2663 4976 2755 5047 qui
2802 4983 2982 5029 autem
3013 4973 3079 5027 de
3130 4985 3226 5026 sua
3271 4982 3367 5041 spe
3411 4975 3470 5023 et

1885 5070 2199 5141 Operatione
2247 5082 2470 5123 securus
2515 5073 2628 5129 est,
2675 5062 2908 5135 pulsanti
2940 5059 3220 5116 confestim
3244 5056 3465 5128 aperit,

1886 5160 2010 5230 quia
2042 5158 2198 5213 laztus
2218 5144 2456 5226 ju'dicem
2495 5154 2756 5217 sustinet,
2808 5159 2864 5205 et
2910 5164 3032 5204 cum
3082 5157 3294 5216 tempus
3338 5160 3468 5216 pro-

1886 5247 2099 5319 pinquae
2142 5244 2334 5299 mortis
2382 5242 2702 5313 agnoverit,
2758 5238 2825 5292 de
2870 5237 3039 5310 gloria
3090 5234 3467 5291 retributionis

1894 5336 2195 5392 hilarescit.
2232 5354 2250 5386 ι
2284 5334 2418 5400 Quia
2468 5331 2634 5403 igitur
2680 5328 2968 5384 momentis
3014 5326 3128 5382 suis
3179 5326 3326 5380 horae
3380 5323 3466 5377 fu-

1894 5428 2073 5498 giunt,
2102 5425 2367 5496 agendum
2394 5421 2551 5477 nobis
2573 5428 2657 5474 est
2684 5427 2743 5473 ut
2769 5420 2822 5473 in
2855 5416 2979 5473 boni
3006 5415 3186 5486 operis
3216 5411 3471 5468 mercede

1895 5526 2200 5574 teneantur.
2232 5513 2387 5570 Unde
2413 5510 2669 5565 Salomon
2701 5509 2833 5564 dicit
2859 5522 2873 5561 :
2909 5506 3266 5575 Quodcunque
3296 5508 3472 5573 potest

1893 5628 2081 5669 manus
2122 5618 2215 5663 tua
2253 5607 2426 5677 facere
2456 5605 2714 5659 instanter
2743 5596 2990 5673 operare,
3021 5600 3144 5673 quia
3175 5615 3267 5653 nec
3302 5612 3473 5667 opus,

1900 5720 1991 5759 ncc
2023 5702 2156 5756 ratio
2175 5740 2192 5767 ,
2220 5715 2312 5754 nec
2345 5698 2560 5754 scientia
2584 5737 2598 5764 ,
2633 5711 2723 5751 nec
2750 5697 3005 5767 sapientia
3032 5703 3182 5751 erunt
3213 5691 3352 5763 apud
3381 5690 3476 5745 ἕως
