4006 6338
609 351 721 411 εδδ

1432 349 1767 408 HINCMARI
1805 349 2023 407 RHEM.
2055 348 2376 408 ARCHIEP.
2410 353 2776 413 OPUSCULA
2817 356 3048 414 VARIA.

3712 379 3793 437 864

609 459 752 528 [eros
769 498 788 526 ,
811 473 918 531 quo
945 468 1003 515 tu
1029 474 1276 531 properas
1307 454 1515 532 (Eccle.
1542 460 1724 527 tx,'10
1742 460 1784 533 ).
1812 460 1952 529 Quia
1978 476 2109 532 ergo
2136 469 2193 517 et
2216 468 2268 528 Α
2294 464 2420 533 quia
2447 464 2735 523 Dominum
2764 483 2874 526 non
2901 469 3150 526 honorat.
3188 471 3326 531 Hinc
3351 491 3552 550 quoque
3575 498 3658 554 per
3678 485 3795 548 Salo.

608 558 854 605 ventura:
879 551 1072 606 mortis
1097 559 1310 620 tempus
1336 551 1651 622 ignoramus
1669 592 1685 617 ,
1718 561 1775 607 et
1799 561 1922 624 post
1950 564 2182 608 mortem

424 667 435 676 '
548 695 573 713 ,Α
609 643 828 711 operari
875 658 981 698 non
1029 657 1345 713 possumus,
1395 652 1645 713 ευρειεει
1687 652 1749 699 ut
1790 655 1919 701 ante
1960 654 2191 701 mortem

562 708 581 745 ’
612 708 861 801 tempora
894 708 1099 786 indulta
1130 708 1428 801 rapiamus.
1460 708 1555 789 Sic
1583 732 1729 790 enim
1769 734 1850 790 sic
1889 749 2039 790 mors
2076 735 2193 804 ipsa

606 834 734 873 cum
761 820 972 875 venerit
1011 820 1267 886 vincitur,
1307 820 1354 876 si
1395 820 1713 892 priusquam
1752 822 1936 878 veniat
1975 838 2191 893 semper

607 910 885 965 timeatur.
916 911 984 965 Et
1005 909 1342 982 jamjamque
1367 912 1435 968 de
1460 915 1642 970 verbis
1683 914 1896 986 pradati
1936 915 2039 971 viri
2069 932 2189 972 ma-

608 1001 828 1073 gniﬁci,
865 1002 934 1057 ad
976 1005 1144 1061 verba
1186 1004 1432 1076 epistolae
1478 1007 1803 1075 scribenda,
1833 1023 1998 1080 quam
2036 1008 2192 1065 vobis

618 1090 763 1145 mitti
785 1089 1028 1161 iussistis
1044 1133 1060 1160 ,
1088 1094 1246 1150 nobis
1274 1103 1360 1150 est
1387 1097 1808 1153 transeundum.

604 1197 1039 1286 Epistolansai‘tcti
1058 1201 1296 1286 Gregorii
1316 1221 1467 1286 papa;
1490 1206 1579 1286 αις.
1594 1205 1954 1262 Reelraredum
1981 1224 2191 1286 regem,

660 1287 819 1340 quam
840 1269 1063 1333 Carolus
1087 1269 1233 1344 ad'se
1255 1269 1395 1329 mitti
1413 1275 1479 1329 ab
1503 1275 1797 1332 Hincmaro
1817 1269 2135 1348 postularit.

751 1362 1049 1435 Gregorius
1082 1364 1404 1422 Recharedo
1441 1366 1557 1437 regi
1585 1365 2046 1441 Wisigotharum.

639 1497 646 1504 .
681 1451 907 1521 Explere
927 1455 1091 1509 verbis
1108 1494 1125 1521 ,
1146 1453 1574 1510 excellentissime
1597 1455 1678 1525 ﬁli
1695 1473 1838 1521 ,,tton
1861 1457 2011 1512 valeo
2031 1474 2196 1529 quan-

605 1550 718 1594 tum
744 1552 835 1595 tuo
860 1558 1010 1613 opere
1036 1553 1131 1598 tua
1156 1546 1261 1600 vita
1284 1544 1532 1600 delector.
1554 1584 1569 1600 .
1591 1584 1607 1600 .
1626 1584 1642 1599 .
1669 1546 1789 1602 Etc.
1823 1546 1976 1602 Hanc
2004 1550 2196 1619 episto-

608 1629 717 1683 lam
749 1631 867 1686 vide
893 1633 1031 1687 inter
1060 1634 1236 1704 Opera
1265 1632 1327 1690 S.
1356 1633 1600 1708 Gregorii
1625 1636 1842 1709 Magni,
1869 1637 2192 1712 Patrologite

605 1731 733 1777 tom.
764 1720 914 1777 LXX
930 1721 1037 1778 VII
1058 1764 1078 1791 ,
1106 1724 1208 1780 col.
1241 1725 1402 1781 l052.

1118 1816 1348 1873 CAPUT
1381 1817 1675 1878 PRIMUM.

607 1902 763 1982 Quod
788 1906 1116 1982 eleemosyna
1142 1910 1215 1982 de,
1232 1910 1418 1967 alienis
1441 1914 1559 1982 ﬁeri
1584 1931 1691 1970 non
1716 1899 1922 1971 debeat.
1954 1916 2059 1982 Qui
2083 1918 2186 1973 sint

674 1978 820 2057 digni
850 1977 1053 2057 {ructas
1082 1981 1414 2057 ptenitentite,
1441 1977 1502 2057 ζει
1536 2000 1655 2055 qua:
1683 2002 1806 2040 vera
1841 1977 2099 2057 conféssio
2125 2006 2189 2042 ac

638 2119 646 2126 ‘
679 2046 834 2101 dolor
852 2046 926 2101 Vde
952 2046 1177 2118 peccatis
1201 2067 1218 2105 :
1249 2052 1376 2122 quid
1399 2046 1664 2125 abnegare
1686 2071 1762 2122 se,
1792 2068 1839 2111 et
1870 2046 2041 2112 odisse
2066 2059 2186 2112 ani-

675 2132 816 2170 mam
845 2134 1018 2172 suam.
1459 2144 1466 2153 '

636 2224 641 2231 ε
677 2207 744 2262 Et
781 2210 849 2263 de
890 2209 1281 2267 misericordia
1321 2214 1603 2284 operibus,
1638 2216 1786 2272 unde
1825 2216 1970 2273 inter
1992 2228 2187 2276 caetera

607 2295 662 2351 in
714 2298 1035 2367 praecedenti
1084 2300 1314 2370 epistola
1361 2311 1448 2358 est
1490 2304 1727 2372 locutus,
1772 2307 2006 2377 qualiter
2034 2319 2090 2364 et
2120 2325 2188 2365 ex

605 2386 803 2453 quibus
834 2388 1042 2458 agenda
1075 2389 1217 2454 sint,
1259 2406 1324 2446 ac
1352 2392 1420 2446 de
1446 2393 1531 2448 bis
1557 2410 1679 2464 quae
1710 2405 2030 2466 sequuntur,
2068 2413 2189 2467 quae

604 2474 758 2530 brevi
784 2476 1001 2547 cingulo
1028 2477 1181 2533 vobis
1209 2481 1498 2549 perstricta
1527 2483 1784 2556 colligere
1815 2502 1916 2557 pro
1944 2495 2190 2557 tempore

606 2568 957 2634 studui,idem
980 2569 1172 2626 beatus
1193 2573 1277 2626 vir
1294 2572 1421 2629 alibi
1446 2575 1579 2631 dicit
1610 2577 1724 2648 (tib.
1741 2581 2005 2651 vn,epist.
2023 2579 2147 2652 107)
2169 2598 2183 2634 :

612 2675 633 2707 ι
663 2657 1007 2730 Plerumque,
1032 2661 1304 2732 inquiens,
1333 2665 1681 2723 adversarius
1706 2670 2032 2734 animarum,
2059 2672 2187 2727 dum

605 2763 714 2802 non
750 2759 929 2818 potest
962 2751 1016 2804 in
1055 2752 1142 2807 his
1175 2768 1298 2822 quae
1337 2755 1404 2808 ad
1441 2755 1635 2811 faciem
1681 2767 1811 2813 sunt
1851 2774 2016 2829 prava
2061 2761 2191 2815 sub-

602 2839 811 2908 ripere,
859 2840 1052 2896 callida
1083 2844 1265 2911 specie
1293 2851 1448 2913 quasi
1494 2848 1714 2917 pietatis
1755 2849 1952 2919 iniecta
1996 2851 2188 2907 nititur

603 2929 986 2998 supplantare,
1020 2936 1318 3004 suadetque
1350 2936 1579 2994 forsitan
1612 2941 1811 2996 debere
1843 2944 1912 2998 ab
1941 2944 2188 3000 habenti-

604 3020 709 3074 bus
738 3021 942 3091 accipi,
982 3031 1043 3076 ut
1075 3024 1157 3077 sit-
1184 3027 1328 3094 quod
1361 3029 1533 3097 possit
1562 3045 1669 3084 non
1699 3032 2026 3090 habentibus
2062 3051 2187 3091 ero—

602 3111 742 3180 gari,
766 3110 1057 3167 dummodo
1077 3114 1268 3170 vel‘sic
1293 3132 1497 3173 venena
1525 3122 1806 3177 mortifera
1832 3124 2186 3197 eleemosynaa

2294 570 2509 611 monem
2539 556 2741 613 dicitur
2772 573 2788 612 :
2823 558 2927 624 Qui
2955 563 3105 631 offert
3133 566 3450 634 sacri/icium
3476 571 3534 624 de
3562 575 3798 638 substantia

2291 648 2558 716 pauperis,
2602 665 2666 703 ac
2702 651 2751 704 si
2790 651 3015 705 vietimet
3059 652 3233 722 ﬁlium
3276 657 3333 711 in
3375 673 3628 730 conspectu
3667 673 3795 736 patris

2295 735 2486 805 (Et-cli.
2512 754 2699 806 xxxiv,
2723 739 2840 812 24).
2880 741 3130 809 Quantus
3169 753 3348 800 autem
3394 748 3539 805 dolor
3573 735 3717 822 patris
3746 761 3800 814 sit

2291 832 2789 898 perpendamus,~si
2817 832 2872 887 in
2900 831 3021 901 ejus
3046 847 3338 908 conspectu
3366 838 3503 896 filius
3528 842 3796 917 victimetur,

2293 928 2351 974 et
2375 921 2503 977 hinc
2529 921 2688 979 facile
2709 928 3089 996 cognoscimus
3111 938 3347 998 quantus
3367 933 3500 1002 apud
3520 933 3669 991 Deum
3687 940 3801 996 dolor

2293 1024 2672 1083 exasperatur,
2721 1016 2767 1072 si
2808 1017 2861 1072 ei
2904 1017 3234 1076 sacrificium
3263 1036 3330 1076 ex
3364 1024 3543 1094 rapina
3578 1026 3799 1087 tribuitur.

2293 1101 2469 1162 Nimis
2493 1107 2637 1162 enim
2667 1108 2959 1166 dolendum
2987 1121 3102 1179 est,
3141 1114 3480 1172 dilectissimi
3503 1117 3695 1187 fratres,
3727 1126 3801 1180 sub
3904 1190 3905 1195 η

2292 1195 2518 1252 obtentu
2566 1199 2927 1274 eleemosynae
2972 1215 3199 1274 peccata
3243 1207 3549 1265 simoniaca:
3589 1210 3805 1272 hereseos

2292 1290 2593 1315 ἏΔ-ι-ιΛΙ-ιιιιξ
2668 1290 2802 1315 Νη...
2836 1293 2978 1315 -IL-)
3028 1305 3101 1315 -a.
3139 1312 3229 1315 ._,,_
3280 1307 3294 1315 Α
3396 1314 3401 1315 ,
3557 1311 3567 1315 -
3653 1304 3664 1315 .

2292 1290 2616 1358 perpetrari.
2666 1290 2805 1347 Nam
2834 1293 2981 1349 aliud
3021 1305 3107 1352 est
3139 1307 3366 1370 prapter
3392 1311 3601 1371 peccata
3623 1304 3803 1363 elocuto-
3904 1290 3905 1329 ³

2292 1394 2457 1450 synas
2500 1382 2713 1452 facere,
2766 1386 2915 1444 aliud
2960 1399 3183 1465 propter
3229 1392 3594 1466 eleemosynas
3630 1411 3799 1468 peccata

2292 1475 2654 1533 committere.
2694 1498 2714 1531 ι
2749 1480 2969 1553 (Morel.
2996 1483 3091 1541 lib.
3116 1502 3203 1552 ttr,
3226 1502 3282 1543 c.
3303 1488 3421 1561 23.)
3443 1509 3461 1542 ι
3481 1490 3679 1558 Quoties
3694 1497 3798 1552 enim

2290 1575 2415 1634 post
2444 1568 2656 1638 culpam
2689 1570 3060 1646 eleemosynas
3085 1576 3338 1645 facimus,
3365 1582 3515 1652 quasi
3550 1590 3640 1654 pro
3658 1586 3803 1656 'pravis

2292 1659 2504 1715 actibus
2551 1664 2784 1732 pretium
2835 1668 3047 1724 damus.
3101 1669 3208 1727 Sed
3254 1657 3624 1745 nonnunquam
3655 1679 3797 1737 divites

2292 1748 2418 1804 elati
2448 1752 2735 1811 inferiores
2766 1758 3102 1827 opprimunt,
3134 1769 3190 1817 et
3218 1762 3397 1818 aliena
3425 1767 3652 1835 rapiunt,
3673 1779 3717 1823 et
3737 1779 3796 1824 ta-

2219 1828 2268 1888 Β
2294 1853 2417 1894 men
2446 1844 2603 1911 quasi
2634 1847 2881 1914 quaedam
2918 1848 3042 1905 aliis
3075 1851 3405 1924 largiuntur,
3435 1828 3795 1917 et-cnm'multos

2291 1931 2630 2003 deprimant,
2675 1936 2966 2008 aliquando
2999 1943 3327 2011 quibusdam
3354 1962 3510 2018 opem
3537 1942 3797 2008 defensionis

2290 2022 2497 2093 ferunt,
2519 2036 2575 2083 et
2602 2043 2701 2099 pro
2726 2030 3106 2102 iniquitatibus
3129 2052 3270 2106 quas
3293 2055 3561 2109 nunquam
3583 2042 3793 2110 deserant,

2290 2116 2424 2172 dare
2450 2121 2684 2189 pretium
2714 2123 2988 2178 videntur.
3044 2125 3153 2183 Sed
3201 2139 3334 2185 tunc
3376 2131 3695 2204 eleemosyua:
3712 2149 3796 2204 pre-

2293 2208 2426 2263 tium
2454 2226 2554 2267 nos
2582 2226 2614 2266 a
2640 2213 2811 2284 culpis
2837 2214 3053 2282 liberat,
3082 2234 3205 2274 cum
3234 2232 3540 2291 perpetrata
3562 2223 3795 2295 plangimus

2289 2308 2345 2353 et
2381 2301 2728 2371 abdicamus;
2765 2322 2891 2360 nam
2919 2309 3012 2378 qui
3042 2319 3100 2364 et
3126 2325 3357 2381 semper.
3374 2328 3592 2382 peccare
3612 2315 3732 2379 vult,
3756 2324 3794 2369 et

2288 2390 2445 2459 quasi
2474 2406 2690 2462 semper
2710 2394 3129 2468 eleemosynam'
3147 2399 3338 2471 largiri
3356 2442 3372 2467 ,
3411 2402 3600 2459 frustra
3614 2404 3790 2473 pretium

2290 2479 2500 2546 tribuit,
2528 2483 2655 2551 quia
2684 2498 2792 2540 non
2818 2487 3035 2542 redimit
3056 2489 3503 2561 animam,‘quam
3531 2509 3559 2546 a
3577 2493 3698 2548 vitiis
3717 2509 3790 2548 non

2290 2571 2603 2639 compescit.
2633 2591 2652 2622 ι
2696 2570 2979 2644 Scriptum
3013 2585 3097 2632 est
3128 2579 3278 2634 enim
3308 2598 3323 2633 :
3355 2579 3535 2637 Facite
3556 2582 3791 2652 [maesti-

2288 2674 2418 2728 gnos
2441 2662 2756 2730 paenitentia
2780 2664 2997 2736 (Matth.
3016 2683 3100 2735 tu,
3116 2669 3195 2739 8).
3226 2669 3418 2742 (Hom.
3453 2688 3541 2738 xx,
3562 2673 3611 2728 in
3623 2669 3790 2741 Eun.)

2296 2765 2315 2799 ι
2346 2748 2402 2802 in
2432 2750 2630 2819 quibus
2656 2753 2837 2808 verbis
2867 2758 3171 2813 notandum
3196 2769 3321 2827 est,
3362 2763 3503 2832 quod
3541 2776 3636 2818 non
3666 2760 3788 2816 solum

2289 2836 2500 2897 fructus
2527 2843 2900 2912 paenitentiae,
2943 2848 3040 2904 sed
3079 2850 3277 2921 dignos
3313 2853 3626 2922 paenitentiae
3654 2853 3788 2928 adsto-

2289 2945 2486 2986 nemur
2506 2932 2711 2989 facere.
2746 2934 2817 2992 Ut
2835 2939 2984 2993 enim
3004 2943 3309 2998 secundum
3333 2945 3518 3015 dignos
3536 2944 3788 3015 pmnitestia

2290 3022 2498 3080 fructus
2518 3024 2826 3097 loquamur,
2848 3030 3128 3087 sciendum
3151 3043 3239 3089 est
3260 3037 3388 3105 quia
3413 3036 3638 3106 quisquis
3658 3035 3785 3089 illicita

2289 3111 2437 3167 nulla
2465 3116 2771 3184 commisit,
2810 3119 2939 3176 huic
2968 3119 3095 3190 jure
3122 3126 3446 3182 conceditur
3471 3137 3527 3181 ut
3550 3126 3688 3181 licitis
3708 3133 3786 3179 uta'

604 3200 778 3254 celata
807 3201 1223 3258 obumbratione
1250 3207 1616 3265 transfundat.
1640 3211 1804 3268 ‘Nam
1831 3231 1932 3271 nec
1958 3228 2186 3275 venator

2291 3212 2397 3272 tur,
2415 3198 2602 3278 sicque
2626 3210 2847 3280 pietatis
2870 3228 3037 3283 opera
3065 3214 3251 3281 faciat,
3278 3227 3339 3273 ut
3360 3215 3788 3275 tamen'si'noluerit

601 3288 798 3354 feram,
825 3300 920 3367 aut
942 3307 1097 3347 avem
1125 3309 1325 3366 anceps
1350 3298 1642 3371 deciperet,
1668 3305 1753 3359 vel
1776 3306 1980 3376 piscem
2009 3311 2186 3378 pisca-

602 3387 690 3435 tor
713 3391 966 3458 caperet,
1008 3383 1053 3438 si
1084 3394 1179 3439 aut
1209 3384 1299 3441 ille
1326 3386 1579 3458 laqueum
1612 3391 1668 3446 in
1699 3405 1889 3463 aperto
1919 3412 2186 3468 pr0pone-

602 3481 708 3539 ret,
739 3482 834 3528 aut
858 3473 948 3530 ille
976 3475 1199 3533 hamum
1228 3492 1355 3533 esca
1388 3481 1767 3539 absconditum
1799 3503 1907 3543 non
1936 3490 2181 3547 haberet.

601 3563 838 3619 Omnino
860 3580 992 3635 ergo
1014 3571 1302 3625 metuenda
1328 3579 1384 3625 et
1405 3574 1644 3629 cavenda
1666 3585 1748 3632 est
1769 3578 1940 3636 hostis
1961 3585 2181 3652 astutia,

604 3670 675 3709 ne
698 3669 836 3727 quos
859 3667 1049 3727 aperta
1077 3659 1266 3728 nequit
1294 3663 1593 3720 tentatione
1616 3669 1957 3736 subvertere,
1982 3672 2185 3731 latente

528 3808 537 3813 η
601 3746 711 3801 telo
731 3748 928 3803 saevius
951 3749 1126 3806 valeat
1149 3754 1442 3810 trucidare.
1468 3756 1653 3830 Neque
1674 3763 1819 3816 enim
1842 3764 2182 3839 eleemosyna

602 3840 901 3907 reputanda
938 3849 1049 3902 est.
1093 3842 1138 3900 si
1171 3847 1495 3918 pauperibus
1529 3850 1874 3921 dispensetur
1907 3859 2048 3927 quod
2082 3860 2185 3914 illi—

599 3931 712 3986 cite
738 3932 1035 4003 accipitur;
1078 3937 1204 4006 quia
1234 3938 1327 4007 qui
1357 3939 1459 3993 hac
1489 3941 1790 3998 intentione
1816 3946 1956 4002 male
1985 3949 2187 4019 accipit

600 4030 662 4074 nt
689 4023 844 4090 quasi
884 4024 1022 4079 bene
1058 4025 1373 4096 dispenset,
1422 4040 1751 4102 aggravatur
1796 4035 1977 4104 potius
2021 4053 2183 4109 quam

594 4115 836 4189 juvatur.
887 4117 1240 4192 Elecmosyna
1272 4120 1652 4193 Redemptoris
1689 4128 1861 4182 nostri
1892 4128 2064 4185 oculis
2092 4131 2184 4186 illa

598 4208 810 4281 placet,
839 4223 961 4279 qua:
991 4227 1096 4266 non
1125 4214 1192 4267 de
1222 4212 1425 4269 illicitis
1452 4223 1509 4270 et
1536 4216 1825 4287 iniquitate
1848 4224 2181 4293 congeritur,

597 4299 694 4354 sed
731 4314 851 4368 quas
882 4300 950 4355 de
989 4302 1150 4357 rebus
1186 4305 1462 4360 concessis
1500 4316 1557 4361 et
1593 4308 1734 4365 bene
1769 4312 2053 4380 acquisitis
2082 4314 2186 4369 im-

597 4391 872 4462 penditur.
930 4391 1084 4448 Unde
1116 4395 1282 4448 etiam
1326 4395 1456 4449 illud
1500 4408 1708 4453 certum
1739 4411 1858 4468 est,
1905 4404 2030 4473 quia
2079 4407 2183 4462 etsi

597 4481 948 4551 monasteria,
973 4490 1065 4535 aut
1087 4483 1447 4551 xenodochia,
1469 4487 1553 4540 vel
1576 4488 1704 4556 quid
1729 4490 1873 4545 aliud
1895 4507 1963 4547 ex
1988 4493 2185 4563 injuste

595 4570 882 4644 aequis-itis
902 4581 1270 4638 construatur,
1288 4576 1523 4630 mercedi
1544 4593 1650 4633 non
1672 4579 1908 4649 prolicit,
1922 4588 2182 4653 quoniam

597 4661 729 4716 dum
772 4676 1064 4731 perversus
1102 4673 1315 4735 emptor
1352 4665 1679 4723 honoris-in
1722 4669 1900 4726 locum
1931 4684 2182 4733 sanctum

595 4751 850 4819 mittitur,
881 4761 937 4807 et
965 4753 1103 4808 alios
1127 4755 1197 4809 ad
1223 4756 1309 4811 sui
1339 4757 1751 4816 similitudinem
1784 4764 1886 4819 sub
1911 4769 2181 4824 commodi

595 4843 817 4901 datione
844 4844 1160 4911 constituit,
1200 4834 1358 4917 plura
1395 4850 1539 4905 male
1573 4851 1879 4911 ordinando
1913 4856 2179 4925 destruit,

592 4950 760 5015 quam
796 4936 885 4991 ille
920 4945 1098 5008 potest
1133 4937 1406 4995 aediﬁcare
1436 4941 1525 5010 qui
1559 4942 1628 4997 ab
1656 4958 1722 4998 eo
1749 4947 2009 5015 pecunias
2036 4948 2181 5003 ordi-

592 5010 834 5084 nationis
875 5029 1105 5109 accepit.
1158 5028 1239 5086 Ne
1277 5044 1407 5101 ergo
1434 5032 1538 5086 sub
1562 5010 1786 5089 obtentu
1824 5035 2180 5109 eleemosynze

593 5133 716 5174 cum
745 5128 969 5189 peccato
997 5106 1199 5190 aliquid
1229 5123 1546 5179 Studeamus
1575 5125 1846 5194 accipere,
1874 5106 2177 5198 apertevsaé

496 5280 503 5287 ε
593 5227 691 5269 cra
739 5212 1022 5285 Scriptura
1070 5213 1320 5283 prohibet
1365 5214 1552 5270 dicens
1589 5230 1605 5269 :
1650 5215 1856 5271 Hostia:
1896 5220 2179 5289 impiorum

592 5302 989 5367 abominabiles,
1018 5290 1140 5373 quia
1167 5304 1465 5375 o/feruntur
1490 5322 1554 5360 ex
1579 5306 1772 5361 scelero
1792 5305 1974 5371 (Prov.
1994 5311 2175 5383 xv,8).

597 5394 866 5465 Quidquid
894 5395 1041 5450 enim
1075 5384 1125 5448 in
1158 5394 1249 5449 Dci
1282 5396 1554 5453 sacriﬁcio
1589 5413 1654 5453 ex
1689 5400 1899 5456 scelere
1927 5399 2172 5470 offertur,

596 5485 984 5556 omnipotentis
1013 5484 1105 5539 Dei
1138 5488 1242 5539 non
1274 5486 1451 5556 placat
1484 5488 1819 5544 iracundiam
1851 5494 1945 5548 sed
1976 5492 2175 5549 irritat.

590 5574 731 5630 llinc
753 5591 967 5631 rursum
996 5588 1257 5646 SCt’lplUIIl
1284 5586 1398 5631 est:
1429 5577 1649 5633 Honora
1672 5579 1959 5636 Dominum
1984 5583 2049 5638 de
2073 5586 2177 5640 tuis

589 5664 743 5729 iustis
789 5667 1060 5722 laboribus
1102 5666 1285 5743 (Prov.
1314 5684 1395 5732 tn,
1422 5670 1501 5743 9).
1558 5672 1816 5743 Quisquis
1858 5690 1989 5747 ergo
2033 5678 2176 5734 male

591 5756 763 5822 tollit,
809 5768 866 5812 nt
898 5759 1050 5827 quasi
1098 5760 1236 5814 bene
1276 5762 1551 5830 prebeat,
1598 5773 1812 5819 Constat
1855 5766 1973 5823 sine
2009 5767 2173 5825 dubio

2288 3304 2353 3350 ea
2399 3300 2919 3366 quar'mundi‘sunt
2956 3320 3063 3360 non
3095 3306 3417 3378 relinquat.’
3445 3310 3514 3364 At
3551 3308 3592 3363 si
3625 3305 3787 3378 quis'iu

2286 3383 2668 3444 fornicationis
2694 3391 2909 3461 culpam
2926 3432 2942 3460 ,
2986 3395 3073 3449 vel
3101 3394 3342 3454 fortasse
3370 3400 3507 3469 quod
3532 3395 3788 3468 est‘grarius

2287 3473 2344 3528 in
2374 3476 2697 3534 adulterium
2728 3480 2915 3551 lapsus
2952 3492 3075 3551 est,
3131 3496 3288 3544 tanto
3338 3505 3370 3543 a
3416 3505 3475 3545 se
3517 3488 3646 3544 licita
3677 3486 3786 3541 debet

2289 3567 2574 3626 abscidere
2596 3582 2800 3642 quanto
2820 3590 2880 3631 se
2901 3578 3152 3634 meminit
3171 3590 3230 3634 et
3252 3581 3447 3638 illicita,
3459 3589 3780 3652 perpetrasse-ﬁ

2285 3658 2448 3728 Pejus
2472 3672 2559 3719 est
2580 3665 2724 3719 enim
2751 3665 2987 3722 alienum
3019 3672 3431 3729 matrimonium
3458 3673 3653 3735 violare,
3671 3681 3783 3739 quam

2287 3753 2564 3810 meretrici
2590 3756 2889 3814 adhaerere.
2922 3758 3044 3815 iam
3071 3776 3217 3818 vero-
3227 3764 3274 3820 si
3299 3763 3600 3835 conjugatus
3615 3759 3681 3816 vel
3697 3772 3784 3813 cono

2281 3843 2471 3915 jugata
2500 3862 2624 3902 cum
2655 3848 2881 3904 alterius
2912 3866 3081 3909 uxore
3106 3855 3193 3910 vel
3237 3872 3363 3911 cum
3405 3856 3612 3910 alterius
3643 3850 3782 3906 ωλι-ιω

2287 3936 2632 4005 adulteravit,
2662 3950 2815 3996 tanto
2840 3943 3061 4013 gravius
3085 3957 3337 4016 peccant,
3372 3956 3562 4018 quanto
3585 3959 3671 4000 non
3693 3941 3781 3997 sitn-

2286 4025 2448 4094 plicia
2488 4030 2584 4085 sed
2624 4031 2780 4100 plura
2817 4033 3083 4091 adulteria
3122 4040 3482 4093 committunt.
3538 4036 3596 4092 Et
3626 4031 3781 4103 gravior

2288 4119 2529 4177 incestus
2567 4131 2652 4178 est
2689 4140 2853 4194 quam
2891 4127 3257 4197 adulterium;
3289 4131 3529 4202 quamvis
3549 4128 3628 4199 qui
3648 4122 3779 4192 huius.

2286 4212 2432 4267 modi
2482 4226 2784 4284 sequuntur
2826 4216 3218 4279 fornicationes
3272 4233 3325 4279 et
3371 4215 3779 4277 adulterinontine

2286 4303 2499 4361 soleant
2540 4308 2838 4377 appellari;
2897 4320 2954 4366 et
3003 4321 3158 4368 tanto
3206 4304 3449 4370 incestus
3486 4320 3563 4367 est
3602 4305 3777 4380 gravior.

2285 4405 2491 4466 quanto
2518 4399 2896 4469 propinquitas
2917 4410 3003 4456 est
3027 4404 3369 4475 cognationis
3388 4401 3673 4474 proximior;
3690 4393 3776 4464 quia

2288 4486 2444 4557 pejus
2475 4496 2561 4542 est
2585 4502 2711 4543 cum
2740 4489 2952 4547 duabus
2981 4494 3285 4562 sororibus,
3314 4494 3400 4551 vel
3432 4492 3618 4549 duobus
3645 4482 3775 4541 {ratri-

2211 4556 2262 4617 D
2285 4556 2412 4646 bus,
2441 4568 2526 4635 vel
2560 4595 2683 4635 cum
2721 4590 2875 4650 patre
2902 4592 2957 4638 et
2984 4582 3112 4647 lilio,
3156 4556 3281 4643 sive.
3300 4600 3420 4642 cum
3449 4593 3602 4639 matre
3621 4587 3666 4634 et
3683 4574 3773 4635 illis

2285 4682 2450 4738 quam
2476 4683 2600 4724 cum
2622 4670 2798 4725 aliena
2825 4687 2994 4727 uxore
3015 4674 3303 4730 mmehari.
3329 4674 3434 4731 Sed
3456 4674 3505 4728 in
3524 4667 3775 4743 prome

2283 4759 2538 4830 gnatione
2558 4769 2759 4831 quanto
2787 4762 3146 4833 propinquius
3168 4772 3320 4820 tanto
3352 4762 3550 4834 gravius
3566 4761 3772 4830 peccatur.

2285 4849 2540 4918 quoniam
2563 4858 2649 4906 est
2677 4850 2832 4921 pejus
2861 4867 2986 4907 cum
3001 4863 3178 4910 matre
3208 4852 3494 4920 etlilia,vel
3517 4840 3773 4938 scrutati?

2282 4953 2406 4993 cum
2441 4940 2553 4996 Deo
2583 4952 2795 4996 sacrata
2813 4982 2830 5008 ,
2875 4943 2960 4997 vel
2988 4958 3110 4998 cum
3135 4945 3383 5000 ordinato
3404 4944 3453 4998 in
3473 4931 3770 4997 ecclesittslieis

2281 5032 2539 5100 gradibus
2562 5070 2583 5095 ,
2623 5031 2678 5086 in
2706 5031 2900 5101 quibus
2922 5044 3129 5104 quanto
3148 5036 3344 5091 celsior
3361 5041 3441 5089 est
3461 5027 3647 5101 gradus,
3666 5026 3770 5076 ωιιο

2281 5122 2499 5190 gravior
2523 5129 2608 5176 est
2630 5136 2811 5189 casus,
2830 5130 3088 5194 tantoque
3113 5135 3197 5180 est
3218 5125 3416 5180 crimen
3435 5118 3639 5192 gravius.
3651 5118 3767 5182 ειυιω

2281 5229 2404 5267 cum
2428 5213 2600 5269 aliena
2626 5230 2796 5270 uxore
2814 5216 3217 5285 concumbere;
3255 5226 3310 5272 et
3333 5217 3411 5271 sic
3435 5217 3494 5270 de
3515 5207 3630 5266 malo
3646 5206 3687 5259 in

2274 5304 2365 5376 jus
2387 5306 2494 5361 labi
2518 5306 2655 5362 solet
2673 5306 2910 5362 humana
2926 5307 3216 5380 fragilitas,
3229 5309 3394 5365 donec
3414 5305 3477 5361 ad
3494 5316 3549 5359 ea
3562 5304 3767 5393 μτνξιυέῖ

2285 5409 2395 5467 tur,
2420 5417 2557 5472 quae,
2597 5400 2739 5456 sicut
2771 5402 2848 5455 ait
2877 5401 3197 5473 Apostolus,
3224 5412 3368 5472 turpe
3401 5407 3470 5454 est
3498 5394 3630 5450 etiam
3644 5385 3765 5439 diem

2285 5493 2502 5564 (Ephes.
2519 5510 2570 5558 v,
2588 5493 2700 5563 12);
2716 5508 2837 5564 qua:
2848 5503 3160 5564 Opemntes,
3177 5493 3416 5551 νίάοιίοει
3429 5481 3716 5544 masculorum
3725 5473 3762 5521 et

2282 5598 2540 5654 pecorum
2560 5584 2956 5650 concubitores,
2982 5586 3128 5641 sacri
3154 5597 3382 5641 canones
3404 5582 3531 5635 inter
3552 5583 3628 5626 eos
3647 5570 3757 5619 ora"

2281 5678 2620 5748 praecipiunt,
2673 5678 2766 5748 qui
2814 5678 3009 5748 spiritu
3054 5678 3420 5750 periclitantur
3462 5654 3756 5760 ἱιιωιιωιξονξξ

2280 5744 2364 5825 lex
2390 5744 2489 5843 per
2515 5744 2739 5844 Moysen
2778 5744 2902 5828 data
2931 5770 3030 5828 hos
3054 5744 3265 5842 judicat
3298 5774 3460 5825 morte
3482 5747 3655 5815 multari
3682 5744 3756 5797 πεί
