4006 6338
203 394 315 452 865

1366 395 1452 451 DF.
1491 391 1830 450 CAYENNS
1871 393 2092 458 VITIIS,
2128 395 2286 450 ETC.

3351 404 3455 457 806

202 509 349 561 sicut
383 508 495 576 pari
513 505 716 576 judicio
741 506 946 562 astricti
973 515 1222 562 tenentur
1253 514 1360 562 tam
1384 508 1484 561 viri
1509 522 1670 576 quam
1700 504 1777 558 fe-
1807 507 1855 563 A
1880 501 2176 556 fessionum
2203 503 2452 558 laudibus
2493 504 2774 568 intramus,
2807 505 2931 575 quia
2964 506 3033 561 ibi
3060 506 3174 574 jam
3205 513 3452 579 angustia

204 597 370 651 minae
409 597 734 652 adulterium
759 605 1148 666 pcrpetrantcs,
1195 597 1268 650 ita
1298 595 1458 664 hujus
1486 596 1621 665 legis
1645 593 1785 661 judi-

203 687 296 740 cio
335 696 428 740 aut
457 695 608 741 reatu
655 687 859 756 pariter
901 686 1348 756 constringuntur
1379 695 1488 738 tam
1526 685 1627 738 viri
1661 699 1784 738 cum

199 779 516 843 oecoribus,
541 777 628 833 vel
656 793 779 832 cum
810 777 1085 840 masculis,
1112 793 1206 832 seu
1239 792 1361 832 cum
1391 775 1628 840 feminis,
1657 791 1784 829 eon-

206 882 296 924 ira
326 878 577 924 naturam
613 869 997 940 turpitudinem
1027 878 1334 939 operantes,
1372 882 1535 937 quam
1566 867 1781 922 feminae

204 977 335 1016 cum
376 961 680 1031 pecoribus,
729 959 816 1014 vel
866 975 987 1015 cum
1040 959 1160 1014 aliis
1192 958 1410 1014 feminis
1460 972 1783 1027 quacunque

205 1051 608 1106 adinventionis
651 1051 1052 1105 machinatione
1099 1049 1346 1104 eamdem
1395 1048 1780 1118 turpitudinem

201 1151 519 1213 Operantes,
549 1141 635 1198 vel
668 1157 792 1196 cum
831 1141 1086 1196 masculis
1130 1155 1313 1197 secum
1341 1138 1554 1209 operari
1594 1147 1782 1193 contra

201 1241 461 1286 naturam
477 1230 894 1294 consentientes,
914 1229 1126 1284 dicente
1149 1227 1440 1298 Apostolo:
1464 1226 1587 1280 Non
1611 1226 1780 1279 solum

197 1324 297 1390 qui
347 1321 568 1390 faciunt,
619 1321 711 1374 sed
760 1321 852 1391 qui
887 1321 1216 1376 consentiunt
1266 1317 1599 1389 facientibus,
1635 1317 1782 1386 digni

196 1421 327 1464 sunt
361 1419 524 1463 marte
554 1407 730 1476 (Rom.
759 1423 799 1472 ι,
831 1408 944 1477 52).
978 1409 1046 1462 Et
1068 1408 1114 1463 si
1144 1407 1266 1478 quis
1293 1405 1431 1461 forte
1461 1406 1575 1460 haec
1595 1405 1777 1458 omnia

195 1499 560 1568 perpetravit,
611 1506 690 1552 tot
725 1498 993 1552 mortibus
1037 1507 1094 1552 et
1127 1497 1318 1553 mortis
1347 1506 1564 1551 aeternae
1605 1495 1780 1564 poenis

188 1587 746 1652 habetur-obnoxius,
784 1596 916 1656 quot
936 1588 1252 1643 criminibus
1278 1596 1361 1642 est
1385 1586 1636 1656 pollutus.
1669 1587 1777 1640 Ve-

195 1693 328 1731 rum
359 1678 613 1746 quoniam
642 1676 1013 1732 austeritatem
1043 1676 1174 1747 legis
1215 1676 1534 1746 temperavit
1564 1674 1776 1728 miseri-
1813 1709 1816 1714 ι

193 1769 390 1824 cordia
436 1768 829 1837 Redemptoris,
861 1769 950 1837 qui
989 1768 1397 1824 conversionem
1427 1776 1482 1822 et
1510 1767 1779 1837 paeniten-

1885 608 1992 646 non
2022 593 2144 655 erit,
2195 608 2317 647 cum
2347 609 2447 647 nos
2473 594 2656 648 laetitia
2689 604 2905 649 mtet‘nae
2959 597 3317 654 solemnitatis
3369 617 3456 654 as-

1883 685 2176 753 sumpserit
2207 703 2219 737 :
2265 694 2484 756 propter
2513 702 2674 756 quam
2719 687 3077 743 confessionis
3119 699 3318 745 nostra:
3350 705 3452 746 an—

1884 775 2113 844 gustiam
2143 773 2355 830 Veritas
2383 776 2515 830 dicit
2545 794 2558 829 :
2584 775 2786 830 Intrate
2811 794 2904 846 per
2945 790 3221 848 angustam
3247 790 3453 849 portam

1886 863 2098 935 (Matth.
2135 880 2224 930 vn,
2253 865 2373 936 13);
2401 877 2454 919 et
2483 881 2605 921 cum
2634 881 2692 920 se
2716 866 3002 921 Psalmista
3033 869 3196 938 recipi
3242 868 3296 922 in
3337 869 3456 923 alti-

1887 959 2068 1012 tudine
2122 959 2304 1028 gaudii
2353 959 2538 1013 aiterni
2585 970 2965 1030 praesumeret,
3015 961 3280 1016 dicebat:
3327 959 3453 1015 Sta-

1883 1051 2027 1104 tuisti
2057 1051 2111 1104 in
2160 1051 2272 1104 loco
2322 1052 2551 1120 spatioso
2602 1052 2752 1121 pedes
2795 1068 2932 1106 meos
2979 1035 3150 1121 (Psial.
3205 1069 3336 1120 xxx,
3371 1053 3452 1125 9).

1884 1139 2101 1210 (Morel.
2136 1141 2227 1195 lib.
2271 1156 2387 1205 vm,
2413 1156 2462 1194 c.
2501 1141 2617 1207 2|.)
2655 1159 2672 1190 ι
2707 1141 2806 1207 Qui
2831 1143 2974 1196 enim
3020 1141 3158 1196 mala
3183 1160 3301 1213 qua:
3328 1159 3450 1213 per-

1882 1231 2116 1300 petravit
2139 1231 2396 1295 insinuat,
2445 1231 2538 1285 sed
2584 1230 2710 1284 fiere
2747 1246 2866 1300 quae
2895 1231 3183 1285 insinuavit
3219 1243 3452 1295 recusat,

1885 1320 2040 1388 quasi
2085 1319 2347 1374 subducta
2382 1328 2532 1375 veste
2580 1319 2774 1374 vulnus
2812 1321 3029 1388 detegit,
3071 1321 3165 1374 sed
3221 1321 3451 1389 torpenti

1883 1419 2066 1465 mente
2109 1410 2559 1465 medicamentum
2587 1411 2796 1466 vulneri
2819 1426 2928 1465 non
2967 1411 3205 1481 apponit.
3234 1410 3456 1466 Confes-

1882 1503 2050 1556 sionis
2099 1501 2262 1572 igitur
2304 1517 2492 1556 vocem
2541 1501 2688 1558 solus
2740 1517 2961 1558 necesse
3007 1511 3090 1557 est
3140 1511 3197 1557 ut
3253 1518 3454 1558 mceror

1881 1593 2142 1657 excutiat,
2170 1608 2238 1648 ne
2271 1593 2466 1648 vulnus
2492 1594 2760 1662 proditum
2789 1595 2883 1648 sed
2906 1593 3231 1665 neglectum,
3257 1610 3362 1664 quo
3386 1595 3450 1648 li-

1881 1684 2091 1738 centius
2110 1683 2222 1752 jam
2252 1698 2349 1754 per
2391 1684 2678 1738 humanam
2720 1684 3272 1756 notitiamtangitur,
3302 1687 3449 1740 dete-

1883 1776 1996 1830 rius
2017 1784 2312 1845 putrescat.
2341 1774 2458 1842 Quo
2492 1786 2679 1831 contra
2721 1775 3002 1830 Psalmista
3030 1776 3238 1846 plagam
3273 1779 3454 1832 cordis

196 1860 338 1913 tiam
379 1859 549 1929 magis
575 1851 736 1928 quam
769 1866 996 1913 mortem
1021 1858 1136 1912 vult
1174 1858 1492 1928 peccatoris,
1520 1866 1693 1922 tanto,
1722 1867 1775 1911 ut

1884 1882 1991 1921 non
2013 1867 2183 1922 solum
2217 1869 2518 1928 detexerat,
2545 1868 2638 1924 sed
2662 1867 2887 1923 detectae
2909 1869 3069 1923 etiam
3096 1867 3450 1922 medicamen-

183 1949 589 2017 praemisimus,
609 1964 637 2002 a
655 1963 712 2004 se
725 1948 869 2004 licita
883 1951 1110 2019 quisque
1120 1950 1278 2004 debet
1301 1949 1595 2011 abscidere,
1613 1963 1783 2016 quan-

195 2049 258 2090 to
294 2053 354 2092 se
375 2037 620 2091 meminit
639 2046 693 2092 et
721 2038 906 2093 illicita
931 2047 1274 2108 perpetrasse
1303 2056 1316 2091 :
1343 2047 1400 2092 et
1427 2047 1575 2092 tanto
1603 2053 1660 2090 se
1688 2039 1781 2091 de-

190 2129 292 2181 bet
341 2127 738 2196 reprehendere
785 2128 841 2182 in
891 2129 1150 2194 minimis,
1189 2137 1395 2198 quanto
1424 2142 1484 2183 se
1535 2127 1781 2182 meminit

198 2217 499 2286 deliquisse
526 2218 582 2271 in
612 2218 884 2272 maximis.

278 2325 297 2357 ι
328 2307 395 2360 Et
431 2322 574 2376 saepe
605 2316 825 2362 accusat
854 2322 1006 2363 mens
1035 2309 1150 2379 ipsa
1192 2308 1335 2378 quod
1360 2317 1650 2379 perpetrat,
1684 2309 1780 2363 sed

205 2397 332 2464 quia
359 2398 461 2452 hoc
483 2413 549 2452 ex
571 2398 839 2454 desiderio
864 2399 1087 2453 minime
1113 2399 1330 2461 deserit,
1355 2400 1623 2454 erubescit
1649 2414 1780 2453 con-

189 2487 340 2541 ﬁteri
368 2489 512 2556 quod
551 2487 696 2544 facit.
729 2487 864 2544 Cum
904 2504 1032 2544 vero
1058 2498 1170 2544 toto
1195 2489 1400 2558 judicio
1427 2490 1608 2544 carnis
1631 2489 1776 2543 dele-

190 2581 492 2637 ctationem
526 2582 746 2652 premit,
794 2582 983 2637 audaci
1015 2597 1146 2637 voce
1173 2583 1226 2636 in
1281 2582 1639 2636 accusationis
1667 2597 1777 2636 sua:

193 2670 540 2726 confessione
574 2687 633 2726 se
659 2672 836 2742 erigit.
868 2671 975 2727 Sed
1003 2681 1128 2727 sunt
1151 2672 1414 2737 nonnulli,
1445 2673 1537 2740 qui
1574 2673 1777 2740 apertis

189 2763 425 2818 vocibus
465 2764 650 2834 culpas
694 2764 953 2828 fatentur,
983 2765 1076 2820 sed
1107 2773 1286 2818 tamen
1338 2764 1392 2817 in
1431 2762 1771 2818 confessione

186 2871 418 2927 gemere
446 2856 718 2920 nesciunt,
755 2864 810 2908 et
839 2854 1066 2926 lugenda
1107 2857 1408 2926 gaudentes
1437 2855 1640 2908 dicunt.
1669 2853 1776 2908 Sed

189 2948 289 3016 qui
339 2946 526 3016 culpas
581 2961 706 3000 suas
744 2946 1018 3002 detestans
1048 2947 1309 3015 loquitur,
1341 2954 1511 3001 restat
1553 2961 1775 3002 necesse

183 3045 283 3089 est
309 3045 370 3089 ut
394 3037 492 3089 has
524 3035 576 3088 in
631 3037 995 3091 amaritudine
1025 3037 1219 3091 anima:
1271 3036 1540 3107 loquatur,
1573 3046 1632 3091 ut
1675 3053 1774 3107 per

193 3125 316 3179 haec
351 3125 464 3194 ipsa
513 3126 813 3180 amaritudo
860 3126 1088 3195 puniat,
1137 3126 1393 3196 quidquid
1443 3126 1622 3196 lingua
1677 3142 1773 3196 per

195 3184 400 3269 mentis
439 3214 698 3284 judicium
741 3184 977 3270 accusat.
1002 3184 1182 3287 (noni.
1216 3184 1329 3286 3b.)
1361 3215 1424 3269 Et
1460 3184 1773 3286 plerumque
1799 3184 1844 3247 Ο

190 3309 443 3363 videmus
468 3324 588 3378 quae
616 3308 819 3378 agenda
856 3317 1001 3372 sunt,
1039 3309 1132 3362 sed
1179 3309 1292 3363 haec
1322 3323 1485 3377 opere
1536 3325 1641 3362 non
1672 3309 1773 3363 im-

189 3399 403 3470 plemus
452 3417 464 3452 ε
502 3399 726 3453 nitimur
754 3408 810 3453 et
846 3399 1186 3453 infirmamur
1225 3416 1239 3452 :
1279 3401 1475 3454 mentis
1510 3399 1770 3468 judicium

187 3490 572 3546 rectitudinem
603 3491 886 3560 conspicit,
912 3492 1005 3545 sed
1036 3492 1102 3545 ad
1147 3492 1286 3546 banc
1313 3493 1493 3562 Operis
1515 3491 1772 3548 fortitudo

192 3580 501 3634 succumbit
533 3597 544 3632 :
578 3581 703 3648 quia
733 3579 989 3633 nimirum
1005 3578 1116 3647 jam
1143 3579 1210 3634 de
1233 3594 1392 3649 paena
1422 3582 1628 3650 peccati
1659 3591 1766 3646 est,

177 3678 255 3722 ut
295 3683 363 3722 ex
388 3669 546 3722 domo
576 3669 794 3736 quidem
839 3667 1012 3737 possit
1039 3669 1236 3722 bonum
1275 3669 1538 3738 conspici,
1566 3670 1662 3723 sed
1689 3678 1769 3723 ta-

191 3777 320 3814 men
369 3761 438 3814 ab
485 3774 550 3814 eo
577 3760 723 3830 (μιοά
769 3761 1034 3830 aspicitur
1065 3761 1342 3832 contingat
1387 3776 1484 3830 per
1516 3763 1769 3817 meritum

190 3849 404 3920 repelli.
430 3847 636 3904 Usitata
667 3849 866 3903 etenim
889 3849 1042 3919 culpa
1071 3849 1270 3918 obligat
1296 3859 1555 3916 mentem,
1584 3859 1644 3905 ut
1673 3866 1770 3905 ne-

189 3958 468 4014 quaquam
496 3958 720 4013 surgere
751 3943 928 4013 possit
973 3943 1042 3997 ad
1090 3943 1464 3998 rectitudinem
1500 3961 1512 3996 :
1544 3952 1772 3998 conatur

190 4043 248 4089 et
297 4033 511 4093 labitur.
537 4035 660 4102 quia
696 4032 786 4087 ubi
819 4041 1012 4102 sponte
1049 4033 1139 4087 diu
1165 4033 1422 4100 perstitit,
1454 4033 1526 4088 ibi
1557 4041 1612 4088 et
1645 4048 1770 4088 cum

191 4125 632 4182 nolueritcoaeta
657 4125 825 4180 cadit.
855 4144 873 4176 ι
896 4122 1115 4196 (Horat.
1140 4124 1234 4178 lib.
1260 4139 1377 4187 vni,
1405 4138 1456 4178 c.
1484 4123 1601 4194 20.)
1619 4143 1639 4176 ς
1662 4124 1771 4180 Sed

187 4222 370 4292 justus
393 4221 474 4274 ori
512 4235 612 4274 suo
635 4235 741 4275 non
768 4219 964 4290 parcit,
989 4219 1119 4288 quia
1144 4219 1280 4272 iram
1298 4217 1496 4286 judicis
1533 4217 1767 4272 districti

177 4312 550 4384 praveniens,
594 4311 773 4366 verbis
820 4318 1012 4366 contra
1061 4325 1120 4365 se
1161 4308 1395 4379 propria:
1415 4307 1768 4364 confessionis

193 4402 368 4458 saevit.
400 4400 535 4455 Hinc
555 4399 839 4455 Psalmista
865 4399 944 4454 ait
973 4417 986 4452 :
1020 4395 1412 4453 Prwaeniamus
1438 4397 1625 4466 facient
1651 4397 1768 4467 ejus

191 4493 249 4545 in
274 4491 596 4559 confessione
627 4489 799 4560 (Psal.
843 4504 989 4556 χειν,
1028 4489 1108 4561 2).
1137 4488 1274 4545 Hine
1301 4503 1400 4559 per
1420 4487 1761 4544 Salomonem

185 4580 435 4635 dicitur:
481 4579 584 4645 Qui
643 4580 914 4634 abscondit
948 4579 1147 4634 scelera
1193 4595 1291 4634 sua
1330 4595 1434 4633 non
1467 4579 1765 4648 dirigetur;

189 4671 286 4741 qui
307 4682 480 4724 autem
510 4669 776 4739 confessus
796 4670 955 4738 fuerit
981 4678 1030 4724 et
1070 4670 1335 4740 reliquerit
1365 4686 1449 4734 ea,
1472 4669 1768 4723 misericor-

191 4761 340 4814 diam
377 4769 716 4824 conscquetur
759 4758 941 4828 (Prov.
993 4774 1184 4824 xxvtn,
1217 4759 1328 4827 15).
1374 4757 1512 4812 Hinc
1551 4773 1765 4814 rursum

192 4850 456 4920 scriptum
493 4859 576 4905 est
607 4864 622 4903 :
663 4847 850 4903 Justus
880 4850 935 4903 in
959 4849 1216 4918 principio
1252 4857 1528 4902 accusator
1567 4858 1642 4901 est
1681 4848 1766 4902 sui

193 4941 380 5013 (Prov.
412 4957 567 5006 xviii,
617 4939 728 5010 17).
762 4939 869 4994 Sed
901 4954 1241 5009 nequaquam
1277 4939 1343 4992 ad
1369 4937 1764 4993 confessionem

179 5049 256 5089 os
282 5032 553 5102 panditur,
586 5031 691 5085 nisi
728 5046 850 5085 cum
892 5030 1324 5086 consideratione
1355 5028 1587 5084 districti
1615 5028 1762 5104 judi-

183 5129 262 5182 cii
323 5143 422 5196 per
464 5141 718 5196 pavorem
768 5139 862 5194 spe
903 5132 1221 5193 angustatur
1256 5123 1392 5194 (cap.
1423 5122 1540 5193 21).
1574 5107 1764 5178 Scien-

188 5221 321 5274 dum
354 5233 567 5288 quoque
607 5226 713 5281 est,
745 5216 871 5286 quia
900 5229 1040 5284 saepe
1065 5223 1118 5269 et
1143 5212 1358 5283 reprobi
1380 5222 1601 5282 peccata
1637 5227 1764 5267 con-

193 5311 435 5374 fitentur,
482 5309 574 5364 sed
605 5305 802 5362 deﬂere
830 5312 1200 5361 contemnunt.
1250 5303 1418 5358 Electi
1448 5313 1628 5358 autem
1655 5303 1768 5358 cul-

190 5415 289 5470 pas
323 5415 451 5454 suas
479 5413 613 5468 quas
641 5397 864 5451 vocibus
894 5393 1250 5448 confessionis
1283 5392 1550 5462 aperiunt,
1582 5391 1764 5446 distri-

187 5503 294 5547 cta
343 5487 826 5543 animadversionis
883 5483 1095 5538 ﬂetibus
1146 5485 1522 5551 insequuntur.
1571 5500 1589 5532 ι
1629 5481 1764 5535 Cum

189 5589 418 5653 peccata
456 5585 641 5633 nostra
689 5591 785 5646 per
827 5575 1096 5646 laerymas
1145 5572 1488 5636 confitemur,
1529 5581 1768 5641 angustae

189 5671 294 5725 viae
320 5677 508 5739 portas
540 5666 904 5737 ingredimur;
937 5663 1032 5720 sed
1059 5679 1183 5719 cum
1214 5670 1334 5732 post
1362 5663 1476 5716 haec
1507 5662 1573 5715 ad
1610 5671 1767 5715 aeter-

193 5747 336 5818 nam.
354 5763 518 5816 vitam
564 5758 931 5831 perducitnur,
959 5766 1126 5828 portae
1161 5764 1360 5812 nostra:
1389 5754 1523 5809 atria
1558 5754 1612 5807 in
1639 5770 1767 5810 con-

1883 1967 1995 2012 tum
2019 1960 2213 2014 mentis
2259 1960 2568 2024 adhibebat,
2607 1959 2792 2014 dicens
2831 1977 2846 2013 :
2890 1959 3229 2030 Iniquitatem
3279 1976 3448 2012 meam

1880 2066 1972 2118 ego
2019 2050 2318 2119 pronuntio,
2371 2060 2418 2102 et
2463 2049 2696 2117 cogitabo
2740 2066 2834 2120 pro
2881 2061 3089 2118 peccato
3133 2066 3247 2102 meo
3273 2048 3445 2118 (Psal.

1881 2153 2088 2203 xxxvn,
2144 2139 2254 2209 t9).
2301 2138 2704 2193 Prouuutiando
2755 2139 2899 2194 enim
2939 2138 3209 2194 occultum
3252 2139 3447 2194 vulnus

1879 2227 2102 2300 detegit,
2144 2230 2427 2299 cogitando
2466 2239 2647 2284 autem
2689 2231 2817 2300 quid
2849 2229 2993 2284 aliud
3021 2245 3185 2299 quam
3214 2230 3449 2284 mediea-

1879 2332 2122 2376 mentum
2170 2322 2374 2376 vulneri
2409 2300 2663 2392 apponit?
2703 2321 2809 2378 Sed
2832 2321 3041 2377 atilictze
3073 2320 3240 2376 menti
3271 2330 3324 2374 et
3349 2336 3446 2374 sua

1878 2413 2106 2468 sollicite
2151 2414 2343 2468 damna
2374 2414 2631 2483 cogitanti
2671 2414 2788 2468 rixa
2820 2428 2917 2482 pro
2946 2413 3233 2481 semetipsa
3275 2413 3450 2466 oritur

1879 2513 2068 2557 contra
2103 2504 2469 2572 semetipsam.
2516 2503 2794 2565 Namcum
2823 2517 2881 2556 se
2913 2502 2979 2555 ad
3010 2501 3244 2554 lamenta
3273 2501 3448 2569 paeni-

1880 2596 2062 2649 tentiae
2111 2595 2348 2664 instigat,
2391 2595 2602 2650 occulta
2651 2611 2709 2650 se
2737 2594 3104 2664 increpatione
3137 2592 3384 2648 dilaniat.
3424 2611 3444 2642 υ

1878 2684 1976 2739 Cui
1999 2700 2029 2738 a
2049 2684 2274 2739 Domino
2299 2686 2498 2739 dicitur
2525 2703 2538 2738 :
2569 2684 2928 2739 Remittuntur
2951 2685 2999 2738 ei
3019 2693 3230 2754 peccata
3257 2682 3444 2745 multa,

1875 2773 2125 2842 quoniam
2146 2773 2326 2825 dileait
2374 2773 2593 2826 multum
2618 2771 2765 2842 (Luc.
2810 2788 2907 2836 vn,
2951 2769 3271 2844 47).(Hom.
3326 2770 3445 2840 55.)

1883 2879 1902 2913 ι
1937 2863 2015 2916 Ac
2041 2861 2084 2916 si
2110 2870 2295 2930 aperte
2325 2861 2632 2915 diceretur:
2659 2860 2898 2915 Incendit
2925 2860 3079 2930 plene
3107 2859 3316 2928 peccati
3349 2876 3442 2911 ru-

1876 2951 2112 3021 biginem
2146 2951 2238 3020 qui
2277 2949 2432 3004 ardet
2471 2949 2646 3004 valide
2688 2965 2784 3019 per
2811 2949 3012 3004 amoris
3045 2949 3242 3019 ignem.
3273 2947 3446 3001 Tanto

1881 3058 2116 3112 namque
2155 3042 2386 3111 amplius
2415 3042 2618 3110 peccati
2660 3042 2848 3112 rubigo
2883 3040 3441 3109 consumitur,.quan-

1850 3119 1852 3122 ’
1880 3143 1934 3187 ιο
1959 3135 2258 3204 peccatoris
2286 3149 2380 3188 cor
2412 3148 2620 3202 magnae
2658 3132 2936 3187 charitatis
2983 3132 3104 3202 igne
3152 3141 3441 3187 crematur.

1875 3223 2292 3280 Cousideremus
2325 3223 2487 3293 igitur
2539 3222 2766 3293 gratiam
2816 3223 3179 3277 misericordis
3239 3222 3353 3285 Dei,
3390 3230 3447 3273 et

1874 3315 2192 3369 damnemus
2240 3312 2636 3366 multitudinem
2664 3321 2845 3366 reatus
2874 3311 3062 3365 uestri.
3106 3311 3242 3365 Ecce
3262 3327 3444 3380 pecca-

1875 3415 2021 3461 tores
2064 3405 2210 3459 videt
2251 3412 2305 3458 et
2334 3403 2586 3467 sustinet,
2616 3402 2928 3456 resistentes
2954 3401 3146 3454 tolerat
3175 3408 3231 3453 et
3264 3409 3442 3452 tamen

1873 3495 2114 3566 quotidie
2160 3510 2255 3566 per
2298 3494 2644 3565 Evangelium
2675 3492 2968 3548 clementer
3008 3499 3198 3545 vocat:
3230 3489 3438 3544 confes-

1871 3589 2078 3642 sionem
2124 3597 2364 3641 nostram
2388 3601 2452 3639 ex
2479 3601 2617 3655 puro
2644 3583 2807 3638 corde
2833 3583 3126 3645 desiderat,
3151 3589 3206 3635 et
3241 3589 3440 3634 cuncta

1873 3695 1993 3749 quae
2020 3679 2342 3747 deliquimus
2368 3677 2594 3731 relaxat.
2623 3674 2727 3741 Qui
2751 3689 2880 3743 ergo
2907 3685 3225 3742 permanere
3266 3670 3440 3724 uoluit

1871 3769 2076 3831 redeat,
2125 3768 2218 3836 qui
2257 3776 2401 3820 stare
2447 3764 2772 3832 contempsit
2820 3762 3012 3816 saltem
3063 3769 3185 3831 post
3232 3760 3438 3829 lapsum

1870 3867 2058 3930 surgat
2080 3857 2294 3929 {(ibid.).
2325 3857 2536 3923 Quanto
2585 3871 2686 3910 nos
2730 3869 2914 3908 amore
2975 3852 3222 3907 conditor
3257 3861 3442 3906 noster

1845 3947 2150 4020 exspectet
2197 3948 2456 4011 insinuat,
2488 3961 2610 3999 cum
2641 3961 2738 4014 per
2767 3944 3088 4013 Prophetam
3133 3943 3271 3996 dixit
3301 3961 3315 3995 :
3346 3944 3442 3995 Αι-

1869 4041 2009 4095 tendi
2031 4049 2080 4094 et
2102 4037 2418 4102 auscultavi,
2435 4052 2581 4090 nemo
2604 4035 2741 4105 quod
2765 4035 2954 4087 bonum
2977 4042 3050 4086 est
3071 4033 3321 4102 loquitur,
3337 4049 3442 4086 non

1867 4140 1941 4185 est
1968 4131 2058 4201 qui
2082 4129 2322 4196 recogitet
2346 4127 2401 4180 in
2427 4126 2582 4179 corde
2606 4141 2700 4178 suo
2735 4133 2783 4178 at
2819 4124 2960 4177 dicat
2983 4123 3108 4192 quid
3141 4121 3278 4191 feci?
3302 4121 3436 4192 (Jer.

1870 4238 1985 4285 vin,
2015 4220 2094 4290 6.)
2137 4219 2298 4273 Certe
2328 4231 2601 4285 nunquam
2648 4215 2888 4285 cogitare
2924 4213 3064 4267 mala
3109 4212 3392 4268 debuimus
3421 4230 3435 4266 :

1868 4312 1962 4366 sed
1989 4311 2116 4381 quia
2155 4309 2394 4379 cogitare
2432 4314 2578 4360 recta
2607 4305 2898 4370 noluimus,
2921 4318 3048 4359 ecce
3079 4304 3255 4357 adhuc
3275 4303 3439 4358 susti-

1868 4412 1961 4458 net
1985 4411 2044 4456 ut
2068 4401 2453 4471 recogitemus,
2481 4408 2541 4453 et
2564 4397 2654 4467 qui
2678 4404 2970 4468 peccantes
2987 4410 3086 4450 nos
3113 4395 3200 4449 diu
3229 4402 3288 4448 ut
3313 4408 3444 4448 con-

1865 4501 2142 4548 vertamur
2179 4496 2479 4560 exspectat,
2503 4502 2611 4542 non
2650 4499 2940 4541 conversos
2975 4483 3161 4538 durius
3202 4481 3440 4537 damnat.

1874 4584 2164 4639 Videamus
2193 4581 2358 4652 igitur
2403 4588 2564 4633 tantae
2586 4577 2807 4648 pietatis
2832 4577 3069 4646 signum,
3093 4582 3147 4628 et
3181 4573 3442 4628 severita-

1873 4675 1942 4730 tis
1969 4673 2234 4745 judicium
2267 4690 2282 4726 :
2310 4668 2715 4726 consideremus
2757 4677 2999 4738 apertum
3045 4666 3204 4720 nobis
3231 4665 3443 4720 miseri-

1871 4764 2068 4820 cordice
2117 4761 2426 4832 gremium:
2458 4774 2595 4831 quos
2643 4757 2785 4812 male
2834 4757 3134 4828 cogitantes
3187 4757 3437 4826 perdidit,

1871 4857 2009 4912 bene
2040 4853 2399 4922 recogitantes
2423 4849 2636 4920 quaerit,
2662 4863 2890 4918 quaeque
2923 4862 3023 4901 nos
3050 4847 3102 4899 in
3130 4844 3442 4899 adolescen-

1873 4945 1970 5009 tia,
1993 4957 2217 5013 quzeque
2254 4941 2308 4994 in
2345 4938 2630 5009 juventute
2660 4938 2948 5008 deliquisse
2977 4934 3320 4989 meminimus
3347 4935 3441 4988 de-

1871 5034 2113 5100 ﬂeamus,
2164 5047 2374 5088 morum
2404 5045 2734 5100 operumque
2762 5026 3001 5083 maculas
3044 5025 3299 5095 lacrymis
3330 5035 3440 5079 ter-

1870 5140 2080 5200 gamus,
2129 5139 2374 5180 amemus
2407 5122 2521 5192 jam
2569 5119 2946 5190 Redemptoris
2990 5117 3160 5195 nostri
3188 5117 3436 5187 vestigia,

1835 5209 1837 5211 ’
1869 5234 1989 5290 qua:
2017 5215 2289 5288 peccando
2321 5212 2761 5282 contempsimus.
2791 5209 2953 5273 Ecce,
2982 5215 3041 5261 ut
3086 5206 3338 5269 diximus,
3370 5207 3437 5260 ad

1869 5307 2208 5379 recipiendos
2231 5321 2328 5360 nos
2361 5316 2605 5373 superna:
2629 5298 2842 5369 pietatis
2869 5298 3018 5351 sinus
3042 5295 3299 5364 aperitur,
3335 5310 3436 5349 nec

1869 5399 2141 5456 maculosa
2187 5397 2241 5450 in
2272 5393 2426 5448 nobis
2471 5392 2580 5445 vita
2608 5389 2971 5444 contemnitur
3003 5401 3016 5436 :
3044 5399 3140 5455 per
3166 5385 3267 5440 hoc
3294 5385 3438 5452 quod

1869 5487 2297 5559 inquinationem
2377 5489 2616 5535 nostram
2678 5477 3160 5548 perhorrescimus,
3210 5476 3436 5530 interna:

1867 5578 1976 5648 jam
2051 5572 2332 5632 munditia:
2406 5569 2802 5626 concordamus
2863 5586 2877 5621 :
2940 5572 3272 5621 revertentes
3341 5577 3441 5618 nos

1870 5666 2128 5722 Dominus
2202 5661 2497 5717 clementer
2550 5657 2932 5728 amplectitur,
2997 5656 3121 5724 quia
3195 5661 3441 5722 peccato-

1869 5771 1988 5812 rum
2043 5755 2152 5809 vita
2197 5752 2247 5808 ei
2301 5764 2422 5806 esse
2489 5749 2704 5821 indigna
2749 5749 2865 5821 jam
2929 5762 3036 5804 non
3094 5753 3271 5816 potest
3319 5757 3441 5829 quae
