4006 6338
644 398 751 455 867

1471 398 1804 456 lllNCMARl
1842 396 2058 452 RHEM.
2099 394 2419 451 ARClllEP.
2457 393 2826 453 θνρεοοω
2867 395 3101 451 VARIA.
3758 407 3831 467 363

643 514 862 573 lletibus
934 512 1167 569 lavatur.
1239 530 1258 564 ι
1332 510 1440 569 Sed
1513 514 1910 586 providendum
1993 518 2077 565 est
2151 511 2235 564 his
2263 515 2310 572 A
2340 509 2565 579 prodest
2611 511 2655 565 si
2708 521 2933 581 peccata
2980 512 3103 582 quis
3130 508 3359 567 luxuria:
3400 512 3673 582 deﬂeat,et
3704 531 3834 582 tamen

645 605 742 677 qui
793 612 1019 677 peccata
1086 618 1307 659 suorum
1363 619 1590 675 operum
1637 604 1945 675 deplorant,
2001 611 2062 657 ut
2110 617 2237 657 con-

646 705 916 751 summata
969 693 1107 748 mala
1154 694 1395 764 perfecta
1444 695 1654 750 diluant
1701 696 1962 761 lamenta,
1997 708 2067 748 ne
2115 693 2237 764 plus

647 785 1020 856 astringantur
1050 785 1103 839 in
1138 786 1323 841 debito
1372 787 1674 857 perpetrati
1719 787 1919 856 operis,
1972 795 2028 840 et
2058 785 2237 839 minus

649 873 859 929 solvant
891 874 944 927 in
974 874 1189 929 ﬂetibus
1220 873 1631 931 satisfactiom‘s.
1660 895 1678 927 ι
1715 875 1988 945 Scriptum
2034 875 2234 946 quippe

646 973 783 1020 est:
836 963 1030 1018 Polum
1075 966 1220 1019 dedit
1270 967 1416 1020 nobis
1462 967 1519 1020 in
1566 966 1814 1037 lacrymis
1873 967 1929 1021 in
1990 983 2237 1021 mensura

646 1051 824 1125 (Psal.
868 1070 1056 1120 Lxxtx,
1079 1055 1157 1125 6),
1204 1064 1266 1110 ut
1314 1057 1567 1112 videlicet
1614 1056 2037 1128 uniuscujusque
2083 1073 2238 1114 mens

647 1153 859 1199 tantum
889 1145 1203 1215 pmnitendo
1240 1149 1676 1216 compunctionis
1705 1164 1817 1203 sure
1865 1149 2015 1204 bibat
2064 1149 2238 1220 lacry-

646 1249 787 1299 mas,
815 1245 1080 1305 quantum
1112 1251 1171 1291 se
1216 1238 1351 1292 adeo
1405 1238 1653 1293 meminit
1698 1239 1908 1294 aruisse
1933 1254 2032 1310 per
2052 1240 2239 1309 culpas

649 1322 871 1396 (Moral.
915 1323 1011 1378 lib.
1044 1340 1118 1390 tv,
1141 1340 1192 1379 c.
1230 1326 1319 1398 17)
1345 1344 1358 1380 :
1384 1327 1509 1396 quia
1562 1327 1766 1382 nullum
1816 1337 2096 1398 peccatum
2126 1328 2236 1384 Do-

648 1412 833 1468 minus
856 1412 1087 1468 innltum
1111 1413 1322 1470 relaxat
1347 1432 1362 1468 :
1406 1423 1499 1470 aut
1520 1418 1664 1471 enim
1697 1431 1798 1472 nos
1823 1418 1927 1473 hoc
1951 1417 2126 1472 ﬂendo
2151 1417 2236 1472 in-

648 1502 950 1572 sequimur,
975 1511 1071 1557 aut
1118 1503 1235 1574 ipse
1259 1502 1576 1572 iudicando.
1624 1506 1815 1562 Restat
1866 1507 2049 1577 igitur,
2082 1518 2143 1563 ut
2170 1509 2239 1564 ad

647 1591 1083 1648 emendationem
1110 1608 1264 1647 suam
1291 1607 1506 1666 semper
1536 1612 1691 1651 mens
1716 1598 1945 1654 solerter
1972 1599 2235 1672 invigilet,

646 1689 706 1737 et
733 1682 787 1736 in
819 1697 927 1752 quo
951 1683 1053 1738 sibi
1078 1685 1308 1754 quisque
1353 1686 1781 1743 misericorditer
1807 1690 2084 1745 subveniri
2111 1705 2238 1745 con-
2273 1693 2285 1709 ‘

647 1772 872 1840 siderat,
895 1772 1000 1828 hoc
1022 1790 1243 1831 necesse
1276 1786 1360 1831 est
1386 1788 1444 1832 ut
1478 1779 1743 1834 conﬁtens
1785 1790 1966 1852 tergat
1994 1782 2135 1853 (cap.
2164 1780 2232 1837 14

2340 600 2518 653 adhuc
2541 602 2784 655 avaritiae
2811 603 3032 657 aestibus
3046 602 3320 683 anhelet?
3342 607 3579 683 autquid
3617 611 3833 678 pmdestsi

2340 690 2437 744 ira:
2462 690 2648 760 culpas
2686 689 2803 759 jam
2846 692 3046 763 lugeat,
3089 701 3145 747 et
3186 680 3368 749 tamen
3400 680 3566 752 adhue
3592 699 3836 759 invidian-

2340 785 2498 839 cibus
2522 785 2804 840 tabescat?
2831 806 2849 838 ι
2885 785 3003 852 Quo
3025 792 3214 841 contra
3236 786 3497 841 Dominus
3517 789 3667 844 dicit:
3694 791 3743 846 Si
3756 798 3837 863 quis

2340 877 2449 931 vult
2494 887 2607 947 post
2636 894 2718 931 me
2746 878 2916 932 venire
2953 878 3167 948 abneget
3197 880 3525 950 semetipsum
3560 881 3836 951 (Μοιιθι.ιιι,

2340 968 2455 1041 24).
2479 969 2625 1024 Idem
2658 971 2925 1040 superbus
2952 971 3191 1035 humilis,
3221 971 3532 1027 luxuriosus
3557 984 3735 1042 castus,
3756 993 3837 1032 avs-

2342 1074 2437 1113 rus
2461 1059 2843 1113 misericordia!
2863 1059 3117 1129 operibus
3143 1060 3381 1127 deditus,
3411 1062 3612 1119 invidus
3626 1065 3835 1137 benignus,

2343 1146 2636 1201 iracundus
2662 1148 2875 1217 patiens
2903 1147 3018 1214 fiat,
3046 1158 3101 1203 et
3125 1149 3277 1204 tollat
3324 1166 3540 1207 crucem
3580 1169 3712 1209 suam
3733 1168 3838 1213 etse-

2343 1246 2542 1306 quatnr
2571 1237 2868 1292 Christum.
2922 1238 3067 1295 Idem
3118 1243 3351 1311 castiget
3392 1258 3580 1313 corpus
3617 1261 3745 1302 suum
3774 1264 3837 1318 per
3912 1260 3913 1293 γ

2342 1328 2758 1393 continentiam,
2804 1338 2860 1384 et
2890 1332 3252 1400 compatiatur
3294 1335 3554 1402 proximis
3594 1351 3681 1405 per
3712 1338 3834 1394 chari-

2344 1426 2534 1483 tatem,
2565 1418 2797 1487 vigilans
2837 1420 2892 1473 in
2918 1420 3005 1474 his
3032 1422 3330 1477 virtutibus
3356 1434 3541 1480 contra
3565 1428 3678 1482 vitia
3699 1430 3833 1497 vicina,

2342 1507 2592 1563 videlicet
2616 1508 2670 1562 in
2716 1509 3043 1566 abstinentia
3068 1521 3258 1567 contra
3282 1529 3481 1570 vanam
3507 1518 3723 1588 gloriam,
3743 1531 3782 1576 et
3803 1524 3836 1577 in

2343 1598 2510 1652 animi
2560 1601 2940 1666 compassione
2993 1612 3181 1658 contra
3230 1605 3491 1675 pietatem
3535 1608 3714 1677 falsam,
3754 1618 3835 1683 quia

2343 1691 2650 1758 compassio
2676 1692 2904 1758 homini,
2933 1702 2989 1749 et
3016 1696 3287 1751 rectitudo
3330 1699 3477 1754 vitiis
3516 1701 3725 1766 debetur,
3749 1708 3836 1759 etin

2345 1793 2455 1863 uno
2483 1779 2784 1850 eodemque
2829 1783 3050 1838 homine
3092 1793 3149 1839 et
3202 1786 3496 1858 diligamus
3543 1790 3711 1847 bonum
3742 1796 3835 1863 quod

644 1876 699 1921 et
727 1865 839 1938 16).
867 1867 936 1922 Et
964 1869 1218 1938 quoniam
1245 1869 1421 1926 fidelis
1444 1872 1672 1941 quisque
1694 1874 2048 1945 cogitationes
2074 1876 2126 1928 in
2153 1874 2233 1943 ju-

2345 1857 2546 1913 factum
2575 1869 2677 1925 est,
2719 1869 2772 1916 et
2804 1876 3196 1932 persequamur
3238 1857 3383 1920 mala
3413 1883 3530 1937 qua!
3576 1871 3699 1926 fecit.
3737 1857 3837 1929 [inte

648 1955 791 2014 dicio
847 1960 1060 2029 exquiri
1111 1961 1386 2017 subtiliter
1436 1979 1544 2017 non
1595 1965 1834 2036 ignorat,
1888 1967 2059 2023 Paulo
2092 1978 2233 2025 atte-

647 2057 849 2117 stante,
879 2053 971 2121 qui
1006 2053 1084 2108 ait
1109 2070 1124 2106 :
1146 2050 1307 2109 Inter
1336 2072 1391 2109 se
1419 2056 1639 2111 invicem
1683 2059 2056 2129 cogitationum
2082 2079 2235 2116 accu-

648 2142 905 2207 santium,
934 2153 1027 2197 aut
1055 2146 1213 2198 etiam
1241 2145 1635 2215 defendentium
1680 2152 2012 2221 semetipsum
2044 2152 2239 2207 intror-

647 2246 767 2284 sum
795 2231 1081 2287 discutiens
1133 2233 1313 2305 (Rom.
1336 2237 1534 2309 11,15),
1582 2247 1709 2300 ante
1756 2240 2022 2311 judicium
2073 2244 2241 2299 vehe-

648 2329 863 2377 menter
899 2324 1194 2388 examinet.
1225 2335 1285 2381 ut
1313 2327 1593 2384 districtus
1632 2330 1800 2401 judex
1836 2346 1903 2387 eo
1940 2331 2054 2401 jam
2085 2324 2238 2389 tran-

648 2410 873 2480 quillius
895 2414 1103 2481 veniat,
1148 2430 1258 2485 quo
1289 2427 1501 2473 reatum
1531 2435 1707 2488 suum,
1764 2438 1929 2493 quem
1965 2425 2237 2482 discutere

648 2502 878 2589 appetit,
918 2500 1032 2570 jam
1060 2519 1161 2574 pro
1202 2506 1359 2578 culpa
1392 2510 1639 2578 punitum
1671 2515 1846 2568 cernit
1870 2515 2009 2588 (cap.
2035 2517 2146 2589 16),
2180 2527 2236 2575 et

650 2588 981 2661 ignoscendo
998 2591 1113 2662 jam
1144 2595 1200 2650 in
1231 2612 1331 2654 suo
1349 2597 1555 2668 judicio
1583 2601 1849 2673 impunita
1880 2588 2232 2679 derelinquit,

646 2693 772 2749 qua:
796 2680 1266 2741 animadversione
1319 2697 1617 2758 spontanea
1654 2691 1843 2761 punita
1868 2694 2034 2762 videt,
2066 2696 2235 2754 Paulo

647 2776 960 2838 attestante,
995 2774 1089 2843 qui
1137 2777 1253 2832 ait:
1300 2777 1360 2833 Si
1404 2781 1744 2850 nosmetipsos
1792 2783 2230 2854 dijudicaremus,

646 2876 755 2918 non
784 2864 961 2934 utique
980 2882 1014 2920 a
1038 2865 1267 2923 Domino
1303 2870 1671 2940 judicaremur
1696 2873 1783 2945 (II
1817 2875 1941 2931 Cor.
1964 2894 2039 2941 ιιι,
2064 2880 2177 2951 51).
2208 2898 2228 2931 ι

646 2950 824 3007 Tanto
851 2954 1014 3025 igitur
1041 2958 1278 3014 arctiore
1308 2976 1470 3016 manu
1496 2964 1830 3033 poenitentiae
1866 2983 2021 3025 mens
2059 2986 2089 3024 a
2118 2950 2234 3041 pol-

647 3042 855 3099 lutione
881 3050 1135 3118 tergenda
1162 3059 1267 3118 est,
1319 3062 1524 3123 quanto
1564 3070 1623 3110 se
1668 3058 1933 3129 conspicit
1961 3062 2233 3119 sordidius

647 3132 1008 3203 inquinatam.
1033 3136 1220 3209 Neque
1245 3142 1390 3196 enim
1410 3157 1511 3212 par
1528 3142 1737 3201 fructus
1763 3161 1883 3202 esse
1902 3149 2028 3204 boni
2051 3152 2234 3222 cperis

646 3225 810 3281 debet
836 3226 957 3298 ejus
985 3230 1079 3299 qui
1108 3233 1309 3299 minus,
1341 3242 1396 3290 et
1442 3235 1560 3304 ejus
1588 3238 1680 3308 qui
1712 3241 1944 3311 amplius
1986 3244 2234 3315 deliquit,
2265 3229 2311 3292 (ἶ

640 3324 743 3371 aut
765 3315 882 3386 ejus
903 3321 996 3389 qui
1018 3321 1071 3376 in
1099 3322 1259 3379 nullis
1292 3333 1349 3380 et
1391 3325 1510 3396 ejus
1536 3330 1628 3399 qui
1654 3331 1708 3385 in
1751 3335 2074 3403 quibusdam
2103 3337 2239 3394 faci-

645 3406 872 3462 noribus
898 3409 1115 3465 cecidit.
1147 3411 1253 3467 Per
1297 3415 1401 3471 hoc
1425 3418 1570 3472 enim
1593 3421 1736 3488 quod
1762 3423 1960 3478 dicitur
1984 3443 1996 3479 :
2048 3424 2237 3483 Facite

641 3510 769 3567 ergo
794 3497 998 3567 fructus
1024 3501 1212 3572 dignos
1234 3506 1549 3574 paenitentiae
1573 3510 1726 3581 (Luc.
1750 3529 1832 3581 ιιι,
1858 3516 1937 3586 8),
1976 3519 2237 3591 cujusque

646 3589 984 3645 conscientia
1010 3597 1356 3662 convenitur,
1404 3609 1465 3654 ut
1493 3608 1648 3659 tanto
1674 3604 1881 3675 majora
1902 3622 2107 3678 quaerat
2135 3589 2234 3670 bo-

644 3691 841 3734 norum
870 3696 1094 3751 operum
1127 3684 1274 3742 lucra
1306 3703 1406 3760 per
1441 3694 1844 3765 paenitentiam,
1873 3712 2077 3771 quanto
2111 3722 2236 3777 gra-

647 3767 802 3823 viora
848 3769 951 3825 sibi
983 3772 1194 3829 ‘intulit
1239 3776 1434 3834 damna
1469 3798 1567 3852 per
1616 3785 1848 3858 culpam.
1888 3767 2234 3867 ~(Hom.:'54.)

652 3876 674 3910 ι
700 3858 844 3916 Ecce
872 3861 989 3932 ipsa
1044 3864 1224 3921 divina
1272 3870 1643 3931 misericordia
1671 3858 1976 3950 pollicetur,
2007 3858 2230 3942 dicens;

643 3946 913 4007 Gaudium
953 3954 1050 4009 erit
1078 3957 1136 4012 in
1160 3961 1288 4015 caelo
1338 3979 1495 4034 super
1539 3983 1644 4022 uno
1669 3946 1941 4039 peccatore
1961 3946 2235 4046 'pmniten-

642 4041 1002 4138 {iam‘agente
1029 4047 1182 4120 (Luc.
1208 4068 1297 4119 xv,
1322 4054 1400 4126 7),
1447 4066 1504 4113 et
1536 4066 1715 4116 tamen
1762 4078 1860 4133 per
1913 4041 2234 4138 prophetam

642 4132 906 4196 Dominus
934 4138 1083 4205 dicit,
1107 4141 1234 4211 quia
1259 4142 1586 4220 Quacunque
1611 4151 1696 4205 die
1724 4132 2029 4223 peccaverit-
2028 4158 2231 4227 justus,

641 4240 821 4281 omnes
834 4226 1059 4297 justitia:
1073 4231 1187 4302 ejus
1202 4235 1257 4288 in
1279 4235 1534 4301 oblivitme
1551 4252 1701 4295 erunt
1721 4260 1900 4298 coram
1920 4262 2001 4300 me
2015 4226 2231 4318 (Ezech.

642 4329 841 4383 χχχιιι,
865 4319 978 4391 13).
1032 4320 1333 4381 Pensemus
1359 4327 1406 4382 si
1445 4344 1734 4400 possumus
1769 4333 2232 4406 dispensationem

641 4421 893 4478 supernae
922 4410 1163 4479 pietatis.
1224 4413 1511 4475 Stantibus
1550 4422 1596 4477 si
1644 4424 1945 4482 ceciderint
1994 4431 2235 4486 minatur

641 4512 882 4570 penam,
913 4500 1079 4572 lapsis
1112 4520 1243 4563 vero
1285 4509 1330 4564 si
1375 4526 1597 4583 surgere
1643 4526 1921 4586 appetant,
1963 4523 2233 4590 promittit

2340 1954 2536 2008 iterum
2571 1956 2834 2013 Dominus
2858 1959 3023 2014 dicit:
3071 1959 3175 2026 Qui
3201 1977 3309 2016 non
3331 1963 3441 2016 odit
3473 1965 3708 2031 proximos
3740 1981 3835 2028 suos,

2339 2044 2511 2099 adhuc
2534 2056 2709 2101 autem
2730 2057 2779 2102 et
2808 2050 3041 2103 animam
3072 2068 3249 2117 suam,
3300 2068 3409 2107 non
3448 2064 3602 2123 potest
3636 2071 3835 2109 messem

2338 2134 2630 2205 discipulus
2663 2136 2815 2209 (Luc.
2856 2155 2969 2205 xlv,
3012 2140 3128 2212 26).
3156 2141 3345 2211 (Hom.
3400 2143 3539 2214 57.).
3568 2164 3585 2196 ι
3609 2143 3730 2200 Tunc
3762 2156 3833 2200 ete-

2338 2226 2450 2281 nim
2481 2227 2618 2282 bene
2644 2229 2884 2284 animam
2912 2240 3152 2287 nostram
3180 2234 3421 2300 odimus,
3447 2250 3563 2290 cum
3582 2236 3681 2305 ejus
3701 2251 3830 2290 carna-

2336 2307 2479 2362 libus
2526 2309 2811 2367 desideriis
2859 2328 2969 2367 non
2998 2315 3423 2385 acquiescimus,
3475 2333 3587 2373 cum
3610 2318 3706 2386 ejus
3725 2331 3831 2386 appr.

2339 2398 2495 2453 titum
2522 2399 2844 2473 frangimus,
2874 2420 2998 2459 cum
3026 2405 3143 2475 ejus
3172 2406 3544 2478 voluptatibus
3570 2408 3829 2462 reluctantur.

2337 2492 2468 2559 Quae
2493 2507 2626 2564 ergo
2658 2504 2970 2566 contempta
2997 2499 3066 2552 ad
3115 2498 3317 2555 melius
3353 2501 3581 2565 ducitur,
3621 2500 3743 2570 quasi
3772 2513 3832 2567 per

2336 2572 2521 2626 odium
2551 2582 2786 2630 amatur.
2824 2575 2917 2631 Sic
2957 2578 3124 2633 etiam
3155 2579 3422 2636 exhibere
3443 2581 3677 2651 proximis
3699 2580 3829 2636 nostris

2337 2662 2447 2717 odii
2470 2662 2852 2721 discretionem
2883 2668 3165 2735 debemus,
3218 2679 3283 2725 ut
3330 2671 3387 2726 in
3434 2672 3513 2727 eis
3540 2679 3591 2727 et
3629 2671 3829 2740 diligamus

2337 2752 2482 2820 quod
2504 2761 2653 2820 sunt,
2682 2763 2739 2808 et
2764 2755 3063 2814 habeamus
3087 2759 3215 2814 odio
3241 2760 3390 2830 quod
3417 2760 3473 2815 in
3498 2760 3585 2817 Dei
3609 2760 3760 2825 itinere
3778 2757 3827 2811 vel

2337 2839 2439 2895 sibi
2472 2842 2556 2896 vel
2580 2843 2735 2899 nobis
2762 2844 3059 2923 obsistunt,
3086 2867 3107 2901 ι
3139 2849 3334 2919 repleti
3356 2865 3537 2908 amore
3557 2847 3824 2906 mundivscli

2339 2931 2542 3003 Spiritu
2572 2944 2786 3000 sancto,
2816 2937 2881 2992 de
2903 2953 3011 3008 quo
3038 2940 3170 2994 dicit
3192 2938 3525 3011 Apostolus:
3561 2942 3618 2999 Si
3658 2939 3821 3010 qsiup?

2330 3024 2504 3078 'ritum
2525 3024 2719 3080 Christi
2745 3043 2849 3082 non
2890 3029 3067 3095 habet,
3097 3031 3184 3085 hic
3211 3049 3321 3087 non
3354 3044 3430 3088 est
3470 3035 3576 3104 ejus
3599 3033 3819 3105 (Romuli.

2337 3114 2414 3186 9).
2445 3114 2630 3184 (Hom.
2680 3116 2797 3187 24.)
2829 3139 2849 3170 ί
2896 3119 3063 3186 Quasi
3105 3122 3330 3192 quidam
3366 3124 3547 3180 titulus
3574 3125 3822 3195 divinsz-

2343 3196 2604 3250 sessionis
2624 3205 2711 3251 est
2740 3198 2855 3267 ipse
2885 3200 3110 3270 spiritus
3138 3204 3365 3259 amoris.
3420 3202 3823 3275 Nunquidnamspi-

2342 3285 2505 3339 ritum
2527 3284 2727 3341 Christi
2757 3288 2921 3344 habe.
2950 3291 3018 3354 is,
3054 3292 3211 3361 cujus
3238 3302 3472 3349 ruentem
3490 3296 3602 3350 odia
3624 3295 3821 3361 dissipati.

2339 3374 2503 3431 elatio
2530 3377 2702 3442 inﬂat,
2731 3379 2812 3434 ira
2856 3396 3028 3450 usque
3074 3384 3510 3447 adedivisionem
3549 3386 3713 3440 mentis
3746 3396 3823 3437 eu-

2338 3480 2542 3539 sperat,
2588 3471 2792 3527 invidia
2838 3475 3068 3540 cruciat,
3095 3476 3316 3534 luxuria
3355 3477 3823 3545 enervatiiQuisqu

2338 3578 2576 3633 namque
2606 3563 2697 3619 ille
2719 3576 2825 3632 est,
2857 3583 3022 3635 quem
3049 3584 3196 3624 nunc
3225 3572 3451 3640 spiritus
3477 3572 3570 3627 iste
3607 3585 3694 3625 non
3723 3581 3821 3634 rew-

2339 3663 2447 3719 rat,
2478 3655 2724 3724 profecto
2751 3658 2819 3712 ah
2849 3657 2994 3713 illius
3028 3663 3222 3715 aeterni
3267 3664 3496 3717 convivii
3527 3656 3822 3724 refectione}

2331 3744 2511 3814 junat.
2540 3746 2643 3813 Qui
2665 3764 2797 3819 ergo
2820 3750 2874 3804 in
2896 3749 3175 3806 Christum
3195 3752 3314 3820 jam
3349 3754 3585 3816 credidit,
3609 3752 3688 3807 sed
3705 3747 3819 3803 adhuc

2339 3837 2580 3893 avaritia:
2606 3837 2752 3893 lucra
2785 3849 3048 3907 sectatur,
3081 3843 3136 3897 in
3162 3847 3416 3916 superbia
3454 3844 3652 3900 honoris
3679 3838 3818 3897 extolli-

2338 3935 2446 3989 tur,
2475 3929 2689 3984 invidia:
2716 3928 2926 3986 facibus
2965 3933 3280 4001 inardescit,
3313 3937 3543 3993 libidinis
3575 3951 3627 3991 se
3661 3934 3817 3987 immun-

2336 4016 2467 4072 ditia
2498 4019 2711 4088 polluit,
2758 4037 3018 4095 prospera
3059 4041 3180 4096 quae
3204 4028 3262 4083 in
3310 4030 3506 4085 mundo
3543 4036 3652 4084 sunt
3679 4035 3816 4081 conct-

2336 4109 2518 4176 piscit,
2537 4109 2723 4166 .lesum
2744 4113 2797 4166 in
2818 4129 2927 4184 quo
2944 4118 3176 4173 credidit
3207 4121 3364 4190 sequi
3386 4118 3672 4176 contemnit.

2982 4207 3214 4265 CAPUT
3254 4211 3319 4267 ΙΙ.

2337 4279 2414 4334 De
2441 4280 2567 4362 fuga
2607 4286 3176 4363 araritite,_superbice,
3221 4293 3464 4358 luxuria,
3492 4293 3632 4363 gula,
3653 4285 3813 4363 imit":

2407 4352 2596 4435 δεῖταί»
2619 4356 2790 4435 ἀρτίας
2805 4358 2938 4435 τείᾳ,
2957 4352 3004 4412 ἐι
3028 4352 3174 4435 quod
3190 4363 3428 4422 diabolus
3447 4352 3644 4435 pe'rlnec
3660 4357 3813 4413 manat

2405 4422 2528 4475 vitia
2550 4422 2752 4495 semper
2772 4422 3051 4484 insidiatur;
3079 4433 3168 4487 sit.

2406 4513 2542 4568 Nam
2565 4516 2631 4571 de
2657 4520 2884 4573 avaritia
2909 4521 3108 4578 Paulus
3130 4525 3262 4581 dicit
3286 4545 3300 4581 :
3337 4525 3502 4581 Radix.
3525 4523 3713 4580 omnium
3736 4532 3809 4571 m-

642 4587 1093 4667 misericordiam.
1121 4593 1246 4652 lllos
1273 4606 1444 4655 terret
1491 4619 1560 4658 ne
1587 4617 1923 4675 prtesumant
1948 4586 2004 4665 in
2050 4612 2226 4680 bonis,
2260 4586 2312 4647 D
2335 4603 2504 4659 ίοηιθπ
2533 4616 2610 4660 εει
2630 4610 2894 4678 cupiditas
2923 4623 2971 4665 ει
3002 4615 3227 4670 avaritia
3257 4633 3373 4687 qua?
3418 4627 3489 4695 ξεί
3520 4614 3811 4668 “domm”

642 4676 780 4734 istos
799 4678 1012 4739 refovet
1040 4699 1109 4740 ne
1134 4684 1424 4758 desperent
1454 4692 1507 4747 in
1535 4695 1710 4751 malis.
1760 4696 1947 4756 Justus
1975 4716 2057 4768 es,
2089 4704 2229 4759 iram

641 4774 969 4847 pertimesco
992 4795 1063 4835 ne
1087 4795 1310 4839 corruas
1334 4800 1350 4839 :
1381 4797 1639 4858 peccator
1662 4806 1742 4857 es,
1767 4793 1833 4847 de
1855 4794 2228 4854 misericordia

640 4868 857 4955 confide
910 4878 981 4937 ut,
1012 4885 1224 4946 surgas.
1277 4876 1420 4934 Ecce
1454 4891 1636 4936 autem
1678 4882 1791 4952 jam
1825 4884 1960 4956 lapsi
2014 4903 2222 4958 sumus,

640 4967 792 5016 stare
834 4976 1177 5034 nequaquam
1224 4968 1515 5039 valuimus,
1546 4973 1599 5027 in
1640 4976 1823 5045 pravis
1851 4980 2054 5036 nostris
2081 4982 2225 5038 desi-

640 5048 809 5107 deriis
830 5049 1072 5122 iacemus
1110 5074 1125 5111 :
1156 5058 1252 5114 sed
1282 5061 1373 5130 qui
1411 5078 1510 5117 nos
1537 5076 1714 5121 rectos
1740 5070 2001 5135 condidit,
2050 5074 2226 5131 adhuc

637 5153 918 5213 exspectat
945 5155 1000 5201 et
1043 5161 1304 5217 provocat
1348 5161 1408 5206 ut
1433 5169 1742 5225 surgamus,
1773 5159 1951 5215 sinum
1980 5178 2092 5218 suae
2118 5165 2231 5235 pie-

640 5231 772 5288 tatis
796 5234 992 5305 aperit,
1019 5252 1226 5310 nosque
1249 5255 1281 5297 a
1304 5257 1363 5297 se
1386 5245 1550 5316 recipi
1573 5261 1670 5315 per
1690 5249 2060 5316 pmnitentiam
2086 5231 2233 5324 qna:-

640 5321 735 5378 rit.
782 5322 892 5381 Sed
945 5330 1320 5397 paenitentiam
1351 5334 1497 5404 digni
1552 5350 1714 5406 agere
1760 5354 1868 5393 non
1918 5321 2223 5411 possumus,

638 5412 746 5470 nisi
767 5416 985 5472 modum
999 5421 1460 5493 quoqueejusdem
1476 5429 1806 5496 poenitentiae
1818 5445 2223 5502 cognoscamus.

639 5502 1021 5564 Paenitentiam
1055 5527 1269 5583 quoque
1298 5530 1459 5586 agere
1488 5527 1573 5572 est
1597 5560 1612 5583 ,
1649 5527 1704 5573 et
1742 5531 2046 5592 perpetrata
2083 5525 2224 5579 mala

637 5596 911 5670 plangere,
926 5611 980 5657 et
990 5602 1288 5675 plangenda
1304 5623 1411 5663 non
1429 5620 1759 5680 perpetrare.
1778 5613 1908 5668 Nam
1926 5615 2109 5686 quisic
2122 5617 2227 5674 alia

636 5687 903 5761 deplorat,
930 5708 993 5749 ut
1020 5703 1199 5752 tamen
1221 5698 1327 5753 alia
1354 5704 1682 5769 committat,
1730 5705 1906 5761 adhuc
1954 5710 2222 5777 pteniten-

640 5777 775 5833 tiam
804 5795 965 5851 agere
1011 5795 1106 5841 aut
1144 5788 1359 5857 ignorat
1387 5800 1481 5846 aut
1522 5793 1843 5851 dissimulat.
1890 5798 2032 5866 Quid
2078 5802 2224 5858 enim

2337 4696 2472 4751 uitus
2502 4696 2551 4769 (1
2586 4697 2725 4753 Tim.
2753 4717 2824 4764 vr,
2855 4702 2965 4775 10).
3011 4703 3178 4775 Cujus
3207 4709 3325 4765 voci
3373 4708 3581 4779 quisque
3617 4718 3665 4759 se
3686 4696 3805 4755 tradit.

2335 4788 2617 4846 fastidiens
2641 4794 2863 4862 propria
2893 4795 3068 4851 aliena
3116 4802 3463 4871 concupiscit,
3507 4810 3555 4855 et
3575 4798 3806 4869 plet'lllmtue

2334 4882 2616 4951 concupita
2638 4884 2861 4954 adipisci
2890 4904 2994 4942 non
3030 4890 3236 4956 valens,
3269 4893 3380 4949 dies
3403 4893 3592 4963 quidem
3610 4888 3655 4943 in
3673 4884 3802 4939 otium.

2332 4982 2521 5030 noctes
2550 4990 2676 5032 vero
2718 4979 2770 5031 in
2803 4982 3160 5051 cogitationes
3197 4996 3389 5042 versat.
3435 4986 3608 5054 Torpet
3646 4980 3699 5033 ab
3726 4971 3801 5028 utili

2330 5081 2517 5137 opere:
2564 5068 2690 5137 quia
2738 5069 2998 5142 fatigatur
3046 5074 3231 5131 illicita
3285 5076 3600 5149 cogitatione.
3635 5064 3800 5161 Consilia

2331 5157 2676 5229 multiplicat,
2726 5170 2782 5217 et
2831 5164 3011 5218 sinum
3064 5168 3264 5223 mentis
3302 5167 3645 5240 cogitationum
3682 5157 3799 5254 Vettii

2328 5248 2492 5306 latius
2543 5255 2822 5323 expandit.
2873 5257 3168 5317 Pervenire
3213 5261 3281 5315 ad
3328 5258 3583 5329 concupita
3630 5248 3796 5316 531385“

2330 5351 2493 5413 atque
2514 5345 2582 5400 ad
2610 5347 2895 5405 obtinenda
2934 5351 3049 5407 hazc
3072 5355 3330 5421 quosdam
3359 5337 3796 5431 secretissimos“):

2331 5448 2513 5488 sarum
2560 5445 2769 5493 meatus
2816 5441 3028 5510 quaerit.
3083 5420 3184 5509 Qui
3224 5459 3344 5498 mox
3387 5450 3441 5496 ut
3472 5452 3620 5494 causa:
3653 5420 3793 5495 alitl"id

2331 5524 2532 5580 subtile
2560 5526 2831 5584 invenisse
2874 5545 2934 5585 se
2980 5533 3233 5598 testimat,
3258 5535 3364 5605 jam
3415 5528 3662 5586 obtinuisse
3695 5510 3790 5606 ll'm‘i

2329 5617 2576 5686 cupierat
2638 5620 2904 5685 exsultat,
2956 5637 3069 5690 jam
3125 5624 3267 5695 quod
3330 5622 3482 5684 etiam
3532 5616 3695 5682 πιίυριίθ
3738 5615 3788 5695 rm

2330 5710 2585 5780 adjnngat
2632 5713 2924 5782 excogitat,
2956 5693 3231 5785 atque'ut
3275 5716 3326 5771 in
3375 5708 3557 5768 meliori
3596 5693 3784 5793 εωιυόῆο

2330 5804 2456 5860 beat
2483 5806 2653 5863 excoli
2682 5816 2999 5878 pertractat.
3050 5810 3221 5878 Quam
3248 5812 3365 5868 uuia
3400 5809 3493 5863 iam
3528 5799 3784 5865 auasi120$>‘"
