4006 6338
184 409 295 466 869

1346 415 1436 474 DE
1470 415 1811 474 CAVENDIS
1852 417 2085 487 V'lTllS,
2124 420 2276 478 ETC.

3350 440 3457 498 870

181 527 302 591 det,
330 532 388 580 et
411 523 567 594 quasi
595 525 665 581 ad
698 525 974 582 meliorem
1006 536 1210 584 statum
1254 533 1493 598 adducit,
1527 549 1652 588 mox
1683 534 1770 588 in-
1800 539 1851 597 Α
1874 533 2033 598 vites,
2065 536 2156 604 qui
2186 535 2514 593 sufﬁcienter
2535 540 2601 596 de
2629 542 2743 597 suis
2772 541 2971 599 habere
2996 554 3236 615 possent,
3261 548 3308 604 si
3337 567 3454 607 mo-

183 614 359 669 sidias
406 613 760 669 invidentium
806 616 1152 684 considerat,
1200 630 1257 701 et
1301 623 1431 691 quid
1475 633 1664 680 contra
1713 640 1772 681 se

174 707 348 782 jurgii
376 716 661 765 moveatur
686 719 897 780 pensat,
926 712 1161 783 exquirit
1183 715 1313 784 quid
1343 717 1686 786 respondeat,
1715 727 1772 773 et

180 816 313 857 cum
346 815 463 856 rem
495 800 697 855 nullam
748 810 971 868 teneat,
1014 818 1128 872 jam
1173 806 1228 861 in
1262 807 1643 877 defensionem
1691 811 1771 866 rei

180 903 352 958 quam
398 890 605 960 appetit
645 905 847 946 vacuus
908 892 1144 964 litigator
1189 896 1450 953 elaborat.
1514 899 1771 967 Quamvis

178 991 318 1047 ergo
345 978 478 1032 nihil
504 979 571 1034 de
597 993 656 1033 re
683 983 970 1051 concupita
1002 987 1288 1055 receperit,
1319 989 1482 1044 habet
1510 998 1687 1045 tamen
1714 991 1770 1046 in

177 1068 353 1123 corde
389 1068 505 1139 jam
552 1069 792 1126 fructum
835 1075 1303 1144 concupiscentiae,
1343 1078 1766 1147 laborem‘rixaa,

177 1159 272 1214 cui
301 1159 383 1214 sic
407 1168 466 1213 ut
500 1160 733 1218 sollicite
769 1162 1052 1221 ambulans
1079 1182 1202 1221 cum
1245 1167 1357 1223 Deo
1389 1169 1519 1224 dicit
1548 1189 1561 1224 :
1594 1172 1768 1226 Medi-

174 1249 314 1303 tatio
343 1250 514 1305 cordis
541 1253 644 1306 mei
669 1254 725 1306 in
749 1265 1024 1325 conspectu
1054 1264 1143 1310 tuo
1170 1274 1373 1330 semper
1412 1259 1584 1328 (Psal.
1610 1278 1766 1329 xvut,

175 1340 297 1411 i5).
343 1340 420 1396 lta
447 1349 505 1397 et
533 1359 751 1410 avarus,
778 1345 865 1400 vel
890 1346 1110 1402 cuilibet
1144 1347 1277 1403 vitio
1312 1349 1607 1418 subjectus,
1638 1368 1769 1422 quo-

172 1432 332 1488 niam
362 1448 393 1487 a
420 1449 532 1504 quo
560 1434 695 1491 vitio
723 1436 847 1507 quis
882 1439 1206 1506 devincitur,
1242 1442 1361 1513 ejus
1386 1458 1576 1498 servus
1604 1445 1769 1500 etlici-

163 1531 290 1588 tur,
336 1524 428 1593 qui
479 1526 625 1581 enim
676 1527 805 1583 facit
842 1539 1125 1604 peccatum
1169 1546 1358 1589 servus
1401 1542 1485 1589 est
1535 1535 1765 1604 peccati,

162 1615 427 1671 avaritia:
463 1618 551 1672 vel
593 1617 681 1672 cui
725 1619 858 1674 vitio
905 1600 1105 1686 servit;
1131 1622 1374 1678 moribus
1411 1631 1465 1678 et
1499 1600 1766 1679 desiderio

166 1706 315 1762 dicit
341 1726 354 1761 :
384 1706 659 1763 Meditatio
692 1710 869 1767 cordis
892 1711 994 1766 mei
1022 1713 1078 1766 in
1104 1724 1382 1782 conspectu
1409 1724 1499 1768 tuo
1527 1730 1765 1785 semper;

164 1798 331 1867 quia,
380 1806 614 1854 testante
663 1799 932 1856 Domino:
965 1800 1068 1857 Ubi
1116 1804 1435 1874 cujusquam
1482 1806 1765 1861 thesaurus

1875 621 2002 675 dum
2033 624 2311 692 cupiditati
2338 626 2614 697 imponere
2641 631 2957 700 voluissent,
2985 636 3179 704 quibus
3205 638 3392 694 dicitm
3430 661 3444 697 ;

1881 713 1974 769 Va:
1997 719 2086 787 qui
2112 719 2428 790 conjungitis
2449 725 2660 778 domum
2683 727 2753 780 ad
2774 728 3006 795 domum,
3036 740 3085 784 et
3113 749 3298 803 agrum
3323 753 3451 807 agro

1873 807 2131 876 copulatis
2152 826 2311 881 usque
2336 813 2405 865 ad
2430 816 2705 870 terminum
2735 817 2859 883 loci,
2884 823 3119 891 nunquid
3148 824 3451 883 habitabilis

1871 896 1971 949 soli
1988 913 2076 951 vos
2091 900 2144 952 in
2170 901 2337 955 medio
2352 912 2504 957 terra:
2521 906 2546 957 ?
2559 904 2688 975 (Isa.
2714 924 2770 973 v,
2787 909 2863 977 8),
2880 926 2943 965 ac
2958 913 3002 966 si
3018 924 3199 983 aperte
3214 918 3408 971 diceret
3429 934 3446 971 :

1871 987 2159 1061 Quousque
2203 1009 2300 1049 vos
2344 999 2672 1064 extenditis,
2721 1001 2811 1069 qui
2844 1002 3044 1061 habere
3072 1006 3125 1061 in
3175 1009 3448 1064 communi

1873 1082 2077 1137 mundo
2099 1095 2381 1141 consortes
2411 1089 2631 1144 minime
2660 1094 2921 1160 potestis?
2965 1096 3278 1165 conjunctos
3322 1107 3449 1174 qui-

1870 1172 1995 1227 dem
2016 1176 2282 1243 premitis,
2305 1180 2398 1234 sed
2422 1192 2609 1235 contra
2635 1197 2772 1251 quos
2792 1200 2887 1240 vos
2911 1189 3134 1244 valeatis
3158 1172 3451 1251 extendere

1869 1282 2089 1338 semper
2121 1271 2393 1329 invenitis.
2427 1274 2633 1343 Quibus
2664 1278 2860 1333 iterum
2891 1280 3089 1335 dicitur
3117 1300 3132 1337 :
3174 1282 3261 1339 Va:
3285 1288 3332 1339 ei
3358 1290 3450 1357 qui

1866 1356 2182 1426 multiplicat
2227 1378 2331 1417 non
2366 1380 2464 1418 sua
2491 1406 2507 1431 ,
2555 1383 2820 1438 usquequo
2871 1383 3122 1440 aggravat
3172 1356 3450 1432 contraise

1867 1445 2082 1501 densum
2109 1449 2279 1505 lutum
2328 1451 2556 1523 (Habac.
2588 1471 2643 1516 ιι,
2676 1455 2754 1527 6).
2795 1457 2975 1513 Avaro
2997 1461 3196 1533 quippe
3224 1464 3448 1522 densum

1866 1535 2038 1591 lutum
2068 1548 2255 1594 contra
2299 1556 2358 1597 se
2402 1558 2697 1614 aggravare
2741 1556 2843 1614 est,
2882 1558 3095 1606 terrena
3131 1552 3278 1610 lucra
3316 1572 3440 1613 cum

1864 1629 2103 1696 pondere
2147 1633 2355 1723 peccati
2398 1636 2694 1691 cumulare.
2750 1638 2901 1695 Unde
2943 1642 3139 1697 iterum
3182 1646 3447 1716 scriptum

1865 1728 1949 1773 est
1993 1735 2007 1772 :
2052 1720 2256 1775 Avarus
2305 1739 2409 1777 non
2444 1723 2742 1795 implebitur
2786 1731 3041 1797 pecunia,
3078 1742 3128 1786 et
3173 1737 3264 1805 qui
3306 1749 3449 1791 amat

1864 1806 2074 1863 divitias
2100 1811 2306 1880 [ructus
2350 1829 2453 1867 non
2483 1816 2648 1884 capiet
2682 1832 2746 1870 ea:
2773 1817 2846 1872 eis
2886 1818 3083 1890 (Eccle.
3111 1837 3163 1888 v,
3197 1825 3273 1896 9).
3309 1824 3451 1882 Fru-

167 1884 347 1940 fuerit
365 1926 381 1951 ,
418 1886 492 1941 ibi
524 1896 579 1941 et
603 1903 698 1942 cor
720 1888 839 1958 ejus
868 1890 971 1945 erit
1015 1889 1230 1961 (Matth.
1264 1908 1340 1956 vi,
1396 1892 1511 1964 21).
1544 1893 1761 1965 (Moral.
1793 1894 1839 1953 Β
1868 1909 1987 1953 ctus
2008 1901 2207 1971 quippe
2236 1917 2303 1958 ex
2329 1903 2410 1958 eis
2437 1915 2677 1975 caperet,
2703 1908 2749 1962 si
2776 1884 2915 1966 bene
2939 1926 3032 1967 eas
3062 1884 3314 1987 spargere
3339 1935 3444 1975 non

164 1972 275 2029 lib.
308 1990 399 2039 xv,
428 1975 589 2042 c.18,
626 1976 737 2047 19.)
782 1995 802 2029 ‹
833 1977 997 2033 Gravi
1039 1979 1223 2050 itaque
1259 1982 1456 2051 populo
1498 1984 1763 2053 premitur

158 2062 272 2132 qui
303 2062 606 2135 instigantis
636 2066 880 2121 avaritize
912 2068 1141 2123 tumultu
1178 2080 1424 2126 vastatur
1459 2087 1475 2125 :
1508 2074 1760 2143 quoniam

167 2151 413 2206 avaritia
437 2168 547 2208 non
582 2170 690 2208 una
718 2155 994 2224 quaelibet,
1022 2158 1117 2213 sed
1153 2174 1218 2214 ea
1243 2160 1400 2231 culpa
1430 2171 1531 2226 est,
1565 2164 1631 2217 de
1655 2179 1761 2231 qua

158 2254 367 2296 omnes
393 2241 660 2298 oriuntur.
711 2243 985 2313 Scriptum
1027 2248 1227 2319 quippe
1269 2259 1372 2316 est,
1410 2260 1469 2306 ut
1506 2238 1760 2323 pri'edixi-

164 2346 341 2387 mus:
371 2331 548 2387 Radix
568 2334 802 2389 omnium
828 2336 1087 2391 malorum
1125 2348 1201 2394 est
1239 2341 1500 2410 cupiditas
1539 2341 1591 2413 (Ι
1624 2342 1759 2397 Tim.

166 2435 254 2489 vi,
288 2421 399 2494 10).
438 2423 539 2479 Cui
568 2439 699 2494 ergo
729 2427 996 2496 cupiditas
1034 2429 1302 2487 dominari
1337 2432 1553 2498 dicitur,
1585 2434 1762 2504 subje-

156 2521 301 2568 ctus
342 2514 528 2583 procul
553 2515 716 2571 dubio
746 2516 904 2573 m‘alis
927 2519 1176 2575 omnibus
1219 2520 1645 2579 demonstratur.
1690 2525 1763 2581 De

166 2618 289 2673 quo
316 2604 578 2674 scriptum
609 2615 715 2672 est,
745 2607 1001 2677 quoniam
1027 2610 1359 2681 confringens
1388 2614 1600 2669 nudavit
1623 2631 1760 2685 pau-

163 2710 313 2763 peris
337 2694 584 2762 domum,
626 2698 802 2766 rapuit
837 2708 886 2752 et
925 2713 1029 2752 non
1052 2699 1332 2768 wdi/icavit
1362 2718 1502 2769 eam,
1538 2720 1643 2757 non
1685 2714 1761 2758 est

163 2783 396 2838 satiatus
422 2796 599 2840 venter
636 2786 749 2856 ejus
794 2786 918 2858 (Job
970 2802 1062 2853 xx,
1092 2788 1181 2856 l9,
1211 2790 1324 2862 20).
1373 2793 1601 2848 Domum
1630 2810 1762 2864 pau-

160 2874 323 2944 peris
348 2874 637 2947 confringit
666 2886 721 2932 et
748 2879 943 2943 nudat,
988 2879 1079 2950 qui
1110 2895 1233 2935 eum
1260 2897 1421 2953 quem
1450 2899 1550 2953 per
1571 2894 1761 2954 poten-

169 2966 309 3019 tiam
338 2968 587 3033 conterit,
625 2970 928 3041 exspoliare
955 2986 1170 3042 quoque
1215 2989 1313 3044 per
1340 2976 1622 3030 avaritiam
1650 2992 1761 3033 non

158 3058 450 3112 erubescit
486 3075 500 3112 :
535 3059 678 3129 rapit
703 3075 824 3115 eam
864 3069 921 3116 et
954 3077 1064 3117 non
1092 3063 1325 3119 aediﬁcat
1346 3104 1361 3129 ,
1407 3081 1472 3121 ac
1500 3067 1546 3121 si
1575 3076 1762 3137 aperte

166 3151 447 3207 diceretur
473 3170 487 3207 :
516 3152 618 3220 Qui
650 3154 791 3209 hanc
820 3152 1091 3210 aediﬁcare
1127 3157 1312 3212 debuit
1345 3157 1565 3228 insuper
1594 3161 1755 3230 rapit.

1865 1994 2098 2050 amando
2142 1995 2433 2062 voluisset;
2482 1999 2605 2067 quia
2636 2013 2765 2055 vero
2801 2017 2896 2057 eas
2932 2004 3200 2075 diligendo
3228 2011 3448 2079 retinet,

1865 2083 1954 2140 hic
1981 2086 2168 2155 utique
2195 2102 2289 2142 eas
2318 2089 2436 2147 sine
2467 2089 2643 2145 fructu
2673 2092 3030 2164 derelinquet.
3072 2097 3148 2152 De
3183 2115 3290 2170 quo
3316 2104 3451 2157 scri-

1863 2184 2012 2245 ptum
2032 2185 2116 2232 est
2144 2196 2157 2230 :
2185 2178 2290 2244 Qui
2318 2179 2530 2249 festinat
2551 2181 2714 2236 ditari
2737 2199 2841 2237 non
2860 2186 2955 2239 erit
2984 2187 3229 2243 innocens
3260 2188 3445 2261 (Prov.

1865 2280 2069 2332 xxviii,
2108 2266 2225 2337 20).
2278 2268 2527 2325 Profecto
2561 2271 2705 2326 enim
2743 2273 2834 2341 qui
2875 2289 3074 2345 augere
3101 2292 3230 2347 opes
3255 2282 3447 2348 ambit,

1862 2356 2037 2411 vitare
2073 2366 2356 2427 peccatum
2390 2359 2654 2431 negligit,
2702 2370 2757 2416 et
2805 2378 2958 2419 more
3010 2366 3191 2421 avium
3235 2380 3447 2440 captus,

1863 2463 1985 2503 cum
2014 2464 2194 2504 escam
2229 2459 2568 2506 terrenarum
2599 2467 2780 2508 rerum
2806 2455 2998 2511 avidus
3027 2460 3310 2529 conspicit,
3340 2478 3449 2532 quo

1780 2589 1789 2592 ,
1863 2541 2232 2611 stranguletur
2265 2543 2474 2611 peccati
2516 2543 2712 2613 laqueo
2757 2561 2866 2600 non
2914 2551 3161 2617 agnoscit
3192 2568 3205 2604 :
3234 2560 3292 2606 et
3324 2568 3448 2615 cum

1862 2629 2118 2698 quaelibet
2162 2633 2447 2701 praesentis
2476 2634 2663 2689 mundi
2701 2634 2849 2690 lucra
2897 2639 3078 2708 cupidi
3114 2640 3445 2710 desiderant,

1861 2733 1928 2773 ea
1952 2735 2073 2789 qua:
2093 2719 2159 2775 de
2181 2720 2365 2776 futuro
2386 2721 2582 2777 damna
2610 2724 2893 2794 patiuntur
2913 2727 3185 2798 ignorant.
3214 2729 3450 2788 Audiant

1863 2807 2030 2879 igitur
2056 2810 2198 2878 quod
2242 2810 2504 2880 scriptum
2551 2822 2636 2867 est
2666 2830 2679 2867 :
2713 2813 2854 2880 Quid
2894 2817 3101 2885 prodest
3142 2819 3359 2885 homini,
3400 2823 3450 2877 si

1862 2907 2029 2953 totum
2068 2900 2210 2970 quod
2231 2911 2381 2957 extra
2407 2912 2483 2958 est
2520 2915 2823 2976 congregat,
2863 2907 2910 2962 si
2952 2908 3055 2964 hoc
3099 2909 3273 2966 solum
3304 2915 3447 2983 quod

1863 2990 1977 3061 ipse
2003 3000 2086 3046 est
2111 2992 2365 3048 damnat?
2402 2993 2479 3049 De
2506 3010 2615 3064 quo
2638 2996 2729 3065 qui
2758 3012 2818 3052 se
2845 2998 3105 3055 damnare
3134 3017 3240 3057 non
3269 3002 3448 3069 timet,

1861 3089 1918 3135 et
1945 3096 2054 3136 non
2081 3082 2335 3154 impletur
2361 3086 2613 3155 pecunia,
2645 3087 2840 3141 iterum
2868 3089 3128 3159 scriptum
3158 3100 3242 3147 est
3274 3110 3287 3147 :
3322 3091 3447 3148 Non

1861 3182 1936 3228 est
1971 3175 2193 3231 satiatus
2222 3187 2398 3232 venter
2418 3178 2532 3248 ejus
2550 3178 2670 3250 (Job
2688 3195 2779 3244 xx,
2803 3179 2914 3251 20).
2937 3201 2955 3233 ι
2986 3182 3203 3253 (Moral.
3230 3183 3325 3241 lib.
3352 3201 3443 3252 xv,

167 3244 446 3301 Venturus
487 3262 720 3318 namque
768 3248 823 3303 in
866 3247 1075 3317 judicio
1103 3250 1365 3306 Dominus
1400 3252 1647 3307 dicturus
1672 3258 1829 3321 estC
1860 3280 1910 3320 ε,
1933 3265 2046 3338 19,)
2091 3285 2110 3318 ι
2140 3265 2342 3323 Venter
2365 3244 2568 3339 quippe.
2593 3270 2761 3341 iniqui
2807 3244 3034 3327 avaritia
3071 3282 3185 3339 est,
3225 3276 3350 3345 quia
3390 3244 3448 3331 in

167 3338 420 3405 reprobis
448 3355 461 3391 :
495 3338 708 3395 Esurivi
738 3354 787 3396 et
826 3358 931 3396 non
970 3343 1189 3398 dedistis
1219 3345 1350 3399 mihi
1397 3346 1761 3408 manducare;

159 3442 242 3482 ex
267 3444 373 3498 qua
402 3429 558 3500 culpa
590 3430 864 3503 subiungit
895 3451 909 3486 :
938 3432 1202 3489 Discedite
1242 3452 1275 3489 a
1311 3452 1395 3493 me
1415 3478 1430 3502 ,
1475 3437 1760 3503 maledicti,

162 3521 225 3573 in
248 3521 419 3590 ignem
453 3532 724 3589 wternum,
764 3526 856 3595 qui
881 3536 1098 3596 paratus
1121 3536 1196 3581 est
1231 3528 1442 3585 diabolo
1484 3539 1532 3585 et
1562 3532 1762 3602 angelis

164 3609 286 3679 ejus
313 3609 523 3679 (Matth.
556 3628 686 3677 xxv,
709 3614 823 3685 42).
854 3614 913 3671 Si
943 3616 1109 3688 igitur
1134 3627 1285 3674 tanta
1315 3630 1475 3689 pinna
1501 3618 1764 3679 multatur

164 3700 265 3769 qui
294 3716 403 3755 non
430 3702 644 3759 dedisse
670 3707 1030 3773 convincitur,
1060 3724 1168 3778 qua
1195 3725 1355 3779 paena
1374 3710 1656 3768 feriendus
1679 3723 1764 3769 est

164 3792 265 3862 qui
304 3793 649 3865 redarguitur
680 3799 1006 3854 abstulisse?
1044 3800 1243 3870 Rapuit
1266 3816 1396 3872 ergo
1420 3811 1477 3857 et
1504 3818 1609 3857 non
1635 3805 1764 3859 aedi-

164 3884 356 3940 ﬁcavit
378 3899 520 3952 eam,
552 3886 680 3958 quia
705 3903 813 3944 non
843 3890 1019 3945 solum
1045 3892 1112 3947 de
1136 3906 1236 3946 suo
1264 3891 1399 3947 nihil
1431 3892 1640 3960 tribuit,
1669 3895 1762 3950 sed

165 3975 337 4030 etiam
367 3979 513 4047 quod
548 3988 670 4035 erat
706 3980 944 4037 alienum
978 3983 1119 4037 tulit.
1155 4001 1175 4034 ι
1219 3980 1513 4053 (I’astoral.
1549 3984 1644 4040 lib.
1675 4002 1758 4054 nt,

161 4078 225 4119 c.
252 4063 374 4136 21.)
433 4084 452 4117 ι
499 4068 567 4123 Et
592 4068 909 4142 plerumque
945 4072 1164 4141 quidam
1207 4074 1402 4129 divites
1429 4086 1632 4145 quanta
1661 4078 1760 4133 tri-

165 4153 344 4211 buunt
379 4169 646 4227 pensant,
692 4171 897 4230 quanta
928 4172 1110 4219 autem
1143 4165 1363 4235 rapiunt
1409 4168 1761 4225 considerare

168 4245 513 4302 dissimulant
544 4264 560 4303 :
587 4252 741 4320 quasi
770 4255 1078 4309 mercedem
1107 4266 1418 4324 numerant,
1448 4268 1504 4314 et
1531 4275 1761 4330 perpen-

170 4338 304 4392 dere
329 4338 515 4409 culpas
541 4351 814 4396 recusant.
842 4344 1083 4399 Audiant
1115 4346 1298 4416 itaque
1324 4349 1467 4416 quod
1494 4351 1758 4419 scriptum

166 4436 257 4481 est
289 4443 305 4480 :
338 4424 442 4493 Qui
471 4432 732 4485 mercedes
755 4435 1107 4504 congregavit,
1134 4437 1272 4491 misit
1294 4454 1383 4492 eas
1406 4438 1462 4492 in
1490 4439 1761 4495 sacculum

160 4528 442 4588 pertusum
472 4523 626 4594 (Agg.
657 4539 695 4587 ι,
726 4524 803 4594 6).
853 4525 911 4580 lu
947 4526 1164 4581 sacculo
1201 4526 1400 4599 quippe
1427 4541 1650 4600 pertuso
1683 4532 1761 4586 vi-

1865 3358 1983 3427 ipsa
2015 3358 2285 3429 colligitur
2311 3360 2574 3431 quidquid
2614 3376 2871 3431 perverso
2906 3364 3173 3421 desiderio
3203 3366 3448 3435 glutitnr.

1862 3446 2063 3519 Liquet
2110 3464 2241 3506 vero
2291 3451 2421 3520 quia
2472 3452 2699 3507 avaritia
2752 3452 3074 3509 desideratis
3127 3455 3289 3511 rebus
3337 3471 3446 3512 non

1863 3540 2240 3610 exstinguitur,
2279 3542 2375 3597 sed
2412 3553 2681 3614 augetur:
2712 3556 2839 3598 nam
2875 3558 3028 3599 more
3068 3545 3208 3616 ignis
3234 3561 3356 3600 cum
3386 3546 3451 3601 li-

1862 3646 1967 3700 gna
1997 3647 2117 3701 qua:
2147 3642 2435 3687 consumat
2464 3635 2738 3704 acceperit
2762 3636 3061 3702 excrescit,
3105 3644 3161 3691 et
3197 3637 3341 3691 unde
3370 3637 3453 3691 vi-

1862 3722 2021 3776 detur
2048 3724 2117 3777 ad
2144 3734 2475 3779 momentum
2502 3724 2719 3780 ﬂamma
2762 3727 3046 3796 comprimi
3073 3767 3088 3792 ,
3137 3727 3263 3782 inde
3291 3728 3453 3797 paulo

1861 3820 1985 3880 post
2024 3813 2268 3867 cernitur
2314 3813 2553 3868 dilatari.
2594 3814 2662 3867 Et
2711 3829 2852 3885 saepe
2894 3816 3237 3886 omnipotens
3281 3818 3449 3883 Deus,

1862 3916 1987 3955 cum
2046 3916 2225 3956 avara:
2280 3902 2450 3956 menti
2499 3903 2850 3957 vehementer
2900 3903 3173 3971 irascitur,
3216 3906 3366 3975 prius
3399 3906 3451 3960 ei

1860 3991 2128 4060 permittit
2156 3990 2224 4045 ad
2252 4000 2438 4045 votum
2482 3999 2674 4045 cuncta
2720 4001 3030 4063 suppetere,
3078 4003 3134 4048 et
3177 4005 3299 4064 post
3335 3997 3452 4051 haec

1861 4095 1960 4149 per
1989 4079 2249 4135 ultionem
2275 4080 2565 4144 subtrahit,
2606 4089 2666 4135 ut
2694 4096 2791 4150 pro
2833 4082 2918 4136 liis
2948 4083 3139 4138 debeat
3185 4085 3446 4154 supplicia

1863 4153 2094 4224 tolerare
2122 4168 2258 4239 (cap.
2291 4168 2405 4239 20).
2452 4168 2608 4224 Unde
2660 4178 2716 4224 et
2754 4170 3004 4225 subditur
3034 4188 3048 4224 :
3078 4168 3147 4224 Et
3192 4153 3309 4225 cum
3347 4174 3450 4225 ha-

1863 4257 2028 4311 buerit
2053 4274 2170 4327 qua:
2202 4258 2555 4327 concupierat,
2589 4258 2852 4328 possidere
2880 4275 2985 4313 non
3017 4261 3206 4329 poterit
3249 4260 3447 4331 (ibid).

1861 4346 2082 4417 Majoris
2111 4348 2309 4418 quippe
2336 4348 2631 4404 iracundiae
2664 4356 2778 4415 est,
2802 4364 2934 4409 cum
2965 4357 3022 4405 et
3059 4350 3162 4405 hoc
3193 4349 3445 4405 tribuitur

1862 4437 2003 4505 quod
2033 4437 2174 4492 male
2211 4436 2574 4504 desideratur,
2626 4445 2791 4508 atque
2837 4439 2962 4494 inde
2999 4441 3279 4510 repentina
3310 4443 3446 4499 ultio

1863 4529 2126 4598 sequitur,
2147 4529 2273 4599 quia
2301 4530 2408 4585 hoc
2432 4529 2666 4585 obtinuit
2693 4530 2856 4600 quod,
2877 4530 2987 4586 Deo
3013 4531 3302 4599 irascente,
3320 4550 3450 4590 con-

167 4614 333 4670 detur
357 4617 575 4685 quando
597 4619 827 4688 pecunia
850 4620 1104 4688 mittitur,
1135 4622 1229 4678 sed
1253 4625 1469 4692 quando
1494 4626 1761 4681 amittitur

1865 4617 2086 4687 cupivit.
2135 4616 2323 4674 Solent
2348 4633 2583 4688 namque
2620 4618 2827 4673 tardius
2860 4633 3121 4689 apparere
3157 4620 3337 4675 divina
3362 4620 3452 4690 ju—

172 4720 290 4761 non
316 4707 547 4763 videtur.
598 4709 702 4777 Qui
731 4724 859 4783 ergo
895 4722 1099 4782 quanta
1135 4713 1439 4786 largiuntur
1465 4719 1756 4788 aspiciunt,

168 4795 269 4851 sed
296 4805 500 4867 quanta
529 4799 749 4869 rapiunt
774 4815 885 4856 non
910 4803 1270 4872 perpendunt,
1302 4804 1357 4859 in
1386 4816 1609 4876 pertuso
1638 4822 1760 4863 sac-

162 4886 298 4943 culo
325 4890 603 4945 mercedes
639 4891 860 4947 mittunt
886 4933 901 4960 ,
951 4894 1078 4964 quia
1107 4894 1355 4964 profecto
1388 4896 1488 4952 bas
1518 4897 1572 4952 in
1603 4915 1755 4969 spem

166 4993 288 5035 suae
328 4979 539 5036 ﬁduciae
578 4982 848 5040 intuentes
883 4994 1198 5055 congerunt,
1228 4986 1322 5041 sed
1350 5002 1458 5042 non
1489 4988 1760 5045 intuentes

166 5069 408 5140 perdunt
456 5071 650 5143 (ibid.).
703 5073 772 5126 Et
812 5075 1055 5128 nonnuili
1103 5074 1300 5129 divites
1335 5075 1494 5144 hujus
1551 5077 1759 5142 mundi,

167 5173 296 5213 cum
330 5156 473 5214 fame
514 5162 828 5217 cruciantur
869 5161 1068 5218 Christi
1117 5177 1412 5234 pauperes,
1446 5163 1629 5221 efl'usis
1656 5167 1764 5222 lar-

75 5248 81 5267 ⁹
168 5252 433 5321 gitatibus
482 5256 728 5310 nutriunt
769 5256 1098 5322 histriones,
1132 5267 1189 5312 ct
1232 5263 1476 5328 tot'pcne
1522 5260 1764 5328 quotidie

170 5345 472 5414 perimunt,
505 5354 636 5415 quot
666 5347 1012 5402 morientium
1042 5362 1342 5417 pauperum
1378 5349 1519 5419 apud
1548 5364 1608 5403 se
1637 5349 1762 5405 sub—
1781 5380 1809 5406 ο

171 5432 314 5487 sidia
341 5434 698 5489 abscondunt.
743 5434 880 5490 Sunt
906 5435 1069 5489 etiam
1118 5436 1380 5502 nonnulli,
1410 5437 1502 5506 qui
1523 5435 1637 5506 jam
1665 5452 1761 5493 sua

171 5524 604 5582 misericorditer
643 5526 965 5596 largiuntur,
1000 5528 1093 5582 sed
1122 5542 1180 5582 se
1207 5529 1484 5584 custodire
1510 5546 1540 5584 a
1572 5543 1763 5598 pecca-

175 5613 250 5669 tis
284 5615 579 5687 negligunt,
628 5626 682 5670 et
719 5618 960 5671 venalem
1013 5617 1106 5672 Dei
1148 5619 1417 5689 justitiam
1469 5621 1762 5689 aestimant,

176 5722 301 5762 cum
330 5718 525 5763 curant
550 5725 647 5780 pro
671 5712 909 5781 peccatis
940 5727 1189 5767 nummos
1222 5713 1490 5779 tribuere,
1538 5721 1591 5768 et
1624 5713 1768 5769 arbi-

175 5806 395 5856 trantur
421 5813 481 5858 se
505 5816 661 5871 posse
696 5803 877 5881 inulte.
892 5818 1140 5873 peccare.
1172 5804 1240 5861 Et
1264 5815 1392 5863 sunt
1415 5806 1657 5863 nonnulli
1689 5808 1769 5864 di-

1863 4711 2005 4767 dicia
2038 4726 2161 4766 cum
2197 4711 2620 4782 praepediuntur,
2667 4726 2736 4767 ne
2779 4712 2991 4781 impleri
3038 4712 3273 4769 debeant
3305 4715 3447 4770 mala

1862 4812 2007 4859 vota.
2037 4802 2174 4857 Nam
2206 4794 2409 4873 quanto
2434 4804 2597 4859 citius
2626 4803 2828 4858 malum
2866 4814 3056 4861 votum
3082 4806 3293 4875 impleri
3324 4824 3446 4878 per-

1862 4894 2449 4964 mittitur,plerumque
2472 4902 2622 4950 tanto
2640 4894 2870 4951 celerius
2890 4898 3110 4965 punitur
3158 4897 3294 4969 (cap.
3329 4898 3444 4970 22).

1866 4983 2020 5040 Unde
2050 4995 2197 5040 recte
2231 4983 2431 5039 dicitur
2461 5002 2476 5038 :
2505 4982 2639 5039 Cum
2677 4984 2902 5038 satiatus
2943 4986 3123 5053 fuerit,
3159 4986 3450 5040 arctabitur

1869 5076 1993 5148 (Job
2019 5076 2252 5145 “.22).
2328 5077 2486 5132 Prius
2529 5078 2727 5148 quippe
2760 5076 2979 5131 anhelat
3026 5092 3122 5147 per
3165 5079 3451 5134 avaritiam

1867 5169 2153 5238 concupita
2179 5183 2530 5239 congregare,
2560 5177 2617 5223 et
2644 5183 2767 5223 cum
2796 5168 2952 5238 quasi
2979 5169 3034 5222 in
3062 5169 3294 5238 quodam
3324 5183 3461 5224 ven-

1868 5266 1950 5313 tre
1983 5258 2226 5314 avaritizc
2269 5258 2437 5313 multa
2476 5258 2830 5329 congesserit,
2862 5257 3093 5313 satiatus
3131 5259 3459 5323 arctabitur,

1866 5351 1992 5421 quia
2022 5350 2149 5406 dum
2178 5350 2432 5405 anxiatur
2455 5349 2687 5420 qualiter
2714 5349 2980 5419 acquisita
3015 5350 3303 5415 custodiat,
3335 5351 3457 5421 ipsa

1866 5457 1989 5497 eum
2034 5456 2133 5498 sua
2184 5441 2411 5496 satietas
2453 5448 2742 5512 angustat,
2793 5440 2920 5510 quia
2946 5454 3102 5495 mens
3128 5440 3302 5506 avari,
3334 5456 3458 5509 quae

1868 5535 2019 5605 prius
2065 5550 2134 5590 ex
2180 5534 2511 5590 abundantia
2557 5534 2798 5603 requiem
2850 5533 3167 5603 qumsierat,
3215 5545 3337 5603 post
3386 5533 3455 5587 ad

1869 5626 2168 5684 custmliam
2214 5626 2433 5694 gravius
2484 5625 2694 5680 laborat
2737 5625 2876 5697 (cap.
2901 5624 3022 5696 2⁵5),
3070 5634 3128 5679 et
3166 5627 3258 5694 qui
3305 5624 3456 5695 prius

1870 5716 2113 5771 laborem
2145 5715 2334 5771 habuit
2382 5716 2436 5771 in
2490 5716 2604 5785 ipsa
2649 5729 2759 5771 suae
2786 5716 3239 5787 concupiscentiae
3262 5714 3456 5785 fatiga-

1874 5807 2038 5876 tione,
2065 5806 2299 5877 qualiter
2315 5807 2601 5878 concupita
2625 5806 3160 5884 raperetLquomodo
3183 5806 3288 5863 alia
3312 5807 3458 5862 blan—
