4006 6338
626 395 722 451 871

1443 388 1772 444 HINCMARI
1819 384 2030 442 unm.
2071 378 2391 436 ARCHIEP.
2431 355 2794 442 OPUSCULA
2835 383 3064 444 VANA.
3727 398 3798 458 an

627 501 901 569 dimentis,
930 502 1033 557 alia
1057 499 1355 556 terroribus
1390 499 1648 564 auferret,
1671 507 1955 570 postquam
1979 493 2214 564 acquisi-
2241 497 2294 553 Α
2320 493 2644 550 habuerunt.
2673 495 2742 550 Et
2779 497 2902 552 talis
2938 507 3022 552 est
3045 496 3257 553 fructus
3286 500 3535 568 avaritiae,
3555 513 3605 557 et
3630 507 3800 567 lalisio.

627 599 700 654 tis
719 598 880 654 rebus
901 596 1146 668 pervenit
1170 595 1236 649 ad
1259 595 1607 658 desiderium,
1631 594 1767 648 alius
1787 594 1935 647 hunc
1958 589 2110 646 dolor
2129 589 2210 643 fa-

627 690 784 760 tigat,
822 695 881 741 ut
923 702 1046 741 cum
1088 684 1319 740 sollicito
1357 684 1551 738 timore
1591 684 1862 738 custodiat
1903 681 2047 751 quod
2087 695 2210 734 cum

627 779 778 850 gravi
801 777 985 830 labore
1017 775 1262 829 meminit
1295 774 1640 844 acquisitum.
1677 773 1815 827 Hinc
1840 772 1965 827 inde
1998 770 2214 826 insidia-

627 876 774 921 tores
795 863 1003 928 metuit,
1029 871 1190 930 atque
1209 863 1313 917 hoc
1330 877 1387 917 se
1416 861 1620 932 perpeti
1643 861 1785 932 quod
1811 861 1925 930 ipse
1941 859 2070 924 fecit
2091 859 2211 914 aliis

627 955 980 1026 pertimescit.
1014 952 1294 1008 Formidat
1314 953 1675 1022 potentiorem
1707 952 1960 1016 alterum,
1988 965 2056 1005 ne
2084 965 2210 1004 eum

628 1046 894 1102 sustineat
920 1046 1215 1101 violentum
1247 1063 1260 1098 :
1291 1060 1589 1115 pauperum
1621 1059 1751 1100 vero
1774 1059 1898 1100 cum
1926 1041 2209 1111 conspicit,

627 1139 935 1209 suspicatur
964 1137 1160 1192 furem.
1207 1138 1328 1207 lpsa
1365 1151 1579 1206 quoque
1607 1151 1728 1206 qua!
1771 1142 2027 1204 congesta
2063 1140 2206 1195 sunt,

629 1241 786 1286 curat
819 1246 1145 1300 magnopere
1176 1246 1244 1285 ne
1273 1246 1339 1285 ex
1378 1238 1587 1283 natura:
1615 1229 1847 1300 propriae
1875 1226 2085 1283 defectu
2117 1240 2213 1296 per

628 1321 1011 1391 negligentiam
1061 1329 1472 1375 consumantur.
1521 1320 1576 1372 ln
1613 1319 1698 1373 his
1730 1319 1911 1387 itaque
1938 1315 2208 1378 omnibus,

628 1415 758 1484 quia
813 1415 978 1468 timor
1033 1412 1148 1481 ipse
1202 1425 1360 1481 poena
1409 1417 1512 1473 est,
1576 1418 1722 1468 tanta
1777 1407 1963 1462 infelix
2009 1406 2213 1475 patitur

629 1511 829 1574 quanta
871 1502 979 1571 pati
1033 1502 1202 1555 timet.
1257 1501 1383 1554 Post
1417 1499 1520 1555 hoc
1563 1514 1777 1568 quoque
1805 1498 1874 1552 ad
1908 1499 2210 1568 gehennam

629 1594 865 1658 ducitur,
894 1593 1117 1648 (uternis
1147 1591 1478 1648 cruciatibus
1524 1590 1886 1660 mancipatur.
1937 1588 2069 1642 Mira
2111 1602 2208 1640 au-

629 1691 739 1737 tem
768 1691 851 1738 est
879 1682 1144 1737 securitas
1172 1681 1353 1737 cordis
1379 1681 1552 1736 aliena
1580 1695 1686 1735 non
1715 1693 1980 1749 quaerere,
2011 1692 2078 1732 ex
2105 1690 2209 1746 qua

632 1773 889 1828 videlicet
919 1773 1402 1835 securitateetiam
1428 1771 1683 1841 perennis
1705 1769 1920 1837 requies
1947 1767 2206 1830 nascitur,

628 1864 757 1934 quia
786 1863 925 1918 bona
950 1871 1006 1918 et
1035 1863 1322 1932 tranquilla
1345 1837 1672 1934 cogitatione
1698 1863 1763 1916 ad
1792 1861 1986 1932 gaudia
2008 1868 2209 1914 aeterna
2239 1837 2285 1896 Β

637 1955 900 2008 transitur
942 1954 1079 2025 (cap.
1129 1954 1252 2022 26).
1309 1953 1415 2008 Sed
1466 1954 1557 2022 qui
1605 1954 1659 2006 in
1698 1961 1964 2021 potestate
2005 1949 2210 2020 positus

628 2042 752 2097 aliis
777 2053 954 2107 nocet,
983 2043 1262 2113 fulgurans
1299 2039 1517 2106 dicitur,
1546 2042 1669 2112 quia
1702 2042 1844 2096 unde
1876 2043 1990 2111 ipse
2019 2047 2210 2095 contra

627 2134 799 2188 bonos
823 2133 975 2204 quasi
1001 2150 1068 2188 ex
1090 2135 1208 2188 luce
1233 2134 1420 2205 gloriae
1453 2133 1748 2198 extollitur,
1784 2133 1909 2187 inde
1946 2132 2211 2187 bonorum

630 2225 742 2279 vita
785 2225 1060 2280 cruciatur
1103 2227 1239 2296 (cap.
1283 2224 1398 2295 29).
1448 2225 1552 2292 Qui
1613 2241 1720 2294 qua
1763 2225 1967 2279 ultione
2006 2224 2087 2290 sit,
2135 2223 2212 2278 fe-

631 2317 853 2372 riendus
888 2317 1126 2372 dicitur:
1159 2317 1469 2382 Devorabit,
1522 2317 1730 2386 inquit,
1775 2335 1892 2372 eum
1940 2318 2074 2387 ignis
2121 2317 2212 2387 qui

627 2423 734 2462 non
761 2409 1096 2463 succenditur
1135 2408 1258 2479 (Job
1289 2425 1380 2474 xx,
1409 2409 1501 2480 25)
1529 2427 1541 2460 :
1575 2410 1771 2480 quibus
1817 2411 2005 2478 paucis
2035 2409 2211 2464 verbis

628 2500 769 2554 miro
797 2500 952 2554 valde
981 2501 1139 2555 modo
1168 2515 1458 2569 expressus
1485 2509 1568 2555 est
1603 2501 1742 2571 ignis
1767 2502 2042 2571 gehennae.
2067 2501 2211 2572 lgnis

627 2605 864 2660 namque
908 2605 1222 2660 corporeus,
1260 2599 1319 2644 ut
1363 2606 1485 2646 esse
1528 2592 1668 2662 ignis
1696 2593 1890 2657 valeat,
1936 2592 2212 2662 corporeis

545 2671 550 2674 ’
629 2681 835 2750 indiget
862 2681 1135 2736 fomentis.
1164 2681 1417 2749 Quicum
1457 2700 1679 2739 necesse
1705 2693 1788 2740 est
1833 2694 1894 2738 ut
1940 2694 2208 2751 servetur,

623 2783 727 2839 per
758 2782 1011 2841 congesta
1053 2773 1194 2841 ligna
1224 2774 1410 2843 procul
1433 2774 1597 2829 dubio
1639 2776 1898 2838 nutritur,
1924 2790 2024 2831 nec
2066 2769 2212 2830 valet

628 2861 735 2915 nisi
777 2877 1068 2916 succensus
1100 2879 1246 2929 esse,
1294 2873 1350 2919 et
1386 2865 1489 2919 nisi
1536 2865 1741 2920 refotus
1789 2869 2104 2922 subsistere.
2139 2867 2210 2920 At

628 2960 817 3003 contra
848 2952 1109 3022 gehennae
1155 2953 1316 3023 ignis,
1353 2970 1477 3008 cum
1519 2956 1590 3009 sit
1619 2971 1930 3025 corporeus,
1968 2966 2022 3011 et
2053 2956 2108 3010 in
2151 2971 2210 3011 se

628 3041 824 3095 missos
852 3045 1111 3112 reprobus
1141 3045 1498 3112 corporaliter
1531 3055 1741 3108 exurat,
1788 3062 1888 3101 nec
1917 3062 1984 3101 ex
2031 3047 2208 3103 studio

626 3131 850 3201 proprio
879 3134 1245 3198 succenditur,
1274 3149 1373 3190 nec
1403 3135 1563 3206 lignis
1586 3137 1843 3201 nutritur,
1866 3137 1958 3192 sed
1993 3147 2207 3193 creatus

627 3224 796 3278 semel
829 3224 985 3279 durat
1013 3226 1486 3297 inexstinguibilis,
1515 3236 1571 3283 et
1595 3231 1949 3294 succensione
1978 3247 2084 3286 non
2120 3231 2205 3284 in-

627 3317 796 3388 diget,
827 3327 882 3373 et
913 3319 1106 3374 ardore
1135 3337 1240 3374 non
1277 3329 1462 3374 caret:
1489 3321 1612 3389 quia
1642 3323 2024 3391 omnipotentis
2050 3323 2208 3392 justi-

627 3410 704 3464 tia
735 3409 1038 3466 futurorum
1081 3413 1340 3480 praescia,
1373 3413 1442 3466 ah
1479 3414 1590 3480 ipsa
1637 3415 1823 3468 mundi
1869 3415 2076 3485 origine
2111 3430 2206 3484 ge-

624 3501 821 3556 hennae
847 3503 1028 3572 ignem
1063 3504 1287 3568 creavit,
1311 3504 1402 3572 qui
1432 3504 1485 3557 in
1515 3519 1676 3572 pwna
1705 3506 2058 3573 reproborunt
2090 3520 2210 3560 esse

624 3594 796 3649 semel
828 3595 1112 3665 inciperet,
1153 3598 1247 3651 sed
1293 3597 1544 3650 ardorem
1590 3613 1745 3650 suum
1785 3599 1948 3651 etiam
1987 3599 2106 3652 sine
2146 3597 2209 3652 li-

624 3683 747 3756 gnis
793 3701 1068 3756 nunquam
1116 3687 1316 3742 ﬁniret.
1370 3687 1660 3743 Sciendum
1712 3703 1839 3743 vero
1893 3699 2007 3754 est,
2067 3688 2211 3758 quod

624 3790 817 3831 omnes
847 3777 1082 3847 reprobi,
1109 3779 1235 3848 quia
1277 3794 1344 3833 ex
1387 3780 1568 3834 anima
1608 3780 1769 3835 simul
1798 3789 1853 3836 et
1891 3795 2056 3836 carne
2085 3796 2210 3852 pec-

625 3877 914 3932 caverunt,
946 3869 1056 3924 illic
1098 3869 1151 3924 in
1185 3870 1363 3924 anima
1387 3873 1590 3943 pariter
1619 3881 1674 3928 et
1699 3888 1866 3928 carne
1892 3875 2210 3929 cruciantur

625 3961 764 4033 (cap.
817 3963 931 4035 50).
963 3963 1137 4031 Quam
1171 3965 1439 4037 videlicet,l
1463 3983 1682 4023 carnem
1724 3984 1849 4023 cum
1881 3969 1932 4022 in
1969 3983 2211 4023 resurre-

624 4051 806 4108 ctione
831 4055 1114 4124 recipient,
1141 4071 1261 4110 cum
1298 4072 1362 4110 ea
1401 4058 1663 4128 gehenme
1700 4059 1914 4129 ignibus
1941 4059 2210 4114 ardebunt

624 4144 832 4200 traditi.
875 4145 946 4200 Et
987 4156 1116 4202 tunc
1158 4149 1226 4202 ab
1271 4163 1335 4203 ea
1379 4146 1571 4204 abduci
1621 4160 1893 4220 appetent,
1939 4161 2065 4206 tunc
2095 4153 2212 4221 ejus

625 4243 896 4292 tormenta
925 4240 1178 4295 evadere
1215 4241 1259 4295 si
1308 4243 1582 4310 potuerint
1618 4253 1882 4313 quaerent,
1910 4252 2039 4298 tunc
2078 4243 2212 4298 inci-

623 4325 776 4394 pient
801 4327 940 4381 velle
975 4329 1151 4384 vitare
1187 4331 1332 4400 quod
1371 4341 1727 4386 amaverunt:
1762 4334 1857 4388 sed
1899 4333 2027 4403 quia
2070 4349 2214 4388 eam-

626 4413 750 4467 dem
793 4429 1012 4470 carnem
1043 4417 1154 4472 Deo
1191 4421 1522 4474 contrariam
1573 4431 1890 4491 posuerunt,
1935 4421 2213 4491 judicante

2316 586 2500 655 quitur
2537 589 2992 642 remunerationis
3036 587 3280 644 eli‘ectus.
3315 589 3439 656 Quae
3479 593 3686 660 profecto
3713 613 3801 654 ava-

2314 675 2441 730 ritia
2492 677 2629 732 bene
2677 677 3064 746 compescitur,
3117 677 3161 732 si
3213 677 3331 746 ipse
3384 689 3547 736 status
3588 685 3803 746 ambientis
3902 675 3903 746 Ϊ

2313 768 2545 824 sollicite
2579 771 2975 825 consideratur.
3023 769 3156 824 Nam
3186 786 3288 826 cur
3323 771 3480 827 instet
3517 775 3579 829 ad
3618 778 3804 851 colligen-

2312 860 2465 925 dum,
2521 861 2740 929 quando
2790 869 2938 916 stare
2986 876 3092 916 non
3144 869 3325 931 potest
3357 863 3468 933 ipse
3507 869 3588 935 qui
3624 870 3807 941 colligit?
3902 860 3903 890 ἶ

2313 950 2544 1007 Cursum
2570 968 2698 1022 ergo
2723 968 2878 1014 suum
2904 955 3134 1025 quisque
3161 956 3484 1021 consideret,
3506 968 3556 1012 et
3585 974 3806 1030 cognoscat

2313 1042 2417 1096 sibi
2461 1043 2708 1098 sullicere
2737 1057 2902 1112 parva
2931 1060 3051 1113 qua:
3076 1045 3242 1100 habet
3269 1064 3284 1100 :
3309 1046 3400 1101 sed
3443 1046 3647 1105 fortasse
3670 1057 3806 1109 metuit

2313 1146 2383 1185 ne
2411 1132 2465 1186 in
2497 1131 2656 1201 hujus
2681 1135 2802 1188 vitae
2832 1133 3027 1189 itinere
3054 1144 3302 1206 sumptus
3324 1137 3499 1192 desit:
3522 1139 3660 1209 longa
3679 1153 3804 1198 nostra

2313 1224 2582 1280 desideria
2627 1227 2872 1295 increpat
2902 1227 2988 1281 via
3031 1227 3234 1292 brevis,
3265 1228 3529 1285 incassum
3557 1230 3696 1285 multa
3723 1248 3804 1302 ροτ-
3902 1259 3903 1302 γ

2313 1324 2520 1381 tantur,
2554 1332 2674 1370 cum
2706 1317 2860 1386 juxta
2885 1328 2970 1372 est
2994 1333 3102 1386 quo
3131 1319 3398 1389 pergitur.

2383 1403 2537 1458 Alius
2557 1419 2615 1460 se
2645 1404 2913 1475 tyrannidi
2951 1407 3216 1474 superbiae
3245 1406 3482 1477 subiicit,
3524 1416 3574 1463 et
3599 1424 3678 1464 cor
3696 1409 3802 1468 mise-
3902 1437 3903 1440 η

2313 1512 2455 1562 rum,
2489 1497 2615 1551 dum
2661 1505 2848 1551 contra
2898 1497 3143 1553 homines
3189 1499 3373 1568 erigit,
3400 1499 3526 1557 vitio
3568 1501 3802 1556 substernit.

2314 1587 2588 1643 Honorum
2625 1588 2935 1643 sublimium
2971 1588 3170 1644 infulas
3215 1591 3450 1660 appetit,
3497 1591 3692 1647 exaltari
3727 1611 3805 1648 suc-

2313 1679 2557 1733 cessibus
2586 1679 2846 1747 exquirit,
2875 1687 3153 1748 totumque
3182 1681 3329 1750 quod
3354 1697 3470 1736 esse
3493 1682 3719 1737 desiderat
3737 1686 3803 1738 sibi
3902 1691 3903 1708 ‘

2315 1772 2456 1841 apud
2507 1772 2851 1840 semetipsum
2901 1772 2956 1825 in
3004 1772 3425 1842 cogitationibus
3473 1775 3696 1844 depingit.
3724 1775 3803 1829 lam

2315 1864 2466 1932 quasi
2513 1863 2748 1918 tribunal
2796 1864 3057 1932 possidet,
3102 1862 3215 1932 jam
3261 1866 3366 1920 sibi
3419 1881 3596 1934 parere
3619 1868 3803 1935 obsequia

2315 1953 2678 2020 subjectorutn
2713 1955 2877 2020 videt,
2920 1953 3035 2022 jam
3082 1957 3297 2010 ueteris
3347 1957 3558 2019 eminet,
3598 1957 3688 2026 jam
3726 1957 3803 2010 aliis

2316 2047 2456 2100 mala
2503 2047 2726 2114 irrogat,
2757 2045 2878 2100 aliis
2921 2048 3046 2116 quia
3096 2047 3462 2117 irrogaverint
3502 2059 3802 2117 recompensat.

2314 2135 2432 2190 Jatn
2473 2138 2613 2208 apud
2641 2138 2986 2207 semetipsum
3027 2133 3264 2207 stipatus
3301 2139 3485 2192 cuneis
3511 2141 3570 2192 ad
3609 2137 3802 2208 publicum

2314 2232 2580 2300 procedit,
2603 2231 2715 2298 jam
2754 2232 2949 2300 quibus
2993 2233 3270 2300 obsequiis
3315 2231 3560 2288 fulciatur
3601 2233 3800 2300 conspicit.

2313 2325 2405 2393 qui
2435 2335 2613 2377 tamen
2641 2326 2755 2379 ham
2798 2325 3039 2393 cogitans
3068 2325 3217 2379 solus
3242 2326 3453 2394 repetit.
3481 2325 3586 2379 Jam
3622 2324 3701 2377 alia
3722 2339 3802 2376 cou-

2314 2414 2513 2478 culcat,
2545 2414 2649 2468 alia
2679 2415 2947 2480 sublevat,
2985 2415 3097 2482 jam
3142 2415 3210 2468 de
3255 2415 3575 2470 conculcatis
3617 2411 3803 2467 satisfacit

2313 2507 2476 2573 odiis,
2499 2506 2612 2575 jam
2637 2509 2704 2562 de
2743 2507 3037 2563 sublevatis
3079 2509 3276 2578 recipit
3317 2508 3541 2562 favores.
3580 2505 3663 2572 Qui
3696 2505 3802 2573 igitur

2317 2609 2396 2654 tot
2441 2602 2818 2669 phantasmata
2866 2601 3014 2655 cordi
3068 2601 3368 2670 imprimit,
3418 2599 3538 2669 quid
3585 2599 3668 2652 iste
3707 2594 3800 2648 aliud

2313 2705 2476 2759 quam
2507 2691 2778 2745 somnium
2809 2689 3041 2759 vigilans
3075 2690 3262 2744 videt?
3299 2689 3430 2756 Quia
3457 2704 3574 2756 ergo
3597 2695 3660 2740 tot
3680 2699 3799 2739 rerum

2313 2796 2506 2836 causas
2541 2796 2676 2849 quas
2716 2782 2868 2852 tingit
2898 2781 3114 2845 tolerat,
3159 2782 3418 2835 nimirum
3447 2779 3720 2833 intrinsecus
3738 2790 3798 2828 na-

2313 2879 2396 2926 tas
2423 2888 2490 2925 ex
2531 2872 2812 2927 desideriis
2863 2872 3048 2925 turbas
3094 2857 3299 2940 portat.
3329 2870 3539 2942 (Moral.
3572 2867 3650 2921 lib.
3676 2879 3796 2924 xmv,

2311 2979 2361 3018 c.
2392 2963 2508 3035 25.)
2541 2983 2560 3015 ε
2588 2964 2750 3031 Quasi
2781 2963 2924 3018 enim
2956 2971 3219 3034 tyrannus
3245 2962 3462 3032 quidam
3499 2961 3725 3015 obsessam
3753 2956 3797 3007 ci-

2310 3057 2533 3111 vitatem
2565 3056 2856 3125 intercipit,
2899 3071 3020 3109 eum
3065 3064 3305 3109 mentem
3336 3053 3570 3124 superbia
3597 3049 3793 3117 irrumpit;

2313 3156 2367 3203 et
2393 3163 2500 3217 quo
2529 3148 2780 3202 ditiorem
2815 3161 3085 3216 quemque
3109 3146 3345 3215 ceperit,
3373 3161 3438 3200 eo
3464 3146 3514 3199 in
3549 3141 3722 3198 domino
3738 3140 3797 3190 dn-

2311 3241 2426 3294 rior
2462 3240 2727 3310 exsurgit,
2773 3240 2898 3308 quia
2946 3252 3053 3306 quo
3099 3237 3339 3306 amplius
3381 3253 3467 3291 res
3507 3235 3690 3289 virtutis
3725 3231 3798 3284 sine

2307 3329 2612 3385 humilitate
2643 3329 2841 3400 agitur,
2870 3344 2935 3383 eo
2958 3327 3121 3383 latius
3146 3329 3254 3382 ista
3280 3329 3592 3383 dominatur.
3621 3319 3798 3390 Quisquis

2307 3434 2437 3473 vero
2459 3418 2577 3487 ejus
2599 3419 2652 3472 in
2678 3434 2737 3473 se
2767 3419 3104 3488 tyrannidem
3129 3419 3347 3488 captiva
3377 3426 3544 3471 mente
3566 3408 3797 3478 susceperit.

2307 3509 2411 3564 hoc
2455 3511 2688 3580 primum
2731 3510 2986 3564 damnum
3035 3511 3264 3579 patitur,
3307 3509 3447 3579 quod
3482 3507 3643 3561 clauso
3679 3496 3797 3556 cordis

2307 3601 2464 3656 oculo
2486 3601 2675 3670 judicii
2709 3603 3015 3671 aequitatem
3047 3601 3250 3672 perdit.
3279 3601 3411 3655 Nam
3443 3607 3615 3654 cuncta
3647 3589 3796 3663 quael)

2309 3691 2429 3745 aliis
2479 3690 2565 3745 vel
2612 3690 2750 3745 bene
2800 3697 3064 3761 geruntur
3109 3690 3500 3760 displicent,.et
3542 3685 3636 3741 sola
3659 3682 3797 3748 eique

2311 3780 2427 3848 ipse
2455 3780 2537 3834 vel
2577 3795 2740 3850 prave
2767 3780 2942 3850 egerit
2984 3780 3224 3848 placent.
3276 3779 3496 3850 Semper
3511 3773 3666 3831 aliena
3688 3782 3794 3840 open

2311 3870 2561 3940 despicit,
2593 3886 2811 3941 semper
2835 3872 3064 3927 miratur
3095 3873 3242 3941 quod
3271 3871 3400 3926 facit
3430 3888 3445 3924 :
3485 3861 3597 3939 quia
3621 3872 3665 3918 et
3690 3859 3795 3930 quid-

2311 3962 2439 4031 quid
2469 3963 2662 4033 egerit,
2690 3963 2867 4034 egisse
2915 3977 2974 4017 se
3021 3963 3374 4034 singulariter
3400 3961 3577 4024 credit,
3610 3966 3740 4047 atque.
3760 3949 3794 4047 io

2311 4068 2376 4106 eo
2405 4055 2548 4122 quod
2581 4053 2802 4109 exhibet
2828 4069 2926 4124 per
2957 4053 3142 4123 gloriae
3162 4055 3525 4125 cupiditatem,
3562 4040 3794 4108 sibimetipsi

2311 4144 2458 4198 favet
2489 4160 2584 4214 per
2612 4145 3020 4215 cogitationem,
3049 4155 3105 4201 et
3144 4163 3268 4202 cum
3305 4163 3363 4202 se
3398 4146 3448 4200 in
3471 4141 3654 4200 cunctis
3674 4145 3794 4190 trans-

2311 4236 2545 4291 cendere
2599 4247 2825 4292 caateros
2871 4239 3139 4303 aestimat,
3199 4255 3300 4309 per
3351 4238 3454 4291 lata
3503 4228 3794 4302 cogitationum

2313 4327 2486 4396 spatia
2515 4341 2698 4382 secum
2747 4329 3122 4395 deambulans,
3155 4330 3344 4386 laudes
3383 4343 3501 4386 suas
3542 4323 3698 4379 tacitus
3725 4315 3796 4368 cla-

2314 4425 2445 4470 mat.
2484 4415 2880 4488 Nonnunquam
2925 4435 3056 4475 vero
3086 4421 3153 4475 ad
3192 4431 3395 4476 tantam
3423 4418 3672 4474 elationem
3694 4416 3796 4462 me“!

627 4500 762 4570 Deo,
786 4514 996 4575 agetur,
1024 4515 1085 4561 ut
1118 4523 1184 4562 ex
1225 4524 1288 4564 ea
1313 4512 1544 4582 amplius
1585 4515 1708 4582 igne
1734 4515 2066 4569 crucientur.
2115 4513 2211 4570 llic
2238 4533 2299 4596 ι)
2319 4511 2548 4574 ducitur,
2578 4521 2636 4566 ut
2677 4513 2732 4568 in
2779 4529 2846 4569 eo
2873 4516 3015 4584 quod
3063 4513 3234 4570 tumet
3261 4516 3420 4570 etiam
3448 4528 3536 4583 per
3559 4498 3795 4596 ostentatio-

629 4593 814 4664 itaque
835 4611 955 4650 eam
981 4600 1212 4666 amplius
1243 4599 1548 4671 relinquere
1580 4619 1684 4659 non
1718 4614 1987 4674 appetent,
2031 4617 2087 4661 et
2134 4617 2214 4661 ta-

629 4697 754 4738 men
785 4686 852 4740 ab
879 4701 942 4740 ea
973 4688 1404 4745 abstrahuntur:
1445 4693 1556 4748 illic
1599 4709 1719 4750 eam
1769 4697 2074 4766 relinquere
2117 4713 2212 4768 ap-

628 4784 843 4845 petunt,
883 4784 941 4832 et
971 4787 1148 4833 tamen
1186 4780 1239 4834 in
1269 4795 1332 4835 ea
1358 4791 1576 4852 propter
1604 4786 1865 4854 supplicia
1907 4789 2213 4843 servabun-

627 4873 738 4920 tur.
782 4866 864 4920 Ad
894 4877 1246 4938 augmentum
1273 4870 1457 4940 itaque
1487 4875 1760 4940 tormenti,
1791 4885 1846 4930 et
1876 4877 1964 4933 hic
1997 4881 2062 4933 de
2091 4895 2214 4934 cor-

625 4971 760 5028 pore
775 4959 1023 5014 nolentes
1037 4960 1359 5026 educuntur,
1372 4971 1428 5016 et
1449 4963 1556 5019 illic
1572 4965 1626 5019 in
1644 4982 1872 5037 corpore
1890 4969 2215 5025 tenebuntur

628 5045 815 5114 inviti;
853 5069 871 5102 ι
903 5058 954 5105 et
981 5051 1179 5119 quibus
1210 5051 1462 5119 inimicus
1487 5055 1734 5123 pedicam
1771 5073 1892 5112 cum
1920 5059 2075 5130 culpa
2111 5062 2214 5116 sub

627 5141 864 5196 terrenis
893 5143 1214 5208 commodis,
1245 5152 1301 5198 et
1329 5143 1630 5215 decipulam
1671 5163 1792 5202 cum
1851 5165 1999 5215 esca,
2046 5151 2096 5205 id
2133 5162 2217 5208 est

626 5228 839 5286 lucrum
883 5248 1005 5287 cum
1036 5233 1191 5304 culpa
1222 5243 1276 5289 et
1305 5239 1721 5305 prosperitatem
1767 5256 1888 5294 cum
1933 5242 2218 5311 iniquitate

627 5325 829 5393 posuit,
857 5325 967 5381 illic
997 5340 1215 5396 ptenam
1247 5329 1622 5385 retributionis
1646 5331 1884 5403 effugere
1923 5349 2029 5386 non
2063 5343 2218 5404 pote-

629 5423 759 5467 runt
788 5429 950 5484 quam
999 5415 1333 5471 ministrabit
1359 5435 1370 5470 :
1401 5427 1454 5473 et
1484 5419 1740 5490 eil'ugium
1771 5422 1824 5476 in
1865 5421 2050 5478 dolore
2087 5440 2219 5479 con-

631 5504 952 5574 stringente,
1001 5506 1070 5559 ad
1121 5506 1424 5561 orationem
1469 5519 1632 5580 atque
1677 5512 2001 5582 sapientiam
2046 5515 2217 5570 oculis

633 5598 1000 5667 aperientibus
1048 5602 1316 5670 sapientia
1365 5604 1586 5660 minime
1635 5610 1894 5678 proderit,
1946 5609 2072 5680 quia
2106 5609 2217 5675 hic,

635 5687 724 5740 ubi
755 5690 969 5758 operari
1003 5692 1306 5748 debuerunt
1334 5704 1389 5748 et
1423 5705 1748 5764 potuerunt,
1784 5701 2045 5770 operandi
2086 5710 2223 5755 tem—

635 5792 737 5847 pus
759 5780 1076 5850 amiserunt,
1106 5785 1197 5840 ubi
1229 5803 1259 5840 a
1289 5787 1564 5857 voluptate
1583 5790 1795 5849 clausos
1819 5795 1995 5852 cordis
2035 5795 2223 5854 oculos

2318 4617 2442 4657 nem
2485 4602 2772 4659 locutionis
2821 4604 3134 4660 ell‘renetur.
3191 4607 3298 4661 Sed
3336 4614 3476 4660 tanto
3514 4598 3658 4654 facilis
3691 4589 3795 4646 milli

2317 4696 2583 4766 sequitur,
2635 4707 2841 4766 quanto
2891 4698 3031 4768 apud
3099 4714 3159 4754 se
3228 4701 3450 4770 quisque
3501 4682 3794 4764 imprudentius

2318 4792 2607 4847 exaltatur.
2643 4793 2781 4850 Hinc
2823 4796 2966 4850 enim
3030 4796 3289 4865 scriptum
3340 4803 3420 4849 est
3454 4810 3467 4846 :
3504 4791 3618 4844 Ante
3653 4782 3795 4872 niuali!

2317 4883 2586 4937 exaltatur
2615 4901 2706 4938 cor
2749 4882 2933 4954 (Prov.
2958 4901 3031 4947 vt,
3061 4886 3172 4957 l8).
3221 4885 3357 4940 Hinc
3393 4898 3483 4953 per
3507 4873 3725 4934 Danieletn
3745 4865 3796 4918 di‘

2319 4979 2501 5033 citur:
2533 4976 2602 5031 In
2639 4977 2767 5031 aula
2794 4977 3080 5049 Babylonis
3122 4977 3480 5033 deambulabat
3515 4984 3622 5032 rex;
3652 4972 3797 5028 τεεροη·

2320 5067 2496 5138 ditque
2524 5076 2573 5121 et
2608 5068 2682 5120 ait
2707 5081 2725 5118 :
2750 5067 2942 5123 Nonne
2979 5069 3090 5122 lure
3120 5079 3195 5124 est
3225 5067 3453 5138 Babylon
3485 5073 3662 5148 magna,

2321 5177 2413 5230 ego
2451 5160 2710 5227 wdiﬁcavi
2739 5161 2795 5213 in
2824 5160 3038 5214 domum
3066 5162 3232 5229 regni,
3270 5161 3324 5214 in
3354 5157 3520 5211 robore
3555 5137 3795 5230 fortitudine

2322 5222 2470 5316 mete,
2501 5222 2754 5321 ingloria
2786 5251 2988 5305 decoris
3028 5222 3171 5305 mei”?
3199 5222 3356 5323 (Dan.
3403 5264 3466 5308 tv,
3505 5241 3582 5304 26,
3605 5234 3696 5303 Ξῖ)

2325 5341 2469 5396 hunc
2501 5353 2767 5396 tumorem
2815 5357 2978 5411 quam
3021 5343 3235 5397 concita
3274 5339 3492 5395 vindicta
3544 5323 3792 5411 repressemj

2327 5431 2471 5486 illico
2515 5432 2777 5503 adjungit,
2825 5408 3010 5487 dicens
3045 5449 3058 5484 :
3101 5430 3329 5499 Cumque
3361 5426 3521 5481 adhuc
3558 5427 3690 5503 serta?
3708 5408 3792 5503 “f5

2298 5536 2302 5540 '
2327 5521 2383 5575 in
2414 5538 2504 5574 ore
2525 5491 2806 5592 τεξιίεῗυοῷ
2825 5522 2890 5575 de
2921 5521 3048 5574 caelo
3073 5523 3178 5576 ruit
3200 5535 3218 5572 :
3241 5491 3354 5574 Tibi
3374 5515 3564 5574 dicitur,
3592 5491 3792 5592 Nabube

2327 5613 2556 5665 donosor
2579 5583 2676 5666 rex.
2699 5625 2718 5663 :
2745 5611 2978 5682 Regnum
3009 5623 3160 5666 tuum
3207 5607 3437 5665 transibit
3461 5622 3489 5658 α
3524 5612 3583 5662 τε,
3605 5603 3642 5648 εί
3661 5583 3792 5682 7"be.

2327 5702 2554 5756 minibus
2585 5712 2634 5756 te
2663 5675 2892 5772 ejicienl,
2922 5713 2968 5756 et
2999 5720 3120 5758 cum
3150 5703 3317 5758 bestiis
3343 5711 3390 5755 et
3417 5693 3528 5768 feris
3549 5688 3626 5743 crit
3651 5675 3789 5772 iam:

2331 5795 2402 5851 tio
2425 5805 2517 5849 tua
2549 5807 2566 5845 :
2597 5768 2777 5863 fenum
2797 5793 2949 5865 quasi
2983 5793 3070 5849 bos
3100 5798 3349 5857 comedas,
3376 5801 3420 5844 et
3448 5791 3605 5853 septem
3625 5768 3786 5830 (cuipam
