4006 6338
165 335 271 393 875

1337 333 1426 390 DE
1461 333 1806 392 CAVENDI’S
1848 335 2052 394 VITIIS
2080 378 2094 405 ,
2130 337 2283 396 ETC.

3331 347 3438 404 8M

163 443 504 503 mutabuntur
544 462 700 518 super
748 455 796 502 te
847 445 1010 518 (Dan.
1047 464 1124 514 tv,
1159 446 1249 516 28,
1283 447 1398 520 29).
1431 449 1572 504 Ecce
1620 448 1748 517 quia
1775 454 1824 514 Α
1857 453 2022 518 tibus,
2068 453 2120 508 id
2151 455 2317 511 estin
2350 455 2565 513 lascivis
2593 465 2650 513 ct
2679 457 2892 513 luxuria
2930 419 3225 517 fetentibus
3263 465 3438 519 cordi-

164 550 344 594 tntnor
380 538 578 592 mentis
622 553 792 607 usque
837 539 904 593 ad
952 549 1139 609 aperta
1187 541 1350 594 verba
1401 548 1453 595 te
1503 538 1747 611 protulit,

159 628 418 702 patientia
441 628 641 698 judicis
680 629 930 698 protinus
955 644 1124 699 usque
1165 630 1232 684 ad
1271 628 1600 685 sententiam
1626 643 1752 682 eru-

159 718 260 790 pit,
315 726 576 787 tantoque
603 717 749 773 hunc
779 718 1077 774 districtius
1123 720 1389 790 perculit,
1441 729 1644 788 quanto
1694 733 1752 774 se

156 812 276 884 ejus
299 809 553 880 superbia
586 810 995 866 immoderatius
1035 811 1209 867 erexit
1235 829 1248 865 :
1279 820 1336 866 et
1373 811 1500 883 quia
1530 825 1752 865 enume-

159 905 329 959 randa
374 903 517 958 bona
555 903 726 968 duxit,
761 903 815 956 in
847 903 1046 974 quibus
1097 903 1198 959 sibi
1250 904 1473 974 placuit,
1529 918 1753 959 enume-

156 1003 271 1050 rata
306 989 450 1050 mala
502 994 558 1049 in
618 995 815 1066 quibus
867 994 1142 1062 feriretur,
1194 996 1418 1051 audivit.
1454 1016 1472 1048 ι
1529 995 1752 1052 Cunctis

159 1100 398 1158 namque
424 1087 655 1157 superba
684 1086 825 1156 apud
863 1101 921 1141 se
947 1087 1278 1158 cogitatione
1311 1087 1642 1142 tumentibus
1668 1087 1752 1141 in-

153 1185 236 1232 est
259 1177 471 1232 clamor
490 1176 546 1231 in
569 1177 865 1244 locutione,
893 1179 1203 1233 amaritudo
1227 1179 1279 1232 in
1308 1179 1545 1245 silentio,
1576 1179 1749 1234 disso-

153 1269 291 1325 lutio
336 1269 387 1324 in
429 1267 725 1336 hilaritate,
754 1269 910 1325 furor
947 1270 1000 1325 in
1037 1269 1284 1337 tristitia,
1333 1271 1650 1326 inhonestus
1690 1271 1746 1325 in

156 1363 394 1428 actione,
447 1363 708 1419 honestas
741 1363 796 1417 in
843 1364 1101 1436 imagine,
1141 1364 1339 1420 electio
1393 1364 1448 1419 in
1509 1365 1750 1431 incessu,

153 1467 356 1510 rancor
394 1453 448 1509 in
496 1455 870 1526 responsione.
919 1454 1121 1510 Horttm
1158 1470 1375 1526 semper
1413 1465 1498 1510 est
1544 1456 1653 1510 vita
1682 1457 1750 1511 ad

153 1546 482 1618 irrogandas
539 1545 897 1602 contumelias
946 1546 1145 1613 valida,
1185 1547 1252 1602 ad
1303 1547 1611 1603 tolerandas
1667 1548 1753 1602 in-

153 1635 336 1703 ﬁrma,
379 1637 446 1692 ad
491 1637 854 1693 obediendum
899 1638 1076 1710 pigra,
1119 1638 1186 1692 ad
1236 1638 1580 1694 lacessendos
1624 1653 1750 1694 vero

152 1728 293 1783 alios
323 1728 656 1798 importuna,
695 1727 764 1783 ad
787 1743 849 1782 ea
876 1744 996 1799 quin
1032 1729 1215 1784 facere
1243 1739 1298 1785 et
1326 1731 1490 1786 debet
1523 1739 1579 1785 et
1605 1745 1747 1800 pra:-

1854 543 1977 609 bus,
2003 545 2314 614 requiescit,
2339 562 2476 616 quos
2503 563 2689 603 secum
2713 551 2780 605 ad
2818 560 3020 606 mtcrna
3045 561 3312 610 tormenta
3342 571 3443 626 per

1856 633 2124 688 luxuriam
2155 649 2446 706 praeparat.
2484 638 2562 694 De
2588 640 2784 709 quibus
2821 643 3083 713 scriptum
3107 653 3229 700 cst:
3267 643 3442 700 Vesti-

1855 735 2088 779 mentum
2116 726 2328 780 mistum
2354 731 2610 800 sanguine
2635 733 2731 785 erit
2772 734 2826 786 in
2850 735 3258 791 combustionem
3283 749 3333 793 et
3362 740 3442 794 ci-

1855 817 1949 873 bus
1994 818 2130 887 ignis
2168 817 2301 888 (Isa.
2358 835 2430 882 ix,
2484 819 2587 891 5):
2624 822 2750 892 quia
2804 839 3002 894 corpus
3047 842 3154 896 quo
3209 830 3446 885 vestitur

1854 910 2058 974 anima,
2084 909 2352 979 pollutum
2382 911 2690 966 carnalibus
2713 916 2988 984 Operibus,
3056 919 3159 972 nisi
3184 919 3441 992 lacrymis

1852 999 2022 1055 lotum
2059 1010 2114 1055 et
2153 1001 2330 1073 dignis
2362 1003 2694 1071 poenitentiae
2739 1005 3002 1062 fructibus
3049 1008 3212 1064 fuerit
3257 1012 3444 1081 expia-

1855 1098 1991 1155 tum,
2015 1090 2067 1144 in
2088 1090 2273 1144 aeterni
2304 1091 2444 1162 ignis
2463 1092 2835 1148 combustione
2867 1095 3098 1150 ardebit.
3118 1097 3276 1154 Tales
3295 1102 3442 1156 enim

1856 1181 2134 1253 Scriptura
2181 1185 2402 1238 denotat
2446 1185 2636 1240 dicens
2676 1185 3160 1257 :Computruerunt
3197 1191 3442 1262 jumenta

1853 1272 1908 1326 in
1942 1282 2170 1326 stercore
2219 1290 2314 1327 suo
2345 1273 2504 1345 (Joel.
2551 1292 2608 1342 ι,
2646 1277 2753 1348 17).
2789 1295 2808 1327 ι
2852 1275 3104 1334 Jumenta
3136 1293 3443 1352 computre-

1852 1379 2007 1419 scere
2054 1365 2108 1419 in
2145 1373 2386 1421 stercore
2413 1383 2510 1422 suo
2553 1377 2654 1434 est,
2701 1369 2946 1425 carnales
2979 1387 3222 1444 quosque
3264 1375 3319 1429 in
3362 1375 3443 1432 fe-

1854 1465 1974 1511 tore
2010 1455 2238 1512 luxuria:
2269 1459 2436 1512 vitam
2474 1459 2650 1514 finire.
2688 1459 2909 1527 Quoties
2949 1463 3132 1532 itaque
3161 1467 3440 1523 carnalem

1853 1553 2092 1602 mentem
2141 1545 2209 1601 de
2257 1547 2372 1603 suis
2416 1549 2654 1617 peccatis
2702 1552 3088 1620 praedicatores
3132 1553 3438 1626 increpant,

1850 1635 2066 1708 quaties
2093 1641 2159 1696 ad
2186 1640 2302 1711 ejus
2341 1645 2660 1698 memoriam
2708 1645 2835 1699 vitia
2867 1654 2994 1702 ante
3029 1655 3147 1702 acta
3179 1652 3440 1718 redeunt,

1852 1731 2009 1799 quasi
2066 1731 2414 1787 infructuosae
2457 1735 2639 1790 arbori
2682 1737 2972 1806 cOphinutn
3017 1740 3278 1796 stercoris
3320 1757 3444 1797 ver-

150 1821 305 1876 valet
330 1822 545 1893 ignara,
567 1823 637 1877 ad
665 1837 730 1879 ea
765 1833 947 1879 autem
973 1840 1092 1894 quae
1121 1825 1298 1880 facere
1327 1841 1428 1880 nec
1457 1827 1618 1881 debet
1645 1842 1748 1882 nec
1774 1813 1828 1881 Β
1855 1830 1996 1886 sant,
2025 1823 2368 1878 utmalorum
2396 1840 2516 1895 quae
2544 1826 2656 1895 egit
2682 1828 3001 1882 memoriam
3035 1830 3258 1896 recolat,
3289 1839 3346 1886 et
3375 1833 3445 1886 ad

149 1913 414 1986 praevalet
441 1923 652 1985 parata.
691 1914 821 1970 Haec
843 1917 896 1970 in
919 1931 984 1970 eo
1012 1918 1154 1986 quod
1179 1926 1376 1988 sponte
1402 1932 1508 1972 non
1539 1919 1748 1988 appetit

150 2006 320 2063 nullis
344 2006 812 2062 exhortationibus
842 2005 1102 2074 ﬂectitur,
1129 2008 1195 2062 ad
1241 2008 1346 2063 hoc
1384 2017 1563 2063 autem
1601 2009 1746 2079 quod

148 2098 390 2156 latenter
416 2099 692 2153 desiderat
725 2098 929 2168 "quaerit
958 2108 1016 2154 ut
1050 2108 1295 2172 cogatur,
1327 2100 1452 2172 quia
1483 2101 1608 2155 dum
1637 2117 1751 2157 me-

148 2192 282 2256 tuit,
323 2205 390 2246 ex
429 2191 700 2246 desiderio
729 2205 830 2246 suo
867 2191 1154 2258 vilescere,
1197 2202 1351 2263 optat
1387 2195 1495 2248 vim
1548 2195 1602 2249 in
1651 2210 1748 2249 sua

147 2282 433 2339 voluntate
474 2282 728 2338 tolerare.
791 2282 1119 2354 (Moralium
1174 2283 1210 2338 Ι.
1273 2301 1478 2352 xxxw,
1533 2301 1582 2341 c.
1635 2285 1748 2358 l8.)

153 2394 170 2429 ι
206 2375 507 2432 Sciendum
543 2389 675 2431 vero
704 2385 809 2443 est,
847 2375 1012 2447 quod’
1021 2378 1135 2448 ipsa
1161 2380 1276 2434 hmo
1317 2381 1384 2435 de
1415 2395 1521 2450 qua
1544 2388 1750 2435 tracta-

147 2483 279 2524 mus
327 2466 490 2524 elatio
525 2467 662 2524 alios
708 2469 873 2525 rebus
902 2469 1272 2538 saecularibus,
1326 2470 1462 2528 alios
1509 2487 1638 2528 vero
1678 2487 1749 2528 ex

149 2563 493 2637 Spiritalibns
522 2563 784 2636 possidet.
799 2564 962 2630 ,Alter
987 2581 1222 2636 namque
1247 2565 1564 2622 intumescit
1588 2582 1743 2633 auro,

149 2657 296 2714 alter
319 2655 557 2727 eloquio,
589 2655 730 2712 alter
771 2656 976 2712 inlimis
1007 2666 1062 2712 et
1109 2658 1342 2714 terrenis
1383 2657 1567 2722 rebus,
1609 2659 1750 2714 alter

152 2750 387 2807 summis
439 2729 859 2820 caelestibusque
909 2749 1240 2805 virtutibus:
1271 2763 1380 2804 una
1423 2758 1605 2805 tamen
1650 2764 1746 2804 ea-

153 2845 390 2914 demque
423 2857 513 2898 res
542 2851 668 2898 ante
688 2843 877 2900 oculos
908 2842 1003 2899 Dei
1026 2843 1227 2913 agitur,
1259 2843 1510 2914 quamvis
1545 2843 1616 2898 ad
1642 2842 1746 2898 bu-

149 2950 316 2991 mana
375 2934 540 2990 corda
575 2935 802 2992 veniens
848 2935 904 2992 in
951 2951 1142 2992 eorum
1195 2937 1476 2993 obtutibus
1530 2937 1749 2994 diverso

150 3027 356 3083 amictu
391 3026 663 3097 pallietur.
702 3026 838 3084 Nam
870 3045 994 3084 cum
1026 3029 1074 3086 is
1099 3029 1193 3100 qui
1234 3029 1302 3084 de
1351 3038 1568 3085 terrena
1595 3029 1748 3100 prius

152 3117 331 3189 gloria
361 3119 731 3188 superbiebat,
766 3121 1110 3191 postmodum
1153 3121 1222 3177 de
1248 3121 1542 3177 sanctitate
1567 3121 1746 3177 extol-

1857 1915 2293 1984 compunctionis
2335 1917 2567 1986 gratiam
2605 1919 2760 1987 quasi
2788 1920 2854 1973 de
2887 1919 3060 1975 fetore
3096 1921 3443 1991 pinguescat,

1855 2007 2089 2060 mittitur
2117 2021 2248 2078 ergo
2269 2007 2535 2078 cophinus
2569 2010 2830 2065 stercoris
2854 2011 2922 2066 ad
2949 2011 3188 2067 radicem
3209 2013 3442 2079 arboris,

1854 2098 2072 2167 quando
2093 2097 2379 2167 pravitatis
2405 2114 2517 2154 sua:
2555 2101 2887 2156 conscientia
2916 2103 3158 2174 tangitur
3177 2105 3443 2160 memoria

1855 2190 2217 2260 cogitationis,
2243 2205 2474 2261 cumque
2499 2208 2558 2247 se
2587 2207 2686 2264 per
2709 2194 3085 2263 paenitentiam
3111 2196 3180 2251 ad
3206 2194 3446 2263 lamenta

1855 2295 2010 2336 mens
2036 2281 2260 2348 excitat,
2292 2299 2526 2353 cumque
2568 2285 2635 2339 ad
2661 2285 2817 2341 bonae
2856 2287 3191 2356 operationis
3214 2288 3446 2359 gratiam

1855 2369 2136 2439 reformat,
2173 2373 2326 2443 quasi
2359 2389 2455 2444 per
2483 2381 2685 2429 tactum
2714 2377 2974 2432 stercoris
2999 2378 3139 2432 redit
3170 2380 3238 2433 ad
3259 2379 3448 2435 fecun-

1855 2463 2079 2518 ditatem
2118 2465 2300 2534 aperis
2323 2466 2477 2520 radix
2509 2467 2689 2522 cordis
2721 2485 2734 2520 :
2767 2467 2974 2538 plangit
2998 2469 3141 2538 quod
3170 2467 3366 2524 fecisse
3385 2484 3447 2525 se

1854 2555 2125 2622 meminit,
2155 2557 2404 2628 displicet
2441 2559 2542 2613 sibi
2587 2558 2801 2628 qualem
2835 2559 3002 2615 fuisse
3029 2575 3090 2615 se
3116 2562 3329 2629 recolit,
3359 2563 3447 2618 in-

1854 2648 2150 2702 tentionem
2170 2658 2360 2704 contra
2382 2665 2440 2705 se
2462 2650 2664 2722 dirigit,
2689 2660 2851 2721 atque
2871 2652 2938 2706 ad
2962 2652 3187 2708 meliora
3202 2655 3446 2710 animum

1855 2741 2126 2796 accendit.
2153 2741 2234 2795 Ex
2277 2741 2450 2797 fetore
2483 2743 2650 2812 igitur
2678 2745 2744 2798 ad
2773 2743 3011 2800 fructum
3040 2746 3316 2802 reviviscit
3357 2763 3449 2803 ar-

1852 2832 1974 2898 bor,
1993 2833 2118 2905 quia
2145 2833 2212 2890 de
2231 2835 2667 2892 consideratione
2691 2837 2900 2906 peccati
2927 2838 2995 2893 ad
3022 2841 3162 2894 bona
3199 2855 3260 2895 se
3280 2855 3447 2912 opera

1853 2923 2147 2978 resuscitat
2183 2925 2397 2979 animus
2423 2966 2438 2991 ,
2480 2927 2781 2982 exaudiens
2833 2927 3063 2983 Paulum
3113 2931 3381 2987 dicentem
3425 2951 3444 2986 :

1852 3012 2047 3086 Fugite
2068 3014 2469 3084 fornicationem
2495 3016 2546 3088 (1
2576 3015 2699 3073 Cor.
2722 3035 2795 3086 vt,
2832 3018 2950 3093 l8);
2977 3029 3032 3075 et
3057 3019 3402 3079 Salomonem
3427 3039 3446 3078 :

1854 3104 1939 3162 Ne
1963 3107 2054 3162 des
2087 3107 2271 3163 alienis
2306 3109 2557 3164 honorem
2587 3120 2756 3178 tuum,
2801 3120 2850 3166 et
2885 3129 3052 3168 annos
3101 3123 3218 3170 tuos
3245 3115 3450 3172 crudeli

152 3206 304 3275 litur,
353 3223 695 3278 nequaquam
746 3224 842 3264 cor
884 3210 1002 3282 ejus
1046 3210 1208 3266 elatio
1239 3211 1501 3276 deseruit,
1550 3212 1647 3267 sed
1681 3212 1749 3268 ad

1857 3200 2040 3274 (Prov.
2079 3218 2132 3268 v,
2160 3201 2247 3274 9);
2279 3203 2331 3257 id
2361 3213 2466 3270 est,
2498 3219 2567 3260 ne
2601 3204 2886 3273 honorem,
2917 3222 3025 3277 quo
3051 3209 3119 3263 ad
3154 3208 3448 3281 imaginem

152 3316 278 3356 eum
315 3309 580 3358 consueta
618 3301 862 3367 veniens,
905 3311 964 3358 ut
993 3304 1246 3376 cognosci
1274 3313 1512 3375 nequeat
1538 3316 1752 3363 vestem

153 3393 405 3450 mutavit.
456 3413 476 3446 ι
515 3393 722 3463 Quibus
768 3394 999 3450 dicitur:
1036 3393 1176 3460 Quid
1219 3395 1452 3465 superbit
1504 3404 1647 3450 terra
1701 3402 1750 3449 et

152 3487 288 3542 cinis
307 3486 336 3541 γ
360 3483 552 3558 (Eccli.
579 3501 635 3553 x,
676 3485 754 3559 9.)
782 3484 1000 3555 (Morel.
1026 3486 1064 3539 ι.
1091 3502 1286 3553 xxxnt,
1315 3503 1437 3559 cap.
1472 3488 1552 3561 5.)
1583 3507 1601 3539 ι
1639 3487 1754 3542 Duo

155 3582 360 3652 quippe
403 3590 532 3636 sunt
569 3579 701 3635 vitia
745 3593 867 3651 qua:
919 3579 1158 3634 humano
1205 3582 1394 3650 generi
1443 3580 1755 3635 immaniter

155 3675 530 3739 dominantur,
577 3688 746 3728 unum
793 3670 1049 3728 videlicet
1098 3671 1346 3741 spiritus,
1397 3681 1561 3743 atque
1609 3671 1756 3727 aliud

153 3768 346 3826 carnis
376 3785 390 3822 :
425 3766 586 3822 elatio
611 3780 843 3837 namque
868 3765 1118 3836 spiritum
1159 3765 1342 3836 erigit,
1389 3765 1602 3824 luxuria
1629 3780 1753 3820 car-

156 3876 284 3917 nem
337 3860 658 3931 corrumpit.
699 3858 974 3929 Antiquus
1015 3858 1200 3928 itaque
1251 3858 1423 3913 hostis
1454 3859 1756 3914 humanum

159 3967 334 4022 genus
357 3950 442 4006 vel
461 3965 558 4022 per
594 3949 887 4007 elationem
925 3952 1218 4020 praecipue,
1252 3949 1337 4005 vel
1363 3965 1460 4020 per
1483 3949 1754 4004 luxuriam

157 4031 439 4118 premens,
465 4047 520 4102 in
547 4054 759 4104 secreto
797 4045 993 4101 calami
1038 4054 1201 4114 atque
1231 4045 1284 4099 in
1318 4042 1450 4098 locis
1481 4041 1758 4096 humenti-

157 4140 264 4196 bus
290 4137 515 4204 dormit,
549 4139 676 4209 quia
721 4139 1036 4194 damnatum
1077 4134 1354 4191 hominem
1399 4134 1499 4189 sub
1541 4131 1758 4187 ditioni-

157 4236 262 4294 btts
285 4248 400 4290 suae
429 4233 796 4288 damnationis
835 4240 931 4286 aut
959 4245 1058 4300 per
1085 4228 1376 4284 elationem
1406 4225 1631 4296 spiritus
1663 4233 1758 4279 aut

157 4339 261 4396 per
289 4324 472 4379 carnis
493 4323 897 4392 corruptionem
926 4328 1089 4376 tenet.
1126 4339 1144 4371 ι
1173 4317 1328 4373 Sicut
1353 4316 1616 4387 scriptum
1639 4321 1754 4369 est:

159 4415 513 4487 Sanguisugw
532 4416 653 4470 dum
667 4425 787 4469 sunt
808 4413 936 4484 ﬁlia:
951 4414 1180 4468 dicentes
1195 4427 1214 4466 :
1228 4409 1396 4481 Aﬂ'er,
1415 4409 1551 4478 aﬁ'er
1571 4405 1752 4479 (Prov.

159 4521 297 4570 xxx,
323 4505 432 4574 1-5).
465 4504 803 4576 Sanguisuga
843 4511 930 4558 est
956 4501 1224 4567 diabolus,
1253 4499 1342 4570 qui
1369 4498 1460 4556 siti
1489 4496 1752 4568 peccandi

159 4598 232 4652 ad
260 4605 484 4667 peccata
525 4594 799 4664 suadendo
857 4596 1193 4650 incessanter
1237 4590 1572 4648 accenditur.
1613 4587 1752 4644 Huic

158 4689 284 4746 dua:
311 4697 438 4745 sunt
461 4688 605 4753 tiliae,
635 4688 764 4759 quia
791 4688 910 4742 dua:
940 4685 1249 4756 specialiter
1279 4683 1501 4738 humani
1532 4683 1750 4752 generis

163 4780 434 4836 illecebra:
474 4780 619 4836 hunc
663 4778 872 4848 antiqui
931 4775 1104 4832 hostis
1165 4774 1442 4830 imitantes
1480 4774 1755 4836 ardorem,

160 4873 378 4929 luxuria
401 4871 652 4928 videlicet
677 4881 730 4926 et
768 4867 1122 4940 philargyria.
1151 4864 1291 4920 Nam
1317 4874 1374 4920 et
1401 4864 1630 4920 luxuria:
1649 4878 1758 4934 quo

161 4965 391 5020 liberius
417 4962 570 5018 frena
603 4962 878 5028 laxantur,
907 4957 1188 5016 eonoxius
1217 4955 1539 5022 delectatur,
1564 4965 1621 5011 et
1647 4955 1759 5011 sic-

165 5068 225 5114 ut
259 5057 483 5127 quidam
514 5057 592 5112 ait
618 5065 902 5128 poetarum
941 5051 1249 5126 (Juvenum
1271 5060 1373 5106 sat.
1407 5049 1518 5122 14),

260 5213 451 5268 Crescit
473 5225 605 5264 amor
625 5212 806 5263 nummi
828 5220 1060 5275 quantum
1083 5210 1185 5273 ipsa
1205 5209 1411 5273 pecunia
1433 5209 1627 5260 crescit.

163 5326 442 5396 Quosdam
467 5340 596 5382 vero
632 5326 687 5381 in
730 5325 815 5380 his
851 5324 1106 5381 omnibus
1144 5323 1399 5395 possidet,
1448 5323 1573 5392 quia
1632 5336 1754 5376 cum

162 5437 265 5478 eos
293 5401 563 5491 superbiae
604 5417 828 5490 spiritus
851 5416 1030 5473 elevat
1054 5417 1123 5471 ad
1151 5425 1416 5471 tumorem
1444 5430 1556 5469 suae
1575 5414 1756 5469 altitu-

163 5511 333 5577 dinis,
363 5509 742 5566 inverecunda:
777 5507 1118 5578 corruptioni
1146 5506 1395 5572 inclinat,
1435 5515 1600 5577 atque
1624 5521 1758 5560 ava-

163 5605 310 5660 ritia:
357 5603 752 5659 insatiabilitati
819 5601 1134 5658 substernit.
1199 5599 1542 5670 Perpendant
1595 5600 1759 5670 igitur

163 5696 439 5753 luxuriosi
479 5695 693 5767 qualem
740 5695 1180 5758 inhabitatorem,
1224 5692 1434 5748 scilicet
1462 5691 1756 5759 diabolum,

163 5791 435 5856 habeant,
466 5789 580 5861 qui,
609 5788 749 5845 sicut
774 5787 1054 5857 Scriptura
1085 5787 1236 5854 dicit,
1279 5786 1334 5843 in
1363 5785 1497 5843 locis
1525 5786 1755 5842 humen-

497 5880 771 5954 Ρηιιοι..
797 5877 1080 5959 ~CXXV.

1856 3296 1952 3351 Dei
1980 3305 2200 3352 creatus
2226 3312 2305 3364 es,
2341 3297 2742 3355 immundorum
2765 3299 3049 3370 spirituum
3075 3302 3448 3372 voluptatibus

1856 3389 2075 3453 subdas,
2101 3401 2278 3461 neque
2304 3401 2526 3462 accepta
2554 3391 2766 3448 vivendi
2811 3394 2984 3462 spatia
3012 3395 3079 3450 ad
3113 3395 3324 3450 libitum
3354 3395 3447 3450 ad-

1856 3479 2084 3534 versarii
2117 3480 2341 3537 minutis
2370 3483 2664 3552 expendas.
2707 3481 3025 3555 Cuicunque
3065 3485 3211 3540 enim
3253 3486 3449 3541 sceleri

1856 3573 2087 3644 quisque
2116 3575 2422 3644 subjicitur,
2459 3576 2512 3630 in
2541 3575 2648 3630 hoc
2675 3576 2921 3646 profecto
2964 3577 3261 3632 dominatui
3294 3578 3450 3633 mali-

1857 3680 2086 3737 gnorum
2112 3667 2404 3735 spirituum
2432 3668 2791 3738 mancipatur.
2823 3667 2978 3724 Unde
3005 3679 3062 3724 et
3084 3669 3282 3724 dicitur
3315 3687 3329 3724 :
3364 3668 3450 3725 Ne

1857 3756 1993 3827 forte
2019 3757 2340 3828 impleantur
2368 3759 2609 3813 extranei
2637 3759 2836 3814 viribus
2874 3761 3008 3827 tuis,
3042 3770 3092 3814 et
3127 3761 3330 3816 labores
3369 3761 3450 3814 tui

1857 3849 1959 3903 sint
1998 3849 2054 3902 in
2075 3849 2250 3921 ⁸άυηιο
2296 3849 2471 3904 aliena
2513 3851 2700 3919 (ibid.,
2749 3851 2872 3921 10);
2914 3853 2969 3906 id
2999 3860 3100 3916 est,
3133 3866 3201 3905 ne
3248 3853 3451 3906 daemo-

1857 3939 2070 3994 niorum
2092 3940 2234 3994 facta
2258 3939 2501 4010 adjuves,
2526 3941 2572 3995 si
2595 3941 2680 3996 vel
2704 3942 2980 4011 ingenium
3002 3942 3190 4006 animi,
3218 3942 3302 3996 vel
3322 3956 3448 3998 cor-

1859 4033 2010 4102 poris
2040 4034 2115 4086 tui
2159 4034 2327 4100 vires,
2357 4035 2426 4089 ad
2449 4034 2713 4105 patranda
2745 4033 2988 4088 facinora
3012 4031 3326 4100 contradas,
3354 4035 3452 4091 do-

1861 4141 2117 4196 mumque
2143 4126 2398 4193 alienam,
2430 4128 2482 4182 id
2503 4135 2589 4182 est
2607 4141 2893 4180 numerum
2919 4125 3255 4195 perditorum
3281 4134 3332 4180 te
3354 4125 3451 4180 ad-

1855 4221 2003 4292 jecto
2046 4221 2373 4290 multiplices
2412 4239 2424 4274 :
2463 4229 2520 4276 et
2553 4235 2738 4290 gemas
2770 4220 2823 4274 in
2867 4219 3199 4284 novissimis,
3231 4220 3453 4290 quando

1862 4311 2267 4382 consumpseris
2293 4324 2486 4366 carnes
2509 4317 2564 4366 et
2585 4324 2783 4380 corpus
2810 4317 2983 4374 tuum,
3012 4309 3066 4365 id
3089 4316 3172 4363 est
3194 4308 3247 4362 in
3271 4310 3450 4378 poenis

1861 4420 2081 4480 gemere
2119 4402 2353 4474 cogaris,
2384 4402 2600 4473 quando
2626 4417 2733 4457 non
2774 4401 2949 4457 solum
2977 4400 3222 4456 carnales
3263 4401 3447 4456 illece-

1861 4497 1976 4555 brae
2009 4503 2318 4565 transeunt,
2350 4494 2444 4549 sed
2480 4502 2536 4547 et
2562 4493 2680 4564 ipso
2705 4506 2934 4563 corpore
2959 4491 3236 4555 derelicto,
3270 4491 3451 4545 anitna

1862 4603 1983 4660 quae
2011 4601 2209 4658 corpus
2243 4586 2408 4658 gessit
2434 4593 2630 4641 cuncta
2666 4585 2895 4640 reddere
2922 4583 3280 4652 compellitur.
3311 4581 3452 4638 Con-

1861 4683 2107 4740 siderent
2135 4681 2420 4746 luxuriosi,
2445 4679 2573 4749 quia
2600 4693 2723 4735 cum
2772 4677 3034 4734 Dominus
3063 4677 3249 4732 carnis
3277 4675 3449 4730 scele-

1861 4772 2014 4829 rihns
2043 4772 2408 4828 servientibus
2448 4770 2735 4826 commissa
2771 4769 2966 4839 punire
3001 4769 3352 4831 decrevisset,
3395 4767 3450 4822 in

1863 4867 1980 4938 ipsa
2029 4865 2291 4936 qualitate
2336 4863 2558 4918 ultionis
2608 4862 2818 4916 notavit
2870 4860 3137 4916 maculam
3184 4857 3449 4922 criminis,

1865 4976 1990 5018 cum
2039 4959 2266 5029 sulphur
2289 4965 2346 5012 et
2385 4957 2562 5026 ignem
2590 4971 2753 5026 super
2788 4969 2884 5011 eos
2918 4953 3075 5024 pluit,
3124 4952 3266 5007 sicut
3291 4964 3452 5005 sacra

1860 5053 2042 5126 prodit
2063 5052 2286 5107 historia
2315 5045 2469 5123 (Gen.
2495 5065 2607 5114 xtx,
2630 5049 2744 5121 24).
2767 5048 2907 5116 Quid
2926 5047 3072 5101 enim
3095 5046 3148 5100 in
3173 5045 3450 5114 sulphure,

1862 5146 1967 5201 nisi
1992 5143 2131 5200 fetor
2159 5143 2360 5208 carnis,
2387 5151 2442 5197 et
2475 5141 2605 5212 quid
2629 5155 2726 5211 per
2753 5140 2932 5211 ignem
2973 5136 3078 5192 nisi
3107 5136 3270 5191 ardor
3305 5133 3453 5189 desi-

1862 5238 2000 5294 derii
2040 5235 2279 5293 carnalis
2323 5232 2683 5305 exprimitur?
2725 5230 2966 5300 Sulphur
2987 5229 3186 5298 quippe
3220 5225 3453 5282 fetorem

1862 5332 2049 5396 habet,
2078 5330 2217 5401 ignis
2245 5329 2518 5384 ardorem.
2557 5325 2657 5392 Qui
2690 5325 2874 5395 itaque
2918 5323 2986 5377 ad
3026 5336 3280 5391 perversa
3303 5319 3453 5376 desi-

1867 5426 2016 5480 deria
2041 5439 2109 5477 ex
2135 5423 2319 5478 carnis
2347 5419 2520 5474 fetore
2566 5425 2841 5480 arserant,
2891 5416 3109 5486 dignum
3147 5411 3249 5468 fttit
3285 5419 3344 5466 ut
3376 5412 3455 5466 si-

1866 5514 1977 5570 mul
2017 5528 2143 5568 cum
2191 5509 2449 5580 sulphure
2497 5515 2552 5562 et
2589 5507 2712 5576 igne
2749 5504 2992 5573 perirent
3033 5522 3046 5556 :
3084 5509 3354 5572 quatenus
3385 5514 3458 5555 ex

1859 5604 2006 5675 justa
2035 5617 2190 5672 pretia
2220 5600 2492 5656 discerent
2525 5612 2592 5652 ex
2623 5594 2824 5664 injuste
2859 5593 3126 5651 desiderio
3147 5592 3276 5662 quid
3300 5589 3458 5646 fecis-

1865 5703 2008 5752 sent.
2031 5693 2109 5747 Ex
2144 5693 2244 5746 hac
2267 5690 2523 5752 vindicta,
2557 5702 2720 5757 quam
2761 5686 2815 5740 in
2841 5699 3068 5755 corpore
3097 5681 3258 5754 positi
3294 5682 3456 5736 luxu-

1868 5787 2003 5846 riosi
2027 5783 2417 5860 ~sustinuerunt
2443 5820 2458 5848 ,
2509 5779 2845 5854 perpendere
2884 5778 3084 5835 debent
3123 5775 3460 5833 luxuriantes
