4006 6338
194 356 305 416 87⁸1

1358 352 1448 420 DE
1482 361 1827 422 CAVENMS
1860 361 2097 433 VITIIS,
2135 365 2287 424 ΠΟ.

2801 312 2837 335 ο

3350 388 3462 451 επ

190 495 353 572 quam
373 478 614 572 graviter
634 474 874 572 animum
894 479 1113 572 vesania
1137 478 1555 552 instigat.Color
1577 480 1776 572 quippe
1802 486 1849 548 Α
1878 482 2093 553 magnis
2135 481 2463 544 clamoribus
2513 488 2661 545 rixas
2690 490 2747 550 in
2782 493 2951 553 corde
2988 503 3288 572 componit.
3312 505 3455 567 Tur.

186 569 394 643 pallore
441 567 693 636 adicitur,
727 569 868 625 oculi
897 569 1297 641 deprimuntur,
1324 585 1477 625 mens
1513 570 1768 625 accendi-

182 673 297 731 tur,
324 674 379 720 et
406 666 648 720 membra
678 663 979 736 frigescunt
1007 681 1021 718 :
1054 665 1115 718 lit
1142 664 1196 719 in
1218 664 1544 735 cogitatione
1565 665 1767 728 rabies,

182 758 241 813 in
270 758 526 814 dentibus
554 758 774 814 stridor.
799 758 1041 829 Cumque
1086 758 1139 813 in
1182 759 1405 814 latebris
1435 758 1621 813 cordis
1649 773 1768 813 cre-

185 865 349 906 scens
378 850 729 906 absconditur
758 850 962 915 odium,
991 849 1179 906 dolore
1201 866 1344 907 caeco
1370 852 1609 907 terebrat
1629 842 1765 906 con;

179 943 465 999 scientiam
494 942 692 998 vulnus
732 942 1020 998 inclusum.
1064 942 1147 997 Nil
1195 943 1378 998 iustum
1418 944 1486 999 de
1525 944 1764 1015 propriis

172 1032 332 1100 libet,
365 1034 490 1103 quia
518 1034 883 1089 tabescentem
915 1041 1154 1088 mentem
1188 1048 1287 1088 sua
1325 1047 1481 1103 poena
1520 1032 1760 1100 sauciat,

175 1140 344 1198 quam
382 1126 615 1182 felicitas
655 1135 869 1182 torouet
912 1126 1105 1181 aliena.
1154 1124 1475 1196 Quantaque
1516 1125 1762 1180 extranei

170 1218 359 1290 operis
385 1219 439 1274 in
466 1218 632 1274 altum
670 1217 875 1273 fabrica
906 1216 1129 1289 jacitur,
1166 1226 1316 1273 tanto
1350 1215 1761 1272 fundamentum

169 1313 378 1369 mentis
408 1310 583 1367 lividze
618 1310 939 1381 profundius
978 1311 1282 1376 sutfoditur,
1316 1317 1375 1364 ut
1418 1325 1527 1380 quo
1568 1308 1656 1364 alii
1692 1308 1760 1364 ad

170 1404 401 1460 meliora
435 1412 745 1474 properant,
771 1406 839 1457 eo
864 1402 977 1473 ipsa
1009 1402 1247 1457 deterius
1286 1410 1426 1455 ruat.
1450 1401 1565 1468 Qua
1604 1399 1759 1457 milia

167 1493 425 1550 videlicet
453 1493 617 1549 etiam
642 1493 772 1548 illud
803 1493 1119 1557 destruilur,
1152 1492 1295 1563 quod
1326 1492 1377 1547 ill
1408 1491 1529 1547 aliis
1549 1493 1759 1547 actibus

163 1585 413 1657 perfecto
463 1599 628 1657 opere
674 1586 977 1641 surrexisse
1012 1587 1322 1655 putabatur.
1370 1584 1503 1639 Nam
1555 1585 1756 1640 invidia

165 1694 293 1734 cum
326 1688 561 1734 mentem
595 1677 939 1741 tabefccerit,
964 1688 1157 1733 cuncta
1182 1694 1301 1747 quae
1324 1678 1593 1733 invenerit
1620 1679 1757 1733 bene

163 1778 318 1838 gesta
340 1769 628 1825 consumit.
659 1768 809 1825 Unde
836 1770 969 1824 bene
997 1785 1096 1840 per
1129 1768 1474 1825 Saloulonem
1515 1769 1752 1827 dicitur:

1870 573 1996 627 ham
2030 574 2212 643 itaque
2253 576 2342 631 hic
2390 578 2537 635 intus
2581 583 2839 651 sustinet,
2866 601 3030 656 quem
3050 594 3264 661 pondus
3292 598 3457 657 vel»

1871 678 2029 719 mens
2059 662 2405 722 inﬂammatae
2449 672 2794 741 cogitationis
2840 680 3061 746 premit.
3120 683 3333 751 Quanta
3381 692 3459 748 sit

1866 767 1998 825 ergo
2027 756 2321 813 iracundiae
2350 761 2513 831 culpa
2542 778 2852 835 pensemus,
2886 785 2986 841 per
3012 788 3175 843 quam
3206 794 3456 843 mansue-

1866 847 1997 901 tudo
2021 846 2310 913 amittitur,
2335 866 2585 921 superna!
2612 856 2865 929 imaginis
2884 862 3184 924 similitudo
3206 870 3446 931 vitiatur.

1864 934 1972 995 Per
2012 939 2148 994 iram
2195 941 2458 1010 sapientia
2511 946 2776 1015 perditur,
2804 960 2862 1004 ut
2906 956 3035 1023 quid
3060 971 3236 1026 quove
3258 963 3453 1021 ordine

1864 1031 2131 1124 uigescunt
2161 1032 2232 1087 sit
2270 1035 2496 1124 omnino
2522 1039 2819 1107 nesciatur,
2868 1044 3012 1101 sicut
3032 1048 3295 1119 scriptum
3340 1064 3448 1124 est,

1862 1119 1959 1213 Ira
1996 1121 2194 1177 insilia
2216 1123 2363 1179 sndti
2390 1127 2662 1197 requiescit
2692 1128 2894 1200 (Eccle.
2926 1148 3024 1201 vn,
3058 1137 3172 1209 ιο),
3206 1142 3330 1213 quia

1862 1211 2062 1267 mirum
2094 1214 2466 1284 intelligentiae
2495 1216 2672 1275 lucem
2701 1221 2992 1292 subtrahit,
3042 1241 3168 1285 cum
3207 1211 3444 1295 me...

1860 1307 2227 1375 pi-omoveudo
2256 1305 2556 1367 confundit.
2598 1310 2701 1366 Per
2729 1311 2867 1369 iram
2891 1317 2997 1373 vita
3024 1320 3314 1390 amittitur,
3343 1329 3447 1384 etsi

1861 1395 2126 1464 sapientia
2182 1398 2353 1453 teneri
2399 1398 2668 1466 videatur,
2718 1404 2863 1461 sicut
2886 1407 3147 1478 scriptum
3191 1415 3449 1475 estzlu

1858 1488 2030 1558 perdit
2051 1488 2211 1543 etiam
2238 1490 2543 1560 prudentes,
2562 1495 2691 1563 quia
2718 1496 2928 1552 scilicet
2944 1501 3212 1561 confusus
3233 1507 3448 1567 animus

1859 1594 2206 1652 nequaquam
2225 1581 2426 1651 explet,
2457 1585 2624 1641 etiam
2655 1587 2701 1642 si
2732 1589 2862 1659 quid
2886 1590 3184 1663 intelligere
3211 1599 3448 1667 pruden.

1860 1680 1943 1727 ter
1964 1672 2128 1728 valet.
2175 1672 2282 1730 Per
2311 1676 2447 1731 iram
2473 1677 2686 1748 iustitia
2731 1682 3075 1752 relinquitur.
3122 1688 3264 1745 sicut
3306 1692 3447 1749 seri.

1859 1772 2011 1835 ptum
2046 1775 2131 1821 est
2165 1784 2179 1821 :
2214 1766 2308 1822 Ira
2335 1768 2433 1823 uiri
2453 1769 2721 1839 justitiam
2766 1774 2859 1830 Dei
2886 1793 2991 1833 non
3018 1791 3266 1850 operatur
3292 1782 3438 1853 (Jac.

164 1859 298 1915 Vita
328 1862 570 1916 carnium
605 1862 805 1917 sanitas
832 1859 1034 1926 cordis,
1067 1862 1289 1931 putredo
1320 1862 1516 1917 ossium
1550 1862 1747 1916 invidia
1778 1854 1828 1917 Β
1858 1873 1898 1922 l,
1927 1856 2042 1928 20),
2090 1859 2219 1929 quia
2244 1860 2373 1915 dum
2403 1864 2621 1917 turbata
2650 1880 2802 1922 luens
2829 1868 3092 1938 judicium
3128 1888 3239 1929 sua:
3270 1875 3440 1931 ratio.

161 1952 359 2024 (Prov.
387 1969 510 2021 xlv,
545 1953 670 2025 30).
712 1954 852 2022 Qllid
887 1954 1030 2009 enim
1060 1970 1157 2025 per
1182 1969 1432 2019 carnem,
1460 1952 1563 2007 nisi
1590 1954 1749 2007 infir-

160 2058 247 2098 ma
302 2045 546 2115 qilardam
588 2059 652 2102 ac
680 2053 886 2112 tenera,
919 2053 973 2100 et
995 2045 1123 2116 quid
1154 2060 1253 2116 per
1286 2059 1427 2110 ossa,
1455 2045 1555 2099 nisi
1586 2044 1748 2099 fortia

158 2146 285 2193 acta
318 2138 643 2208 signantur?
670 2136 737 2192 Et
765 2137 1083 2207 plerumque
1110 2136 1398 2207 contingit,
1429 2144 1487 2190 ut
1530 2136 1749 2205 quidam

159 2245 291 2286 cum
326 2245 455 2287 vera
485 2228 664 2285 cordis
704 2229 1011 2284 innowntia
1046 2229 1101 2284 in
1151 2227 1426 2283 nonnullis
1456 2227 1569 2283 suis
1613 2228 1749 2282 acti-

155 2316 265 2376 bus
304 2319 509 2375 infirmi
562 2321 865 2385 videantur,
899 2319 1117 2390 quidam
1165 2332 1292 2374 vero
1332 2319 1445 2389 jam
1498 2318 1745 2388 quasdam

157 2420 291 2465 ante
318 2411 583 2466 humanos
617 2411 804 2469 oculos
840 2413 1060 2465 robusta
1089 2419 1404 2476 exerceant,
1434 2410 1529 2465 sed
1565 2420 1744 2466 tamen

152 2516 295 2576 erga
319 2504 545 2560 aliorum
561 2504 696 2559 bona
714 2506 863 2559 intus
887 2503 1415 2576 iuvidiaepestileutia
1439 2504 1740 2558 tabescalit.

150 2595 305 2652 Bene
330 2611 458 2667 ergo
483 2597 681 2652 dicitur
705 2614 718 2651 :
760 2593 881 2651 Vita
906 2596 1143 2650 carnium
1167 2597 1368 2650 sanitas
1390 2595 1583 2659 cordis,
1617 2595 1743 2664 quia

153 2690 195 2745 si
227 2692 432 2747 mentis
456 2691 765 2747 innocentia
794 2691 1117 2758 custoditur,
1143 2691 1310 2746 etiam
1360 2691 1405 2745 si
1460 2705 1566 2759 qua
1610 2689 1743 2745 foris

152 2782 373 2839 inﬁrma
424 2785 534 2840 sint
562 2784 885 2855 quandoque
909 2784 1253 2841 roborantur.
1281 2783 1348 2838 Et
1377 2791 1524 2837 recte
1564 2782 1745 2837 subdi-

153 2884 268 2943 tur,
294 2873 532 2929 Putredo
561 2874 755 2930 ossium
795 2875 1011 2938 invidia,
1045 2874 1170 2945 quia
1198 2889 1295 2943 per
1326 2873 1517 2928 livoris
1548 2872 1740 2927 vitium

154 2976 283 3024 ante
308 2969 402 3023 Dei
439 2968 623 3024 oculos
643 2977 871 3040 pereunt
898 2967 1063 3022 etiam
1104 2966 1265 3022 fortia
1304 2973 1423 3021 acta
1454 2966 1735 3021 virtutum.

150 3058 291 3115 Ossa
321 3060 517 3129 quippe
550 3075 646 3129 per
693 3059 949 3113 invidiam
978 3066 1291 3129 putrescere
1337 3065 1437 3121 est,
1487 3056 1737 3128 quaedam

149 3150 317 3204 etiam
357 3149 573 3204 robusta
601 3151 862 3220 deperire.
900 3149 1006 3204 Sed
1049 3165 1149 3205 cur
1176 3150 1292 3204 haec
1333 3148 1401 3203 de
1428 3147 1629 3202 invidia
1659 3148 1739 3202 di-

1855 1953 1941 2008 nis
1978 1962 2288 2023 exasperat,
2316 1971 2480 2012 omne
2521 1960 2667 2028 quod
2696 1959 2911 2018 fortiter
2934 1966 3195 2037 suggerit,
3228 1979 3437 2025 rectum

1853 2054 2026 2116 putat.
2054 2046 2158 2101 Per
2192 2048 2328 2102 iram
2357 2050 2532 2119 gratia
2560 2051 2686 2107 vitae
2713 2054 2931 2111 socialis
2980 2058 3264 2127 amittitur,
3297 2061 3440 2119 sicin

1852 2139 2112 2208 scriptum
2141 2146 2227 2193 est
2256 2158 2268 2192 :
2302 2138 2431 2194 Noli
2471 2157 2583 2197 esse
2628 2144 2880 2202 assiduas
2919 2164 3038 2202 cum
3068 2150 3280 2205 homin
3327 2153 3439 2208 ira-

1851 2231 2047 2295 cundo,
2075 2247 2139 2284 ne
2182 2231 2358 2286 discas
2401 2234 2614 2288 miras
2642 2235 2779 2305 ejus,
2822 2247 2872 2292 et
2917 2255 3097 2295 salutas
3124 2242 3437 2301 scandalum

1851 2323 2045 2377 animos
2067 2332 2172 2377 tua:
2203 2321 2387 2395 (Prov.
2416 2340 2553 2391 xxii,
2581 2325 2674 2398 αλδ)
2707 2346 2721 2381 :
2747 2329 2873 2398 quia
2894 2331 2989 2400 qui
3021 2345 3079 2387 se
3104 2346 3169 2387 ex
3198 2333 3434 2391 humana

1852 2417 2060 2471 ratione
2082 2432 2187 2472 non
2216 2425 2501 2487 temperat,
2528 2435 2751 2475 necesse
2772 2432 2859 2477 est
2880 2433 2942 2477 ut
2962 2425 3265 2482 bestialiter
3284 2429 3437 2487 solus

1847 2506 2010 2562 vivat.
2041 2508 2146 2563 Per
2179 2509 2315 2563 iram
2332 2510 2624 2565 concordia
2672 2512 2962 2581 rumpitur,
2986 2514 3132 2570 sicut
3170 2518 3434 2586 scriptum

1845 2607 1929 2653 est
1962 2618 1974 2652 :
2010 2597 2104 2652 Vir
2130 2602 2400 2655 animosus
2420 2603 2560 2670 parit
2586 2603 2755 2666 rixas,
2777 2613 2825 2656 et
2855 2604 2932 2658 uir
2953 2606 3239 2664 iracundus
3260 2611 3436 2679 eﬂ‘un.

1845 2687 1923 2741 dit
1942 2698 2151 2757 peccata
2179 2687 2361 2759 (Prov.
2396 2705 2509 2755 xu,
2527 2690 2638 2757 Si).
2668 2690 2963 2751 Iracundus
2982 2696 3182 2767 quippe
3204 2709 3432 2768 peccata

1844 2777 2087 2844 eﬁ'undit,
2131 2781 2257 2849 quia
2298 2781 2461 2835 etiam
2493 2782 2664 2840 malos
2704 2799 2839 2852 quos
2870 2786 3085 2842 incaute
3122 2788 3191 2843 ad
3226 2790 3433 2849 discer-

1843 2870 1989 2927 diam
2034 2883 2293 2942 provocat
2340 2873 2551 2943 pejores
2577 2875 2726 2931 facit.
2756 2876 2862 2933 Per
2898 2880 3033 2935 iram
3060 2881 3154 2937 lux
3179 2885 3429 2953 veritatis

1842 2963 2131 3029 amittitur,
2167 2964 2308 3020 sicut
2324 2967 2591 3036 scriptum
2615 2976 2699 3024 est
2739 2984 2755 3023 :
2789 2969 2883 3025 Sol
2908 2987 3013 3026 non
3040 2975 3429 3048 occidatsapu

1838 3054 2174 3109 iracundiam
2214 3066 2434 3110 vestram
2478 3056 2694 3127 (Ephes.
2726 3074 2802 3124 lv,
2836 3060 2928 3131 26)
2962 3076 2975 3115 :
3009 3066 3137 3131 quia
3169 3080 3292 3121 cum
3319 3067 3428 3124 ira.

1840 3146 2038 3201 cundia
2086 3147 2251 3201 menti
2298 3147 2636 3205 confusionis
2702 3154 2957 3209 tenebras
3009 3156 3234 3226 incutit,
3296 3161 3427 3219 huic

147 3242 346 3304 cimus,
397 3241 441 3295 si
471 3256 575 3295 non
606 3243 768 3296 etiam
821 3241 1050 3310 qualiter
1106 3250 1329 3295 eruatur
1380 3239 1730 3295 intimemus?
1755 3251 1802 3317 ρ
1833 3237 1978 3292 Deus
2008 3238 2220 3293 radium
2264 3254 2377 3294 sine
2408 3242 2737 3310 cognitionis
2773 3244 3077 3302 abscondit.
3124 3249 3228 3305 Pcl'
3284 3253 3423 3308 iram

149 3329 376 3388 Ditbcile
406 3346 639 3402 namque
665 3342 748 3387 est
778 3341 836 3387 ut
859 3334 959 3390 hoc
981 3332 1135 3387 alteri
1160 3348 1266 3387 non
1298 3332 1556 3399 invideat,
1588 3332 1735 3403 quod

148 3426 375 3495 adipisci
413 3424 552 3480 alter
598 3432 819 3495 exoptat
872 3443 884 3478 :

147 3516 472 3587 percipitur,
501 3524 651 3572 tanto
693 3515 754 3570 fit
783 3515 962 3570 minus
991 3515 1237 3587 singulis,
1277 3523 1484 3591 quanto
1539 3515 1735 3571 dividi-

152 3618 247 3664 tur
274 3609 327 3663 ill
363 3608 548 3664 multis
578 3626 594 3663 :
624 3616 680 3664 et
707 3608 912 3664 idcirco
944 3608 1306 3664 desiderantis
1327 3616 1565 3664 mentem
1594 3608 1734 3664 livor

146 3701 460 3768 excruciat,
506 3702 630 3772 quia
661 3702 763 3757 hoc
788 3701 930 3772 quod
955 3700 1179 3771 appetit,
1208 3710 1303 3756 aut
1331 3699 1572 3756 funditus
1592 3701 1730 3756 alter

147 3795 425 3867 accipiens
461 3794 671 3861 adimit,
716 3805 811 3849 aut
861 3809 891 3849 a
940 3795 1244 3864 quantitate
1297 3794 1592 3866 restringit.
1622 3793 1728 3861 Qui

145 3903 278 3959 ergo
307 3886 491 3942 livoris
516 3894 669 3956 peste
691 3886 850 3957 plene
876 3900 1067 3941 carere
1104 3885 1396 3951 desiderat,
1428 3884 1576 3939 illam
1616 3884 1731 3939 haec

146 3977 433 4032 reditatem
484 3975 688 4047 diligat,
722 3990 884 4047 quam
923 3974 1263 4031 cohaereduul
1313 3989 1570 4030 numerus
1610 3988 1726 4029 non

144 4076 442 4142 angustat:
471 4084 591 4140 quae
614 4077 668 4122 et
687 4068 939 4123 omnibus
954 4082 1057 4122 una
1084 4074 1193 4134 est,
1223 4077 1281 4122 et
1308 4066 1537 4138 singulis
1563 4074 1677 4121 tota
1706 4082 1723 4122 :

143 4177 270 4235 quin
308 4169 461 4218 tanto
504 4161 703 4234 largior
729 4161 1053 4227 ostenditur,
1086 4167 1291 4229 quanto
1317 4159 1385 4214 ad
1414 4160 1556 4217 hanc
1596 4173 1725 4227 per-

143 4255 462 4327 cipientium
503 4254 791 4311 multitudo
818 4254 1091 4311 dilatatur.
1145 4251 1453 4307 lulminutio
1493 4266 1625 4322 ergo
1657 4250 1725 4306 li-

142 4349 295 4404 voris
346 4357 429 4402 est
477 4345 701 4402 allectus
758 4359 985 4418 surgens
1034 4345 1260 4400 internas
1299 4342 1626 4408 dulcedinis,
1669 4350 1727 4398 et

140 4443 304 4515 plena
336 4458 480 4497 mors
498 4440 622 4513 ‘ejus
650 4449 735 4496 est
758 4437 1032 4511 perfectus
1057 4452 1208 4493 amor
1230 4436 1570 4493 aeternitatis.
1588 4433 1726 4489 Nam

141 4551 273 4593 cum
305 4550 455 4591 luens
483 4534 551 4590 ab
577 4534 735 4606 hujus
761 4534 838 4588 rei
869 4532 1105 4603 appetitu
1136 4530 1453 4595 retrahitur,
1480 4544 1603 4601 quae
1630 4543 1725 4584 ac-

1834 3329 2005 3383 sancti
2048 3327 2283 3396 Spiritus
2323 3330 2578 3400 splendor
2622 3334 2934 3391 excluditur
2983 3358 2996 3393 :
3053 3355 3158 3409 quo
3210 3353 3421 3410 contra,

940 3424 1065 3494 quia
1113 3424 1378 3495 quidquid
1438 3424 1735 3496 temporale
1824 3416 1980 3487 juxta
2011 3427 2279 3475 vetustam
2309 3420 2739 3490 translationem,
2786 3426 3048 3497 scriptum
3080 3440 3207 3485 cst:
3246 3431 3422 3503 Super

1832 3783 1912 3839 ira
1954 3787 2192 3855 quietem
2218 3791 2417 3846 mentis
2448 3794 2737 3859 subtrahit.
2766 3811 2923 3852 suam
2958 3809 3152 3856 sancto
3184 3799 3415 3871 Spiritui
3520 3830 3531 3835 ·

1830 3878 2218 3937 habitationem
2265 3882 2469 3938 claudit
2497 3903 2509 3938 :
2542 3884 2697 3954 cujus
2722 3889 3032 3946 rwesaione
3074 3891 3292 3949 auirnus
3321 3907 3418 3949 va-

1828 3984 1964 4026 cuus
1990 3971 2060 4029 ad
2082 3981 2328 4041 apertam
2353 3989 2482 4030 mox
2502 3976 2768 4055 insaniam
2792 3977 3036 4046 ducitur,
3064 3990 3122 4036 et
3148 3997 3321 4053 usque
3346 3985 3417 4041 ad

1829 4062 2171 4131 superficiem
2198 4064 2270 4120 ab
2288 4063 2482 4120 intimo
2507 4068 2896 4137 cogitationum
2922 4068 3281 4131 fundamento
3309 4075 3419 4131 dis-

1829 4154 2057 4225 sipatur.
2077 4153 2211 4210 Nam
2238 4156 2333 4211 ira:
2360 4171 2474 4213 suae
2486 4159 2719 4214 stimulis
2740 4174 3035 4218 accensum
3058 4165 3417 4235 corpalpitat,

1829 4259 2028 4316 corpus
2064 4248 2270 4313 tremit,
2313 4249 2497 4321 lingua
2547 4265 2608 4306 se
2635 4252 2920 4321 praepedit,
2962 4251 3132 4310 facies
3162 4255 3415 4326 ignescit.

1830 4353 2222 4412 exasperantur
2254 4343 2417 4409 oculi,
2470 4354 2526 4400 et
2571 4361 2911 4417 nequaquam
2955 4361 3418 4422 recognoscuntur

1829 4437 1963 4492 noti.
1995 4437 2101 4493 Ole
2123 4437 2342 4508 quidem
2365 4439 2661 4496 clamorem
2688 4441 2908 4508 format,
2940 4443 3039 4499 sed
3058 4458 3254 4501 sensus
3280 4445 3416 4515 quid

1830 4526 2067 4597 loquitur
2117 4529 2351 4600 ignorat.
2412 4530 2467 4584 in
2500 4545 2616 4601 quo
2662 4532 2846 4602 itaque
2876 4534 2982 4590 iste
3023 4536 3095 4589 ab
3118 4537 3417 4605 arreptitiis
3464 4590 3477 4601 .

143 4626 458 4698 cipientium
488 4639 713 4681 numero
761 4625 1013 4697 partitur,
1048 4632 1197 4678 tanto
1220 4623 1390 4694 magis
1420 4621 1727 4693 proximum
1757 4609 1807 4671 D
1832 4617 1991 4692 longe
2025 4629 2130 4687 est,
2158 4622 2251 4692 qui
2293 4623 2523 4678 actionis
2551 4639 2663 4679 sua
2678 4626 2938 4691 conscius
2976 4642 3085 4685 non
3108 4630 3232 4687 est?
3262 4630 3417 4699 Unda

144 4718 344 4789 diligit,
387 4726 588 4788 quanto
622 4718 798 4772 minus
843 4732 908 4772 ex
953 4714 1196 4787 profectu
1224 4713 1369 4770 illius
1406 4729 1501 4770 sua
1530 4713 1728 4768 damna

143 4809 484 4880 pertimescit
528 4822 545 4862 :
600 4822 717 4878 qua:
767 4808 814 4863 si
847 4805 1084 4879 perfecte
1116 4805 1169 4859 in
1201 4819 1443 4860 amorem
1490 4803 1729 4859 celestis

145 4900 341 4972 patriae
388 4900 621 4971 rapitur,
663 4899 821 4971 plene
861 4898 1024 4954 etiam
1079 4899 1135 4952 in
1168 4897 1401 4967 proximi
1441 4896 1729 4951 diiectione

147 4991 450 5048 solidatur:
484 4991 607 5062 quia
650 5006 773 5048 cum
805 4990 949 5046 nulla
998 4999 1212 5045 terrena
1244 4988 1535 5054 desiderat,
1594 4986 1729 5042 nihil

145 5097 235 5145 est
263 5087 406 5160 quod
448 5085 565 5157 ejus
590 5100 717 5158 erga
748 5085 1054 5156 proximum
1086 5082 1338 5139 cbaritati
1366 5080 1727 5137 contradicat.

146 5182 281 5251 Quae
309 5179 564 5236 nimirum
600 5178 838 5234 cbaritas
877 5178 1004 5248 quid
1033 5185 1117 5233 est
1154 5176 1299 5231 aliud
1341 5190 1505 5246 quam
1535 5173 1731 5231 mentis

145 5273 360 5341 oculus,
386 5274 474 5345 qui
522 5273 569 5329 si
599 5271 803 5328 terreni
850 5270 1052 5325 amoris
1097 5268 1316 5340 pulvere
1370 5268 1631 5339 tangitur,
1662 5268 1732 5325 ab

148 5367 379 5422 internm
410 5366 546 5421 lucis
580 5379 703 5420 mox
733 5363 929 5419 intuitu
960 5361 1120 5417 laesus
1148 5359 1565 5415 reverberatur?
1601 5379 1621 5412 ι

220 5457 375 5513 Alius
404 5458 499 5512 irae
526 5472 584 5513 se
610 5454 848 5511 dominio
875 5453 1068 5509 stravit
1093 5470 1107 5506 :
1144 5451 1336 5522 ecquid
1364 5451 1416 5504 in
1440 5451 1604 5506 corde
1626 5451 1733 5508 nisi

143 5550 326 5622 jurgia
354 5552 516 5605 etiam
543 5566 661 5620 qua:
689 5549 884 5604 desunt
919 5543 1164 5617 peragit?
1193 5542 1293 5599 llic
1329 5557 1474 5614 stupe
1497 5558 1733 5613 praesen-

153 5654 236 5701 tes
270 5660 376 5699 non
415 5644 581 5709 videt,
611 5642 925 5701 absentibus
954 5639 1305 5704 contradicit,
1346 5639 1490 5694 inter
1529 5645 1731 5694 semet-

154 5736 329 5808 ipsum
350 5735 700 5791 contumelias
731 5724 935 5808 profert
960 5741 1014 5788 ct
1044 5732 1264 5803 recipit:
1294 5731 1524 5802 receptis
1552 5739 1732 5785 autem

156 5828 348 5885 durius
380 5827 688 5899 respondet,
740 5836 793 5881 et
846 5842 967 5881 cum
998 5826 1089 5896 qui
1136 5826 1313 5881 obviet
1364 5825 1543 5881 nullus
1571 5825 1730 5892 adsit,

1833 4710 1895 4764 flt
1929 4710 2263 4783 plerumque,
2299 4722 2360 4767 ut
2398 4730 2567 4783 usque
2610 4715 2677 4771 ad
2716 4731 2910 4779 mantis
2936 4718 3021 4775 ira
3064 4721 3330 4790 prosiliat,
3358 4732 3419 4781 et

1831 4818 1939 4873 quo
1967 4805 2108 4861 ratio
2134 4805 2348 4877 longius
2374 4806 2597 4872 recedit,
2634 4808 2895 4867 audacior
2912 4821 3177 4883 exsurgat
3208 4831 3223 4866 :
3248 4828 3417 4884 seque

1832 4895 2006 4964 ipsum
2033 4896 2270 4952 retinere
2293 4897 2506 4953 animus
2535 4912 2643 4955 non
2670 4900 2835 4967 valet,
2858 4902 2985 4971 quia
3010 4902 3194 4960 factus
3221 4915 3306 4961 est
3326 4920 3420 4975 po-

1812 4989 2045 5047 .testatis
2084 4988 2293 5056 alienae,
2323 4998 2379 5045 et
2402 5006 2469 5047 eo
2489 4990 2640 5048 furor
2666 4995 2909 5051 membra
2947 4994 3096 5053 foras
3117 4997 3174 5053 in
3221 4998 3420 5059 ictibus

1830 5082 2027 5146 exerit,
2055 5096 2164 5152 quo
2190 5083 2341 5139 intus
2361 5084 2534 5154 ipsam
2564 5087 2932 5144 membrorum
2961 5088 3237 5145 dominam
3266 5106 3421 5148 men.

1837 5179 1940 5228 tem
1976 5176 2245 5246 captivam
2296 5184 2464 5233 tenet.
2492 5176 2801 5251 Aliquando
2846 5190 3027 5238 autem
3082 5198 3276 5241 manus
3309 5200 3418 5247 non

1833 5265 2032 5331 exerit,
2058 5267 2153 5323 sed
2183 5268 2237 5322 in
2268 5268 2665 5328 maledictionis
2688 5270 2927 5341 iaculum
2955 5272 3194 5345 linguam
3235 5276 3418 5333 vertit.

1837 5360 2045 5416 Fratris
2076 5376 2309 5431 namque
2336 5363 2615 5419 interitum
2644 5365 2897 5433 precibus
2920 5366 3185 5436 exposcit,
3216 5378 3274 5423 et
3312 5368 3423 5427 hoc

1836 5453 2006 5509 Deum
2035 5463 2348 5526 perpetrare
2381 5456 2604 5525 expetit,
2636 5456 2779 5525 quod
2802 5457 2918 5526 ipse
2944 5472 3231 5529 pel-versus
3254 5460 3420 5519 homo

1828 5545 2018 5601 facere
2064 5546 2151 5601 vel
2188 5546 2402 5610 metuit,
2444 5546 2525 5600 vel
2564 5547 2857 5603 erubescit.
2891 5548 3082 5625 Fitque
3117 5558 3187 5605 'ut
3215 5559 3341 5606 voto
3362 5559 3423 5608 at

1837 5655 1971 5695 voce
1990 5639 2615 5710 homicidillnlrperagat,
2644 5642 2810 5696 etiam
2841 5658 2964 5697 cum
2990 5658 3018 5696 a
3051 5644 3272 5701 lesione
3296 5656 3423 5717 pte-

1842 5732 1970 5787 ximi
1998 5731 2243 5785 manibus
2269 5738 2466 5785 cessat.
2496 5730 2889 5801 Aliquandoira
2911 5737 3225 5805 perturbato
3238 5736 3423 5793 animo

1839 5824 1994 5897 quasi
2030 5840 2091 5878 ex
2117 5823 2323 5893 judicio
2350 5823 2624 5881 silentium
2654 5825 2863 5893 indicit,
2911 5836 2967 5884 et
3016 5843 3124 5901 quo
3169 5842 3229 5885 se
3276 5828 3423 5891 fons
