4006 6338
616 374 720 474 εει

1471 409 1803 470 ll‘lNCMABI
1843 406 2058 467 RHEM.
2099 404 2422 464 ARCHIEP.
2466 403 2833 463 OPUSCULA
2873 402 3108 459 VARIA.
3727 399 3798 459 888

615 547 744 586 mox
775 529 1059 586 subditur:
1093 526 1231 594 Quia
1265 535 1504 581 vacantes
1551 525 1754 590 poribus
1794 533 1842 577 et
1871 521 2054 575 dantes
2075 536 2212 590 sym-
2239 518 2291 578 Α
2318 517 2488 572 ruina:
2541 517 2783 581 modum,
2820 530 2983 585 quam
3015 514 3068 568 in
3101 511 3386 581 semetipso
3415 510 3617 582 quisque
3650 512 3798 570 intror-

618 619 740 676 bola
763 628 1153 682 consumenlur,
1171 626 1218 671 et
1245 617 1488 670 vestietur
1506 617 1693 685 pannis
1714 613 2012 668 dormitalio
2037 611 2210 682 (ibid.,

618 711 737 781 21).
786 708 1098 782 Symbolum
1135 707 1381 763 Graecum
1419 721 1616 760 nomen
1662 713 1766 768 est,
1794 711 1850 759 et
1892 703 2216 772 interpreta-

620 812 713 858 tur
741 802 974 857 collatio.
1006 801 1102 856 Est
1131 809 1313 854 autem
1357 799 1572 854 collatio
1615 811 1946 861 sermonum,
1979 795 2120 848 sicut
2160 793 2214 846 in

621 895 884 950 conviviis
907 892 1038 947 solet
1065 909 1184 949 esse
1215 893 1586 962 pecuniarum,
1617 891 1729 946 sive
1749 890 1974 944 aliarum
2007 901 2213 949 rerum,

620 994 684 1039 ut
711 994 765 1040 et
807 1001 1046 1057 praesens
1072 984 1222 1041 locus
1249 987 1427 1040 docet.
1477 983 1696 1038 Polibus
1720 996 1848 1052 ergo
1876 989 2094 1044 vacant,
2123 977 2214 1046 qui

623 1077 689 1132 de
735 1076 1026 1146 opprobrio
1057 1076 1246 1132 aliena:
1275 1077 1400 1130 vita:
1430 1073 1718 1128 lnCltl'l‘Jlll.
1749 1067 2062 1140 Symbolum
2091 1081 2218 1120 vero

620 1169 752 1234 dare
782 1179 888 1237 est,
920 1171 1060 1226 sicut
1085 1169 1455 1238 unusquisque
1491 1167 1625 1222 solet
1663 1179 1758 1235 pro
1781 1171 1931 1234 parte
1959 1161 2108 1216 cibos
2151 1159 2218 1214 ad

620 1262 983 1324 vescendum,
1020 1261 1092 1315 ita
1138 1261 1193 1315 in
1227 1259 1658 1315 confabulatione
1681 1254 2031 1311 detractionis
2056 1252 2219 1306 verba

624 1349 895 1406 conferre.
948 1349 1055 1406 Sed
1081 1358 1333 1404 vacantes
1363 1349 1576 1417 potibus
1600 1355 1653 1401 et
1696 1346 1887 1401 dantes
1915 1342 2219 1415 symbolum

624 1452 1036 1506 consumentur,
1087 1440 1214 1510 quia
1245 1440 1510 1509 scriptum
1553 1447 1676 1492 est:
1723 1435 1912 1494 Omnis
1949 1435 2221 1489 detractor

623 1532 992 1606 eradicabitur
1041 1529 1223 1602 (Prov.
1293 1529 1405 1601 xv).
1464 1529 1736 1584 Vestietur
1786 1535 1966 1581 autem
2029 1523 2224 1595 pannis

625 1624 961 1690 dormitatio,
990 1623 1117 1694 quia
1150 1623 1464 1694 despectum
1508 1631 1561 1677 et
1593 1622 1806 1691 inopem
1839 1637 1867 1673 a
1893 1619 2104 1674 cunctis
2130 1619 2226 1672 bo-

625 1717 712 1770 nis
732 1716 987 1787 operibus
1020 1730 1168 1770 mors
1205 1730 1300 1768 sua
1334 1715 1588 1776 inveniet,
1623 1727 1784 1783 quem
1816 1711 1906 1766 hic
1945 1712 2009 1764 ad
2035 1709 2225 1764 aliente

624 1807 752 1862 vita:
799 1808 1131 1875 exquirenda
1169 1807 1397 1861 crimina
1445 1805 1799 1860 detractionis
1849 1817 1958 1857 suae
2001 1802 2227 1871 languor

629 1897 938 1966 occupavit.
971 1916 989 1947 ι
1031 1896 1185 1951 Alius
1212 1896 1569 1966 eleemosynis
1593 1903 1768 1959 vacat,
1795 1891 2007 1962 propria
2037 1891 2221 1946 distri-
2250 1887 2294 1946 Β

626 1987 785 2044 buit:
842 1989 936 2043 sed
991 1987 1115 2042 dum
1168 1987 1352 2042 multis
1397 1986 1672 2054 injustitiis
1715 1984 1920 2049 servit,
1972 1982 2050 2037 vel
2109 1982 2222 2038 for-

629 2087 774 2134 tasse
827 2079 1064 2150 linguam
1122 2078 1176 2133 in
1237 2077 1660 2133 detractionibus
1716 2077 1922 2140 exerit,
1983 2074 2044 2128 tit
2107 2073 2224 2142 ple-

629 2187 860 2242 rumque
921 2180 982 2226 ut
1031 2172 1098 2238 is,
1139 2170 1231 2240 qui
1278 2170 1588 2226 misericors
1640 2169 1847 2232 fuerat,
1906 2166 2059 2235 juxta
2100 2167 2226 2220 vitae

633 2277 746 2317 sua:
775 2261 1064 2314 terminum
1104 2260 1418 2330 rapacitatis
1467 2269 1521 2314 et
1571 2268 1624 2313 et
1650 2257 1984 2312 crudelitatis
2035 2255 2228 2310 stimu-

631 2352 701 2408 lis
748 2353 1074 2408 inardescat.
1145 2352 1300 2420 Quod
1364 2351 1520 2406 valde
1564 2350 1770 2420 judicio
1824 2348 1972 2418 justo
2022 2348 2223 2420 agitur,

630 2455 692 2502 ut
719 2447 910 2517 perdat
935 2457 990 2502 et
1030 2454 1155 2501 ante
1185 2446 1430 2500 homines
1472 2444 1613 2499 unde
1645 2443 1955 2498 hominibus
1997 2441 2224 2512 placuit,

629 2542 724 2612 qui
759 2541 864 2596 hoc
891 2540 1035 2595 unde
1066 2539 1179 2594 Deo
1212 2538 1485 2609 displicuit
1513 2537 1786 2607 corrigere
1827 2549 2108 2605 nunquam
2132 2548 2225 2588 cu-

632 2631 797 2685 ravit.
822 2630 951 2685 Duae
999 2639 1180 2685 autem
1212 2637 1341 2684 sunt
1364 2644 1542 2684 causa:
1571 2630 1622 2682 in
1655 2627 1854 2698 quibus
1887 2625 2016 2682 licet
2065 2623 2227 2679 alicui

634 2729 815 2784 dicere
843 2737 898 2782 et
927 2736 1227 2782 retractare
1252 2725 1430 2782 aliena
1459 2723 1621 2779 mala.
1653 2723 1709 2780 Si
1745 2723 1964 2794 quando
2004 2733 2228 2776 necesse

634 2828 719 2876 est
762 2817 1050 2874 consilium
1081 2816 1268 2872 haberi
1317 2832 1441 2872 cum
1473 2815 1702 2880 caeteris,
1735 2815 1826 2884 qui
1857 2814 1911 2869 in
1972 2813 2077 2868 hoc
2107 2813 2227 2882 ipso

633 2911 888 2965 videntur
917 2909 1144 2972 assumi,
1173 2908 1446 2976 quomodo
1475 2908 1780 2977 corrigatur
1810 2905 1856 2961 is
1902 2905 1992 2975 qui
2033 2917 2226 2973 pecca-

636 3000 821 3057 vitvel
849 2999 988 3054 male
1013 2997 1214 3068 aliquid
1244 2998 1374 3068 egit.
1412 2996 1480 3052 Et
1507 3012 1743 3061 rursum,
1781 2996 1826 3052 si
1875 2995 2089 3064 quando
2131 3007 2227 3049 ne-

639 3105 790 3145 cesse
817 3098 901 3144 est
923 3088 1210 3160 praeveniri
1237 3087 1494 3158 aliquem,
1515 3096 1571 3142 et
1599 3086 1956 3151 commoneri,
1977 3074 2056 3141 'ne
2084 3083 2225 3140 forte

639 3181 884 3238 incurrat
914 3181 967 3236 in
991 3180 1324 3236 consortium
1353 3179 1582 3250 alicujus
1624 3180 1773 3244 mali,
1807 3179 1933 3235 dum
1967 3195 2090 3234 eum
2119 3195 2222 3250 pu-

2271 667 2275 670 ,
2317 624 2409 663 sus
2461 609 2646 673 sentit,
2695 607 2860 662 etiam
2891 619 3146 660 mensura
3177 604 3558 658 lamentationis
3601 605 3796 678 erigatur,

2316 716 2384 755 ne
2404 700 2447 754 si
2478 700 2710 771 cogitata
2736 697 2873 754 mala
2901 697 3082 752 minus
3107 696 3370 761 cruciant,
3398 711 3553 766 usque
3584 699 3643 752 ad
3663 713 3800 769 perpe-

2317 793 2508 846 tranda
2534 805 2697 861 opera
2726 790 3046 860 perducant.
3085 788 3421 859 Quapropter
3464 797 3630 844 contra
3668 792 3797 845 omnia

2317 881 2448 937 vitia
2479 893 2535 935 et
2579 890 2800 951 peccata
2833 880 3061 950 quisque
3118 879 3345 934 solerter
3389 879 3625 949 invigilet,
3666 890 3708 934 et
3740 882 3800 950 qui

2318 982 2540 1045 peccata
2571 972 2836 1044 deplorat,
2891 971 3148 1042 ploranda
3197 971 3415 1026 minime
3465 973 3733 1038 committat,
3767 984 3804 1029 et

2319 1067 2410 1135 qui
2439 1064 2644 1136 plangit
2673 1065 2823 1128 vitia,
2855 1071 3171 1134 perpetrare
3207 1063 3336 1117 vitia
3367 1063 3691 1134 pertimescat.
3712 1063 3803 1119 Nam

2320 1158 2665 1230 cogitandum
2695 1172 3037 1227 summopere
3057 1165 3161 1222 est,
3191 1165 3250 1211 ut
3273 1157 3364 1226 qui
3393 1170 3450 1212 se
3473 1154 3636 1210 illicita
3667 1159 3804 1211 memi-

2320 1253 2400 1308 nit
2425 1251 2786 1316 commisisse,
2819 1265 2848 1304 a
2891 1250 3213 1320 quibusdam
3263 1248 3424 1304 etiam
3476 1247 3618 1304 licitis
3655 1249 3804 1303 studeat

2323 1343 2598 1398 abstinere
2627 1361 2639 1394 :
2673 1349 2938 1410 quatenus
2985 1354 3082 1409 per
3111 1338 3215 1393 hoc
3243 1337 3511 1394 Conditori
3551 1352 3634 1393 suo
3656 1337 3805 1392 satisfa-

2321 1435 2452 1498 ciat,
2481 1432 2649 1503 utqui
2683 1429 2952 1487 commisit
2976 1429 3245 1499 prohibita
3276 1469 3290 1494 ,
3323 1427 3620 1498 sibimetipsi
3655 1429 3802 1483 abscin-

2324 1527 2454 1582 dere
2483 1525 2678 1580 debeat
2719 1522 2883 1579 etiam
2936 1535 3216 1584 concessa,
3259 1528 3314 1574 ct
3341 1534 3398 1574 se
3444 1519 3741 1590 reprehendat
3772 1520 3804 1572 in

2323 1619 2586 1685 minimis,
2616 1631 2776 1688 quem
2803 1614 3048 1671 meminit
3075 1614 3128 1668 in
3160 1612 3414 1668 maximis
3456 1611 3716 1683 deliquisse.
3748 1609 3804 1664 Ni-

2325 1714 2434 1769 mia
2466 1720 2590 1768 sunt
2616 1725 2736 1781 quae
2780 1709 2991 1779 loquor,
3021 1708 3065 1762 si
3097 1707 3212 1762 haec
3242 1722 3312 1762 ex
3351 1705 3483 1761 sacri
3524 1703 3689 1774 eloquii
3709 1703 3806 1757 testi-

2327 1805 2511 1860 monio
2552 1819 2657 1857 non
2701 1799 2926 1856 afﬁrmo.
2977 1797 3087 1853 Lex
3123 1806 3273 1854 certe
3317 1796 3520 1852 Veteris
3562 1791 3803 1849 Testamenti

2325 1900 2558 1955 alienam
2595 1881 2818 1952 uxorem
2846 1893 3153 1964 concupisci
3207 1890 3474 1962 prohibet,
3514 1905 3542 1943 a
3580 1903 3682 1959 rege
3717 1900 3800 1939 vero

2327 1993 2489 2048 fortia
2521 1990 2698 2063 juberi
2751 1989 3033 2052 militibus,
3063 1985 3149 2042 vel
3201 1982 3491 2041 desiderari
3532 1996 3708 2052 aquam,
3735 1994 3801 2033 non

2326 2083 2616 2156 poenaliter
2655 2089 2820 2136 vetat.
2879 2078 2947 2133 Et
2999 2076 3178 2133 cuncti
3236 2065 3478 2131 novimus
3524 2073 3644 2142 quod
3675 2069 3802 2134 David,

2327 2173 2778 2244 concupiscentia:
2805 2183 3064 2226 mucrone
3093 2166 3408 2228 transfixus,
3440 2163 3640 2220 alienam
3679 2157 3802 2226 conju-

2327 2284 2447 2340 gem
2489 2277 2544 2322 et
2577 2265 2834 2336 appetivit
2860 2271 2915 2318 et
2958 2261 3179 2318 abstulit
3225 2279 3238 2313 :
3289 2259 3440 2329 cujus
3481 2258 3660 2328 culpam
3701 2254 3801 2323 digna

2328 2361 2554 2416 verbera
2578 2365 2706 2413 sunt
2730 2364 2934 2420 secuta,
2963 2365 3017 2409 et
3047 2353 3249 2408 malum
3289 2351 3429 2422 quod
3457 2344 3726 2421 perpetravit
3743 2356 3802 2413 per

2330 2450 2661 2523 paenitentia:
2693 2447 2925 2502 lamenta
2969 2444 3230 2500 correxit.
3273 2441 3373 2510 Qui
3415 2455 3527 2494 cum
3571 2437 3694 2506 longe
3725 2442 3801 2504 post

2329 2552 2518 2599 contra
2552 2540 2788 2595 hostium
2839 2552 3042 2594 cuneos
3093 2534 3328 2596 sederet,
3372 2545 3554 2602 aquam
3596 2528 3733 2582 bibere
3760 2536 3801 2575 ex

2328 2651 2518 2691 eorum
2539 2634 2775 2689 cisterna
2804 2648 2870 2687 ex
2896 2629 3166 2687 desiderio
3189 2627 3358 2684 voluit
3385 2646 3398 2680 ;
3436 2624 3574 2695 cujus
3603 2619 3719 2676 electi
3741 2616 3784 2670 mi

2329 2726 2479 2790 lites,
2510 2724 2651 2779 inter
2672 2731 2918 2778 catervas
2939 2719 3342 2776 adversantium
3368 2714 3557 2770 medias
3589 2712 3800 2775 irrumpen-

2326 2827 2434 2884 tes,
2470 2833 2662 2887 aquam
2692 2831 2852 2886 quam
2899 2830 2997 2869 rex
3037 2811 3364 2868 desideravit
3395 2808 3531 2862 illaesi
3561 2803 3796 2860 detulerunt.

2332 2908 2440 2965 Sed
2469 2909 2554 2963 vir
2581 2907 2807 2979 ﬂagellis
2834 2906 3099 2970 eruditus,
3127 2903 3469 2972 semetipsum
3514 2896 3707 2969 protinus
3723 2905 3798 2945 cum

2331 2999 2570 3070 periculo
2616 2997 2842 3054 militum
2904 3010 3097 3066 aquam
3168 2992 3492 3049 desiderasse
3534 2981 3797 3057 reprehendib

2329 3105 2558 3161 eamque
2587 3088 2816 3146 Domino
2849 3087 3078 3142 fundens
3104 3085 3313 3149 libavit,
3344 3082 3476 3138 sicut
3501 3079 3593 3134 illic
3623 3076 3797 3144 scriptum

2329 3194 2413 3241 est
2439 3202 2452 3239 :
2480 3181 2683 3237 Libavit
2708 3198 2822 3236 eam
2867 3180 3090 3234 Domino
3121 3177 3206 3251 (11
3248 3176 3370 3248 Reg.
3423 3189 3543 3230 χχιιι
3579 3171 3664 3240 16).
3687 3166 3726 3222 ln
3747 3179 3798 3217 sa.

641 3284 720 3329 tat
744 3289 864 3330 esse
887 3273 1110 3338 bonum,
1133 3272 1260 3341 quia
1289 3271 1418 3327 dicit
1444 3271 1733 3342 Apostolus
1762 3290 1774 3326 :
1804 3271 1984 3327 Nolite
2008 3272 2227 3326 commi—
2251 3267 2298 3332 C
2329 3275 2592 3332 oriﬁcium
2623 3273 2817 3344 quippe
2846 3270 3056 3326 Domini
3093 3270 3262 3325 etTusa
3307 3281 3440 3337 aqua
3489 3273 3697 3318 conversa
3733 3261 3795 3314 est.

637 3364 771 3419 scari
789 3379 907 3417 cum
935 3361 1297 3430 huiuscemodi
1338 3359 1388 3432 (I
1414 3358 1538 3415 Cor.
1573 3377 1627 3426 v,
1664 3362 1772 3433 11).
1815 3361 1880 3416 Et
1919 3361 2178 3416 Salomon
2210 3378 2226 3416 :

642 3457 772 3513 Noli
796 3473 1006 3510 manere
1028 3472 1146 3509 cum
1175 3455 1380 3509 homine
1405 3455 1684 3520 iracundo,
1714 3473 1776 3509 ne
1800 3455 1931 3523 forte
1949 3474 2128 3511 sumas
2150 3456 2229 3511 la-

636 3565 831 3620 queum
861 3548 1054 3602 anima:
1083 3557 1190 3601 tua:
1215 3545 1400 3617 (Prov.
1439 3561 1575 3611 χιιι,
1611 3545 1726 3614 24).
1757 3545 1912 3613 Quod
1954 3555 2011 3601 et
2051 3547 2228 3617 ipsum

639 3639 959 3710 Apostolum
1005 3639 1200 3695 fecisse
1250 3638 1554 3695 invenimus
1589 3655 1686 3709 per
1730 3639 1834 3694 hoc
1870 3637 2014 3709 quod
2042 3639 2231 3695 scribit

642 3731 714 3787 ad
762 3730 1107 3787 Timotheum
1163 3731 1349 3786 dicens
1383 3747 1396 3782 :
1429 3729 1730 3785 Alexander
1769 3731 1992 3785 aerarius
2063 3729 2230 3784 multa

641 3823 786 3878 mala
809 3825 937 3877 mihi
965 3824 1207 3890 ostendit,
1243 3839 1398 3895 quem
1431 3832 1480 3878 et
1502 3833 1560 3877 tu
1585 3823 1779 3889 devita,
1805 3822 1958 3878 valde
1985 3824 2122 3878 enim
2150 3839 2232 3877 re-

642 3914 774 3968 stitit
805 3914 971 3969 verbis
1002 3915 1192 3970 nostris
1239 3913 1324 3987 (II
1359 3914 1496 3969 Tim.
1538 3929 1614 3980 tv,
1652 3915 1762 3986 l4).
1797 3915 2003 3970 Praeter
2049 3912 2232 3984 hujus-

641 4006 789 4064 modi
817 4017 1000 4064 autem
1041 4007 1414 4072 necessitates,
1448 4007 1540 4077 qui
1573 4007 1705 4062 dicit
1745 4008 2008 4063 adversus
2040 4007 2229 4074 alium,

642 4109 706 4156 ut
727 4101 812 4155 vel
843 4100 1066 4172 deroget
1091 4099 1140 4156 ei
1172 4099 1258 4155 vel
1285 4099 1572 4164 obtrectet,
1603 4099 1747 4154 istud
1788 4107 1872 4155 est
1922 4099 2228 4166 detrahere,
2325 4101 2334 4144 ἰ

629 4192 858 4268 ⁵σέῑὶελιιιεί
884 4209 1015 4248 vera
1041 4192 1330 4247 videantur
1359 4207 1480 4248 esse
1520 4207 1639 4262 quae
1668 4192 1820 4246 dicit.
1873 4193 1940 4246 Et
1983 4201 2109 4248 sunt
2137 4193 2233 4262 qui

633 4287 894 4356 quamvis
930 4286 984 4340 in
1029 4285 1291 4350 minimis,
1349 4285 1444 4341 sed
1496 4293 1676 4339 tamen
1717 4285 2030 4355 frequenter
2072 4299 2233 4343 exce-

615 4379 782 4434 dunt
827 4388 888 4434 ut
916 4392 1260 4450 nequaquam
1303 4378 1648 4434 considerent
1677 4377 1861 4448 qualia
1902 4378 1993 4432 sed
2026 4386 2232 4448 quanta

643 4467 1016 4524 committunt.
1047 4467 1106 4523 Si
1149 4467 1292 4534 enim
1344 4467 1486 4524 facta
1534 4483 1631 4522 sua
1661 4467 1989 4539 despiciunt,
2038 4469 2232 4524 timere

635 4573 770 4626 lcum
799 4566 1032 4629 pensant
1056 4558 1272 4624 debent,
1297 4557 1590 4614 formidare
1621 4576 1748 4634 cum,
1772 4568 2078 4625 numerant,
2103 4560 2230 4632 quia

633 4650 1009 4727 minutasunt
1034 4665 1154 4720 quae
1189 4662 1488 4722 erumpunt
1537 4653 1815 4724 membris,
1864 4639 1962 4723 per
1991 4653 2233 4708 scabiem

639 4740 890 4808 vulnera,
921 4741 1015 4798 sed
1066 4757 1189 4797 cum
1221 4741 1509 4798 multitudo
1540 4759 1730 4798 eorum
1763 4742 2233 4800 innumerabiliter

610 4841 894 4903 .occupat,
946 4833 1023 4889 sic
1078 4833 1243 4888 vitam
1294 4834 1539 4905 corporis
1577 4835 1728 4914 'sicut
1764 4851 1930 4890 unum
1960 4836 2233 4908 gravegin-

613 4923 848 5000 “ﬂictum
879 4925 1086 4998 pectori
1113 4924 1307 4981 vulnus
1331 4934 1508 4981 necat.
1536 4924 1674 4981 Hinc
1697 4925 1947 4982 videlicet
1969 4927 2233 4998 scriptum

609 5077 624 5090 ﬂ
639 5026 762 5098 est:
801 5017 904 5084 Qui
928 5019 1133 5098 modica
1154 5018 1349 5089 spernit
1375 5017 1631 5088 paulatim
1662 5001 2085 5098 decidetlEccli.
2119 5035 2232 5086 xrx,

635 5095 722 5184 Ξ1).
772 5110 874 5178 Qui
923 5095 1067 5172 enim
1095 5121 1319 5182 peccata
1351 5099 1559 5166 minuta
1594 5109 1726 5168 flere
1766 5128 1831 5168 ac
1867 5095 2113 5168 devitarc
2143 5127 2237 5168 ne-

612 5195 916 5280 ,ngigit,'ah
953 5211 1100 5259 statu
1146 5203 1373 5276 justitize
1421 5218 1527 5258 non
1574 5203 1794 5272 quidem
1839 5213 2085 5276 repente,
2136 5204 2235 5261 sed

641 5294 890 5372 partibus
909 5304 1052 5350 totus
1073 5297 1235 5369 cadit.
1665 5279 1668 5284 ’

656 5439 660 5446 ,
713 5384 780 5438 Et
812 5384 1024 5440 dicente
1047 5385 1296 5458 Domino,
1325 5385 1438 5457 Ego
1466 5393 1628 5458 Opera
1653 5397 1707 5442 et
1738 5385 2097 5460 cogitationes
2141 5404 2233 5444 eo-

638 5490 764 5532 rum
795 5476 955 5534 venio
1005 5485 1065 5534 ut
1099 5493 1444 5550 congregem,
1493 5465 1718 5536 necesse
1762 5465 1843 5536 est
1892 5490 1950 5536 ut
2005 5483 2234 5551 quisque

639 5583 750 5640 non
777 5569 950 5626 solum
971 5581 1193 5642 peccata
1223 5588 1476 5643 operum,
1503 5576 1597 5630 sed
1613 5559 1778 5630 etiam
1800 5583 2021 5645 peccata
2038 5572 2240 5628 deﬂeat

644 5661 1056 5730 cogitationum.
1090 5664 1158 5718 Et
1183 5681 1290 5721 non
1320 5665 1494 5721 solum
1528 5682 1778 5723 mensura
1803 5669 2013 5738 peccati
2059 5667 2236 5722 consi-

644 5750 884 5806 deranda
910 5756 1156 5838 estquod
1185 5765 1526 5838 perpetratur
1548 5759 1600 5812 iu
1635 5774 1818 5830 opere,
1843 5775 2029 5814 verum
2074 5759 2237 5815 etiam

645 5853 701 5899 et
737 5842 789 5898 in
813 5859 878 5903 eo
903 5846 1044 5916 quod
1072 5833 1416 5919 perpetratur
1436 5841 2237 5923 cogilatione,-quatenusjuxta

2317 5565 2322 5568 I
2345 5577 2523 5648 fuerit,
2555 5553 2727 5632 tamen
2756 5576 3001 5647 exiguum
3053 5557 3266 5626 libenter
3295 5553 3524 5648 imper-tiri
3541 5555 3578 5602 ει

2333 3369 2460 3440 quia
2490 3366 2699 3436 culpam
2731 3361 3182 3435 concupiscentiae
3222 3357 3466 3415 mactavit
3504 3370 3586 3426 per
3618 3348 3798 3440 pmuiteu-

2336 3461 2464 3515 tiam
2503 3456 2838 3514 remissionis
2869 3471 3000 3510 suae.
3032 3453 3134 3522 Qui
3179 3468 3308 3524 ergo
3358 3448 3598 3520 quondam
3628 3435 3797 3505 concupi-

2334 3566 2486 3606 scere
2533 3551 2762 3605 alienam
2821 3546 3102 3617 conjugem
3161 3558 3485 3617 nequaquam
3527 3537 3683 3598 timuit,
3724 3536 3797 3601 p05!

2333 3647 2496 3701 etiam
2523 3644 2650 3714 quia
2681 3659 2876 3714 aquam
2907 3640 3215 3711 concupivit
3243 3637 3468 3710 expavit.
3504 3633 3617 3700 Quia
3637 3626 3736 3682 enim
3761 3633 3795 3673 se

2334 3738 2518 3794 illicita
2570 3744 2912 3807 perpetrasse
2952 3733 3298 3797 meminerat,
3331 3736 3504 3785 contra
3549 3716 3793 3786 semetipsum

2327 3829 2441 3901 jam
2467 3828 2671 3900 rigidus
2691 3836 2745 3882 et
2767 3843 2798 3881 a
2820 3824 2984 3881 licitis
3010 3824 3331 3881 abstinebat.
3355 3819 3439 3876 Sic
3460 3816 3531 3872 sic
3549 3812 3794 3901 agimuS_W‘

2336 3895 2645 3987 nitentiam,
2685 3919 2732 3976 si
2785 3933 2845 3974 ea
2877 3934 2997 3990 quae
3021 3915 3386 3974 commisimus
3408 3906 3613 3984 perfecte
3634 3895 3795 3969 ἀερίοτθ

2335 4027 2476 4068 mus.

2325 4101 2334 4144 ἶ
2949 4102 3178 4160 CAPUT
3215 4101 3302 4158 IV.

2335 4215 2416 4272 De
2471 4215 2712 4287 operibus
2751 4215 3151 4281 misericordiae,
3199 4224 3247 4287 et
3293 4212 3354 4266 de
3397 4183 3793 4287 ηωῃὲιεηιὶιξκςξξίίξ

2407 4255 3013 4358 ὲεῖἕίἰὲῐέἇιζὶὶὶἷὲἱιὶῖιῖἐ
3027 4255 3162 4338 Eii}:
3199 4255 3551 4358 Ἱὲεᾶξηῖιηεηιε
3573 4255 3792 4358 uagitu“

2407 4337 2485 4413 ἓὲἱ
2494 4337 2516 4424 ξ
2551 4337 2633 4412 ἷιῖ
2649 4337 2865 4428 ῖῐᾶίὲἰᾶ
2882 4337 3004 4411 ἷιὲἧὶ
3021 4337 3241 4422 anno,”
3255 4337 3301 4408 ei
3316 4352 3377 4406 de
3402 4348 3544 4422 paeni:
3568 4337 3724 4409 ialm"-

2406 4472 2553 4528 Inter
2597 4473 2713 4528 haec
2755 4481 2935 4526 autem
2984 4467 3262 4524 sciendum
3307 4471 3388 4519 est
3428 4462 3646 4530 quantum
3685 4445 3791 4536 oper.a

2321 4549 2728 4623 misericordia:
2770 4562 3003 4627 valeant,
3036 4576 3161 4616 cum
3194 4559 3260 4614 ad
3285 4556 3475 4612 fructus
3504 4546 3656 4614 dignos
3680 4539 3791 4627 ρωιξι·

2260 4633 2316 4695 Ῑ)
2344 4657 2525 4712 tentia:
2566 4656 2678 4725 ipsa
2730 4671 2840 4736 pra:
2890 4653 3104 4710 caeteris
3160 4645 3533 4722 pracipiuntur.
3578 4631 3682 4688 llinc
3699 4619 3791 4736 etii:

2339 4765 2436 4821 per
2461 4733 2808 4818 semctipsam
2855 4745 3068 4809 Veritas
3090 4745 3221 4800 dicit
3249 4763 3260 4798 :
3292 4741 3413 4796 Date
3436 4714 3789 4821 ειεᾳηιιξξξηαπξξξ

2319 4812 2452 4896 ecce
2476 4812 2878 4895 omnia-munda
2905 4847 3026 4893 sunt
3050 4835 3190 4892 vobis
3212 4833 3355 4907 (Luc.
3385 4823 3449 4890 xi,
3479 4812 3788 4907 ill'rlﬁmﬁt

2338 4947 2431 4987 sus
2459 4931 2577 4985 ait:
2628 4929 2762 4984 Date
2799 4938 2847 4983 et
2893 4928 3106 4982 dabitur
3149 4888 3287 4980 vobis
3312 4920 3449 4994 (Luc.
3474 4888 3787 4994 x1,'53l-_m”‘c

2316 5023 2503 5078 etiam
2527 5007 2787 5092 scriptum
2807 5013 2890 5075 est
2917 5009 2934 5072 τ’
2960 5015 3141 5089 Ignem
3166 5014 3418 5069 ardentem
3439 4987 3788 5092 exitiali}?

2348 5122 2396 5167 et
2421 5067 2744 5181 elcemosfyna
2789 5067 3241 5180 resistitapeccatis
3281 5096 3454 5174 (Eccli‘.
3486 5101 3554 5152 ut,

2349 5206 2547 5262 iterum
2583 5171 2714 5260 dicit
2745 5171 3054 5258 :Conclud'e
3079 5171 3437 5266 elemosynam
3457 5185 3502 5240 in
3525 5175 3648 5266 card}

2349 5300 2443 5366 ris,
2473 5307 2521 5351 et
2563 5276 2675 5351 lucc
2715 5293 2807 5367 pro
2837 5303 2886 5349 te
2914 5289 3170 5348 exorabit;
3205 5284 3384 5360 (Eccli.
3425 5251 3786 5367 “uigili”;

2313 5375 2318 5378 ’
2349 5361 2522 5446 bonus
2545 5399 2701 5463 pater
2715 5361 3070 5445 innocentem
3095 5381 3257 5440 lilium
3292 5377 3516 5435 admonet

2963 5469 3287 5535 abundanter
3327 5470 3514 5525 tribue:
3545 5457 3585 5510 Si

3583 5541 3658 5596 nde
3681 5519 3780 5601 (Τνθο

2574 5666 2646 5723 Ut
2675 5620 2868 5721 auten:
2885 5661 3085 5735 quanta
3132 5659 3271 5715 esset
3302 5653 3453 5705 virtus
3475 5643 3520 5696 ῑη
3541 5620 3778 5735 conﬁgi:

3521 5734 3637 5785 oster
3665 5712 3779 5765 05w"

2348 5475 2571 5540 multum
2617 5484 2773 5555 fuerit
2801 5483 2914 5548 tibi,

2346 5684 2420 5733 ¹νν
2449 5668 2524 5739 9)·
2574 5668 2646 5723 Ut
2675 5677 2853 5721 autem
2885 5671 3085 5735 quanta
3132 5668 3271 5715 esset
3302 5668 3453 5705 virtus
3475 5668 3520 5696 ιιι
3541 5668 3620 5690 ινι-

2345 5769 2400 5816 et
2422 5760 2764 5832 susceptione
2794 5757 3146 5828 indigentium
3173 5747 3472 5832 Redemptor
3491 5734 3624 5832 hoste:

2347 5801 2764 5832 νυνι-υννν......ν
3365 5801 3380 5813 ,
3615 5809 3624 5820 .

2347 5852 2523 5919 deret,
2555 5849 2695 5908 dixit
2729 5869 2740 5908 :
2773 5850 2876 5918 oui
2921 5848 3102 5919 recipit
3125 5839 3408 5918 proplle'tam
3427 5829 3486 5884 in
3514 5819 3670 5877 κοικειι
3693 5801 3775 5865 ραν
