4006 6338
216 351 326 414 889

1398 367 1484 422 DE
1520 363 1862 425 CAVENDIS
1899 365 2137 442 VlTllS,
2187 367 2339 431 E'l‘C.

3392 366 3499 436 890

211 476 413 546 pheta,
436 457 722 532 mercedem
740 475 1007 551 propheta
1028 479 1269 555 accipiet,
1301 492 1348 541 et
1394 487 1485 556 qui
1523 486 1706 555 recipit
1717 486 1803 557 ju-

1916 495 2107 550 smatis
2157 498 2506 569 perceptione
2536 488 2711 555 nobis
2767 487 2964 555 donata
3012 506 3158 566 sunt,
3210 501 3265 555 et
3317 508 3498 554 tamen

214 578 360 623 stum
384 570 439 623 in
461 570 667 625 nomine
678 572 838 642 justi,
866 575 1151 631 mercedem
1183 577 1323 648 justi
1341 579 1556 651 accipiet
1589 577 1811 650 (Matth.

213 674 277 726 Χ,
302 656 416 730 41).
440 658 497 715 in
529 662 725 731 quibus
765 665 948 722 verbis
978 668 1274 724 notandum
1317 679 1420 737 est,
1457 670 1582 742 quia
1607 687 1712 727 non
1737 671 1813 726 ait

212 754 527 809 mercedem
555 755 621 811 de
649 758 932 827 propheta,
964 758 1049 815 vel
1098 761 1403 818 mercedem
1434 763 1499 819 de
1520 761 1690 832 justo,
1718 762 1813 819 sed

213 846 527 903 mercedem
575 850 872 920 propheta,
904 853 989 909 vel
1034 857 1340 912 mercedem
1380 856 1511 927 justi
1558 857 1809 929 accipiet.

210 937 381 994 Aliud
422 950 507 996 est
551 942 696 998 enim
732 957 939 1001 merces
992 947 1060 1004 de
1098 950 1384 1019 propheta,
1413 950 1557 1007 aliud
1598 964 1812 1006 merces

210 1034 516 1105 propheta,
544 1045 707 1107 atque
731 1037 875 1095 aliud
902 1056 1112 1099 merces
1135 1043 1200 1099 de
1217 1042 1388 1114 justo,
1426 1045 1570 1102 aliud
1599 1060 1814 1103 merces

203 1120 369 1194 justi.
393 1124 531 1194 Quid
560 1136 646 1183 est
675 1129 820 1186 enim
849 1130 1062 1189 dicere:
1086 1135 1389 1192 mercedem
1417 1138 1693 1208 propheta
1721 1154 1813 1195 ac-

184 1216 403 1289 _cipiel,
447 1220 549 1275 nisi
583 1222 711 1292 quia
741 1222 788 1278 is
818 1224 909 1295 qui
938 1227 1255 1297 prophetam
1286 1244 1385 1284 sua
1421 1227 1670 1302 largitate
1699 1246 1814 1288 sus-

211 1316 415 1375 tentat,
455 1313 705 1381 quamvis
744 1313 860 1386 ipse
898 1318 1244 1387 prophetiam
1278 1334 1387 1375 non
1414 1320 1632 1386 habeat,
1669 1322 1811 1394 apud

208 1402 641 1474 omnipotentem
661 1417 843 1464 tamen
861 1407 1460 1484 Dominum'prophetia
1473 1414 1698 1485 pramia
1710 1416 1810 1470 ha-

205 1488 385 1550 bebit.
419 1494 524 1551 lste
549 1497 695 1553 enim
730 1497 1156 1569 fortassejustus
1181 1510 1285 1570 est,
1316 1512 1373 1559 et
1395 1512 1598 1576 quanto
1625 1505 1679 1560 in
1707 1506 1811 1563 hoc

210 1586 419 1642 mundo
441 1586 575 1642 nihil
605 1590 865 1660 possidet,
902 1601 1054 1649 tanto
1087 1592 1342 1665 loquendi
1372 1611 1474 1667 pro
1507 1596 1723 1668 justitia
1748 1597 1812 1652 fl-

209 1675 432 1732 duciam
480 1677 741 1748 majorem
791 1682 997 1755 habet,
1035 1683 1191 1739 Hunc
1238 1684 1367 1741 dum
1407 1685 1497 1743 ille
1537 1695 1812 1744 sustentat

185 1768 304 1839 ‘qui
332 1768 385 1823 in
414 1770 516 1826 hoc
538 1773 738 1827 numdo
766 1773 970 1846 aliquid
992 1777 1255 1848 possidet,
1288 1788 1344 1835 et
1370 1779 1602 1837 fortasse
1631 1782 1808 1839 adhuc

1912 596 2035 657 post
2057 588 2323 659 baptisma
2353 590 2522 648 multa
2551 591 2943 658 commisimus,
2975 593 3071 649 sed
3106 591 3276 648 lavari
3302 592 3498 649 iterum

1910 680 2252 752 baptismatis
2275 699 2414 755 aqua
2452 700 2559 740 non
2608 700 2910 756 possumus.
2962 684 3096 753 Quia
3121 700 3251 757 ergo
3277 694 3334 743 et
3380 693 3501 758 post

1910 772 2178 844 baptisma
2196 791 2294 832 nos
2314 776 2734 848 inquinavimus,
2749 777 3085 849 baptizemus
3102 778 3355 853 lacrymis
3376 794 3505 836 con-

1890 866 2217 933 scientiam.
2243 865 2498 925 Fortasse
2530 870 2675 926 enim
2720 869 2775 925 in
2804 869 2909 926 fide
2948 869 3133 942 lapsus
3171 880 3255 928 est
3282 870 3499 943 aliquis,

1913 959 2142 1030 aspiciat
2180 958 2406 1016 Petrum
2459 963 2550 1032 qui
2582 977 2768 1018 amare
2813 962 2964 1018 ﬂevit
3006 963 3152 1034 quod
3190 963 3377 1019 timide
3406 978 3501 1019 ne-

1912 1061 2158 1126 gaverat.
2212 1055 2366 1110 Alius
2419 1063 2608 1111 contra
2657 1055 2967 1125 proximum
3007 1069 3163 1112 suum
3195 1055 3250 1111 in
3294 1055 3501 1111 malitia

1911 1143 2247 1200 crudelitatis
2273 1144 2502 1212 exarsit,
2533 1144 2761 1217 aspiciat
2787 1144 3079 1210 latronem,
3110 1145 3202 1215 qui
3227 1154 3284 1200 et
3311 1144 3363 1199 in
3386 1145 3501 1213 ipso

1890 1239 2104 1313 mortis
2135 1239 2362 1295 articulo
2389 1239 2458 1294 ad
2492 1238 2617 1295 vita
2642 1238 2864 1309 pramia
2896 1238 3206 1308 paenitendo
3236 1236 3499 1306 pervenit.

1909 1329 2061 1386 Alius
2090 1329 2332 1385 avaritiae
2354 1330 2576 1386 aestibus
2599 1328 2861 1385 anhelans
2882 1327 3057 1384 aliena
3085 1327 3328 1398 diripuit,
3359 1325 3504 1396 aspi-

1912 1422 2021 1479 ciat
2052 1420 2359 1486 Zacbaum,
2389 1420 2482 1492 qui
2511 1422 2558 1476 si
2603 1421 2732 1492 quid
2781 1418 2945 1474 alicui
2989 1416 3215 1473 abstulit
3262 1415 3500 1488 quadru-

1910 1514 2059 1586 plum
2089 1513 2345 1570 reddidit.
2368 1512 2521 1569 Alius
2542 1512 2781 1570 libidinis
2810 1513 2932 1584 igne
2980 1525 3276 1569 succensus
3321 1508 3504 1566 carnis

1910 1605 2233 1663 munditiam
2276 1606 2550 1677 perdidit,
2598 1604 2828 1676 aspiciat
2877 1603 3124 1669 Mariam,
3176 1618 3297 1674 qua
3343 1601 3398 1657 in
3446 1616 3505 1658 se

1909 1711 2152 1753 amorem
2205 1697 2386 1752 carnis
2437 1696 2563 1766 igne
2612 1694 2782 1751 divini
2828 1693 3033 1750 amoris
3082 1693 3315 1749 excoxit.
3361 1691 3505 1747 Ecce

1910 1789 2252 1860 omnipotens
2272 1789 2417 1845 Deus
2445 1787 2644 1858 ubique
2666 1785 2839 1844 oculis
2867 1785 3068 1842 nostris
3111 1784 3254 1856 quod
3298 1781 3503 1838 imitari

206 1877 313 1935 pro
335 1860 546 1932 justitia
578 1864 721 1936 loqui
744 1867 917 1924 libere
945 1885 1051 1926 non
1080 1873 1384 1942 praesumit,
1411 1870 1637 1942 justitia
1661 1875 1806 1932 illius
1834 1864 1882 1925 Β
1909 1880 2204 1937 debeamus
2222 1879 2431 1952 objicit,
2457 1879 2658 1950 ubique
2696 1876 2939 1952 exempla
2982 1892 3094 1934 sua
3118 1872 3505 1931 misericordia!

210 1953 519 2011 libertatem
544 1956 646 2013 sibi
667 1959 987 2031 participem
1039 1959 1193 2030 facit,
1241 1973 1297 2019 et
1339 1979 1463 2020 cum
1505 1980 1571 2022 eo
1597 1966 1807 2037 pariter

200 2042 431 2115 justitia
455 2048 677 2119 pramia
705 2051 951 2121 recipiet,
982 2068 1143 2122 quem
1177 2056 1533 2113 sustentando
1572 2058 1801 2139 adjuvit,

210 2147 483 2209 quatenus
496 2141 738 2197 eamdem
747 2141 1019 2214 justitiam
1042 2144 1211 2203 libere
1230 2146 1375 2219 loqui
1404 2150 1688 2221 potuisset.
1713 2150 1806 2208 ille

207 2232 510 2304 prophetia
524 2234 714 2304 spiritu
733 2236 926 2306 plenus
938 2245 1043 2304 est,
1073 2240 1167 2295 sed
1196 2248 1377 2296 tamen
1401 2256 1664 2312 corporeo
1685 2251 1808 2315 eget

182 2333 197 2389 ᾖ
210 2324 552 2392 alimento,et
566 2326 610 2382 si
628 2340 825 2398 corpus
838 2342 946 2384 non
962 2328 1438 2398 reﬁcitur,certum
1449 2341 1534 2389 est
1545 2334 1688 2405 quod
1701 2349 1806 2391 vox

209 2415 587 2472 subtrahatur.
632 2418 733 2485 Qui
762 2419 928 2492 igitur
944 2420 1259 2480 alimentum
1283 2426 1562 2497 pmpheta
1582 2436 1806 2498 propter

206 2504 315 2563 hoc
343 2508 487 2578 quod
516 2510 781 2580 propheta
809 2520 893 2567 est
927 2513 1133 2580 tribuit,
1160 2517 1457 2588 prophetia:
1494 2516 1638 2573 illius
1659 2518 1807 2575 vires

208 2600 277 2655 ad
309 2600 635 2672 loquendum
658 2602 825 2659 dedit.
868 2604 1002 2662 Cum
1035 2608 1297 2679 propheta
1336 2624 1465 2683 ergo
1500 2614 1806 2670 mercedem

186 2695 489 2766 propheta
514 2695 766 2767 accipiet,
790 2698 916 2771 quia
943 2699 1048 2756 etsi
1080 2702 1272 2772 spiritu
1294 2705 1587 2775 prophetia
1613 2706 1806 2776 plenus

207 2800 317 2841 non
346 2785 470 2854 fuit,
494 2787 601 2844 hoc
631 2796 812 2844 tamen
860 2800 987 2848 ante
1028 2790 1215 2848 oculos
1245 2792 1339 2848 Dei
1367 2793 1611 2851 exhibuit
1662 2796 1806 2867 quod

205 2879 435 2952 adjuvit.
470 2878 607 2937 Hinc
663 2891 748 2938 est
777 2883 922 2953 quod
969 2884 1036 2940 de
1081 2884 1403 2955 quibusdam
1453 2888 1806 2960 peregrinan-

180 2972 360 3028 tibus
404 2972 542 3028 Gaio
588 2988 686 3043 per
728 2972 991 3031 Joannem
1032 2974 1269 3033 dicitur:
1297 2977 1407 3034 Pro
1434 2980 1640 3035 nomine
1667 2981 1805 3036 enim

200 3062 407 3119 Christi
442 3066 664 3137 profecti
706 3078 847 3134 sunt,
894 3068 1025 3123 nihil
1068 3069 1381 3142 accipientes
1426 3089 1461 3126 a
1504 3072 1801 3143 gentilibus.

202 3153 327 3211 Nos
359 3174 481 3228 ergo
506 3157 750 3215 debemus
794 3161 1057 3231 suscipere
1110 3162 1391 3234 ejusmodi,
1442 3174 1499 3220 ut
1548 3182 1802 3237 coopera-

1907 1973 2150 2044 opponit.
2180 1972 2317 2028 Mala
2347 1986 2476 2045 ergo
2513 1970 2627 2041 jam
2654 1969 2978 2042 displiceant
3001 1968 3087 2025 vel
3129 1973 3375 2039 experta.
3406 1964 3503 2021 Li-

1906 2065 2099 2121 benter
2123 2063 2463 2122 obliviscitur
2499 2063 2846 2135 omnipotens
2886 2062 3028 2119 Deus
3052 2059 3199 2131 quod
3244 2066 3506 2116 nocentes

1907 2156 2143 2214 fuimus:
2171 2165 2398 2229 paratus
2421 2165 2506 2214 est
2540 2155 2917 2228 paenitentiam
2953 2162 3201 2211 nostram
3249 2152 3405 2208 nobis
3435 2150 3504 2207 ad

1907 2249 2272 2307 innocentiam
2320 2249 2601 2321 deputare.
2636 2247 2907 2319 inquinati
2950 2254 3075 2319 post
3119 2260 3290 2317 aquas
3316 2242 3507 2301 salutis

1885 2356 2258 2418 ~renaseamur
2280 2357 2346 2398 ex
2379 2340 2654 2415 lacrymis.
2698 2340 2745 2396 A
2777 2339 2992 2397 fervore
3035 2338 3236 2394 etenim
3284 2336 3504 2402 mentis,

1906 2435 1991 2493 vel
2015 2436 2158 2493 inter
2179 2435 2457 2509 spiritales
2480 2435 2752 2501 inimicos,
2781 2435 2866 2491 vel
2908 2434 3051 2490 inter
3080 2429 3327 2488 carnales
3363 2442 3504 2498 quo-

1890 2522 2014 2601 que
2048 2527 2350 2600 proximos,
2380 2527 2561 2598 aliquo
2590 2525 2753 2581 modo
2794 2522 3013 2579 vivendi
3053 2537 3155 2578 usu
3200 2516 3499 2576 veteresci-

1905 2633 2046 2682 mus,
2083 2625 2140 2673 et
2162 2625 2454 2688 assumpta
2480 2614 2736 2672 novitatis
2764 2613 3001 2686 speciem
3023 2611 3318 2667 fuscamus.
3345 2605 3502 2662 Unde

1905 2706 2193 2763 Psalmista
2223 2706 2358 2762 dicit
2383 2724 2397 2761 :
2428 2704 2720 2761 Inveteravi
2744 2704 2881 2759 inter
2901 2719 3077 2759 omnes
3097 2699 3337 2757 inimicos
3362 2712 3502 2752 meos

1908 2794 2080 2869 (Psal.
2104 2811 2182 2862 vr,
2202 2794 2280 2869 8).
2317 2793 2538 2868 (Horat.
2560 2794 2653 2851 lib.
2678 2809 2791 2862 nx,
2816 2808 2866 2850 c.
2894 2790 3007 2866 l6.)
3037 2809 3056 2846 t
3096 2789 3144 2847 Δ
3180 2806 3286 2861 qua
3319 2799 3502 2845 tamen

1905 2896 2180 2947 vetustate
2223 2889 2489 2959 quotidie,
2518 2888 2566 2945 si
2595 2887 2776 2945 studia
2831 2882 3336 2957 circumspectiouis
3365 2876 3503 2936 invi-

1892 2976 2092 3054 ‘gilent,
2125 2981 2349 3046 orando,
2401 2979 2653 3053 legendo,
2696 2978 2837 3035 bene
2885 2977 3118 3033 vivendo
3149 2986 3502 3039 renovamur,

1906 3074 2033 3145 quia
2060 3074 2171 3129 vita
2212 3081 2418 3137 nostra,
2448 3088 2572 3128 cum
2601 3071 2857 3145 lacrymis
2900 3069 3133 3136 lavatur,
3183 3063 3341 3121 bonis
3367 3079 3504 3136 ope-

1907 3166 2059 3222 ribus
2088 3175 2391 3232 exercetur,
2426 3165 2631 3221 sanctis
2665 3161 3108 3219 meditationibus
3144 3158 3406 3222 tenditur,
3434 3154 3505 3211 ad

201 3261 350 3305 tores
379 3253 543 3307 simus
587 3255 824 3309 veritatis
865 3229 1049 3327 (Joan.
1074 3229 1158 3320 ut,
1182 3256 1331 3329 7,8).
1377 3257 1481 3328 Qui
1507 3229 1653 3316 enim
1692 3260 1803 3333 spi-
1828 3229 1877 3296 δ
1906 3258 2202 3314 novitatem
2235 3273 2388 3315 suam
2416 3257 2535 3313 sine
2570 3256 2877 3314 cessatione
2918 3260 3222 3325 reparatur.
3255 3270 3274 3304 ι
3319 3248 3507 3306 Nescit

200 3343 429 3398 ritualia
457 3344 599 3401 bona
628 3345 958 3404 habentibus
982 3350 1300 3421 temporalia
1321 3351 1559 3408 subsidia
1589 3353 1799 3422 tribuit,

200 3437 260 3493 in
292 3437 428 3508 ipsis
451 3437 610 3495 bonis
663 3439 1037 3509 spiritualibus
1080 3453 1400 3515 cooperator
1425 3436 1631 3502 existit.
1661 3446 1799 3503 Nam

200 3547 331 3586 cum
363 3531 516 3601 pauci
560 3532 670 3587 sint
713 3533 804 3604 qui
833 3534 1138 3606 spiritualia
1179 3537 1319 3594 dona
1370 3539 1694 3610 percipiunt,
1744 3548 1802 3597 et

201 3622 363 3677 multi
395 3623 486 3694 qui
518 3624 682 3682 rebus
724 3628 1101 3700 corporalibus
1147 3629 1445 3698 abundant,
1491 3648 1587 3704 per
1611 3633 1716 3690 hoc
1740 3650 1801 3691 se

200 3712 405 3770 divites
436 3714 726 3775 virtutibus
754 3734 1052 3791 pauperum
1107 3721 1374 3789 inserunt,
1425 3725 1569 3795 quod
1596 3725 1800 3781 eisdem

200 3808 414 3864 sanctis
431 3809 759 3880 pauperibus
795 3811 862 3868 de
891 3811 1008 3867 suis
1041 3812 1246 3869 divitiis
1276 3812 1619 3870 solatiantur.
1646 3814 1802 3872 Unde

199 3901 467 3972 scriptum
506 3911 623 3959 est:
677 3904 781 3971 Qui
825 3905 979 3960 habet
1028 3906 1163 3961 duas
1208 3907 1412 3962 tunicas
1460 3908 1547 3962 det
1573 3925 1677 3964 non
1702 3909 1801 3964 Ita-

202 3993 369 4057 benti,
390 4006 436 4049 et
459 3996 549 4067 qui
575 3996 727 4051 habet
755 3997 1171 4066 escassimiliter
1203 3997 1367 4070 faciat
1399 3999 1552 4072 (Luc.
1576 4000 1797 4073 1",“).

198 4084 313 4143 Per
339 4087 439 4143 hoc
459 4089 604 4159 quod
641 4090 822 4147 tunica
853 4090 975 4161 plus
996 4099 1079 4148 est
1120 4093 1428 4149 necessaria
1464 4094 1584 4150 usui
1607 4104 1799 4152 nostro

201 4195 369 4252 quam
410 4181 656 4253 pallium,
704 4185 772 4240 ad
816 4183 1056 4241 fructum
1084 4186 1421 4257 panitentia
1444 4188 1709 4260 pertinet,
1738 4198 1799 4246 ut

178 4260 316 4331 ‘non
358 4275 532 4332 solum
571 4277 845 4334 exteriora
887 4294 1115 4349 quaque
1151 4289 1204 4335 et
1243 4279 1425 4335 minus
1463 4281 1797 4350 necessaria,

202 4367 303 4422 sed
334 4367 448 4435 ipsa
477 4365 631 4422 valde
670 4367 825 4423 nobis
864 4369 1172 4425 necessaria
1221 4368 1465 4426 dividere
1505 4388 1629 4427 cum
1671 4387 1799 4443 pro-

199 4461 368 4518 ximis
398 4462 708 4528 debeamus,
739 4463 945 4520 scilicet
965 4464 1048 4519 vel
1071 4480 1251 4522 escam
1274 4481 1379 4537 qua
1409 4466 1700 4524 carnaliter
1720 4468 1800 4524 vi-

200 4554 408 4616 vimus,
425 4557 509 4608 vel
552 4554 788 4619 tunicam
816 4571 921 4626 qua
948 4557 1227 4613 vestimur.
1256 4556 1394 4626 Quia
1418 4560 1564 4616 enim
1596 4560 1651 4616 in
1677 4559 1797 4633 lege

176 4645 470 4725 ’scriptum
495 4654 615 4703 est:
659 4647 856 4721 Diliges
898 4651 1199 4721 proximum
1224 4661 1374 4706 tuum
1413 4654 1547 4707 sicut
1576 4653 1801 4724 teipsum

184 4734 424 4813 (Matth.
453 4752 565 4802 χιχ,
594 4737 706 4810 l9),
758 4739 939 4795 minus
995 4756 1182 4795 amare
1224 4741 1535 4811 proximum
1579 4743 1804 4800 convin-

178 4827 371 4897 _citur,
401 4844 494 4899 qut
521 4845 624 4885 non
654 4845 776 4885 cum
801 4845 868 4885 eo
910 4830 963 4886 in
1006 4832 1339 4888 necessitate
1371 4832 1513 4890 illius
1536 4834 1702 4889 etiam
1735 4849 1800 4890 ea

196 4936 329 4995 qua:
356 4918 460 4974 sibi
504 4929 629 4977 sunt
657 4921 966 4978 necessaria
1012 4922 1265 4994 partitur.
1310 4922 1517 4979 idcirco
1556 4923 1624 4978 de
1666 4923 1805 4978 divi-

170 5081 185 5099 ⁸
198 5014 400 5095 gerulis
420 5030 547 5083 cum
563 5017 813 5087 proximo
831 5016 1037 5073 duabus
1056 5017 1251 5072 tunicis
1270 5015 1430 5071 datur
1449 5025 1801 5087 praceptum,

170 5106 332 5185 .thgip
378 5108 482 5177 hoc
511 5110 577 5175 de
616 5126 731 5183 una
763 5110 871 5166 dici
915 5126 1022 5167 non
1066 5109 1279 5181 potuit:
1329 5110 1582 5180 quoniam
1612 5109 1657 5165 si
1698 5125 1802 5165 una

168 5205 695 5278 -gliyiditur,.nemo
728 5206 980 5275 vetamur.
1004 5202 1069 5265 in
1112 5203 1336 5271 dimidia
1377 5203 1576 5275 quippe
1612 5204 1798 5259 tunica

168 5295 472 5371 3attnudus
493 5304 740 5371 remanet
764 5295 1107 5369 quiaccepit,
1133 5284 1386 5369 et'nudus
1406 5293 1497 5363 qui
1521 5293 1701 5373 dedit.
1746 5360 1749 5367 ι

172 5418 225 5467 ,α
281 5388 569 5465 Ουᾷεβιῄῃι,
598 5398 808 5471 vestem
850 5387 1195 5467 hinecentite,
1238 5402 1405 5459 quam
1448 5385 1499 5440 in
1530 5384 1800 5463 baptismo

168 5482 546 5559 «amilnllﬁ.
573 5484 851 5554 peccando
878 5482 1232 5559 perdidimus,
1256 5495 1478 5535 necesse
1503 5488 1667 5549 estut
1706 5494 1804 5547 per

174 5575 605 5651 salsasicut-dia
622 5590 813 5653 altera,
840 5585 905 5651 et.
920 5589 1019 5655 per
1040 5571 1382 5655 sacriﬁcium
1416 5570 1639 5642 spiritus
1666 5586 1800 5625 con-

172 5665 481 5739 sgilmlatj,
506 5650 790 5743 1la‘et‘ymis‘.
833 5650 937 5737 loti
972 5650 1197 5743 ‘rein‘dui
1240 5650 1581 5747 laboremus.
1619 5660 1807 5716 Sacriw

168 5756 416 5829 “licium,
442 5757 786 5841 impunitae
821 5757 1153 5835 iesttspiritus
1186 5751 1569 5835 coultribulalus
1622 5752 1799 5841 (Psat.

172 5840 885 5927 —h;i9}~..9§0§au¥¢nilﬂ
932 5861 1149 5931 nostra
1182 5846 1456 5920 ρτιειενίια
1507 5842 1564 5900 in
1622 5840 1802 5921 δέψιί·

1905 3349 2106 3420 quippe
2134 3363 2289 3405 mens
2311 3363 2410 3421 per
2437 3363 2638 3418 corpus
2664 3356 3028 3410 veterescere,
3053 3359 3173 3415 qua
3203 3343 3380 3399 studet
3408 3355 3508 3413 per

1903 3439 2227 3496 desiderium
2259 3453 2474 3511 semper
2497 3438 2771 3495 inchoare.
2801 3436 2941 3493 Hinc
2965 3451 3201 3507 namque
3238 3449 3335 3506 per
3354 3432 3503 3488 Pau-

1902 3530 2015 3587 lum
2039 3531 2267 3587 dicitur:
2291 3529 2631 3586 Renovamini
2653 3529 2842 3600 spiritu
2872 3528 3059 3584 mentis
3078 3535 3260 3583 vestra
3283 3523 3501 3596 (Ephes.

1885 3618 2116 3695 'tv,25).
2146 3623 2217 3681 Et
2242 3624 2409 3680 item:
2441 3623 2511 3679 Et
2539 3624 2769 3679 exterior
2810 3631 2987 3678 noster
3024 3620 3180 3676 homo
3205 3615 3500 3688 corrumpi-

1882 3722 2012 3797 itur,
2041 3717 2133 3772 sed
2162 3718 2385 3772 interior
2426 3726 2706 3773 renovatur
2724 3716 2790 3770 de
2813 3716 2899 3771 die
2922 3714 2976 3771 in
3004 3714 3144 3769 diem
3173 3710 3257 3784 (II
3282 3708 3407 3766 Cor.
3426 3723 3502 3776 tv,

1905 3808 2015 3880 16).
2046 3807 2183 3865 Hinc
2210 3807 2519 3874 Psalmista,
2553 3808 2646 3878 qui
2673 3807 2741 3862 ad
2770 3798 3120 3877 perfectionis
3144 3803 3258 3874 jam
3286 3801 3502 3859 culmen

1888 3902 2248 3972 pervenerat,
2302 3898 2459 3969 quasi
2502 3898 2770 3954 iuchoans
2810 3897 3063 3953 dicebat:
3110 3895 3242 3950 Dixi
3276 3908 3295 3947 :
3345 3892 3504 3948 Nunc

1884 3993 2029 4069 capi
2053 3990 2226 4064 (Psal.
2247 4005 2434 4056 unt,
2459 3989 2568 4061 ll).
2592 3989 2730 4057 Quia
2754 3988 3013 4044 videlicet
3034 3987 3079 4041 si
3108 3985 3409 4042 lassescere
3432 3984 3501 4042 ab

1903 4084 2174 4140 inchoatis
2195 4083 2352 4139 bonis
2380 4082 2655 4147 nolumus,
2680 4094 2901 4137 necesse
2925 4089 3011 4135 est
3027 4087 3088 4134 ut
3116 4077 3375 4133 inchoare
3405 4091 3506 4133 nos

1902 4176 2144 4248 quotidie
2179 4175 2483 4233 credamus.
2514 4171 2807 4244 (Pastoral.
2831 4179 2976 4243 part.
3003 4186 3086 4234 tu.
3108 4184 3157 4226 c.
3181 4168 3273 4239 3|)
3297 4183 3312 4222 :
3336 4186 3355 4220 ι
3394 4167 3503 4224 Sed

1884 4270 2030 4328 sunt
2048 4270 2139 4341 qui
2168 4269 2402 4325 admissa
2431 4268 2712 4341 plangunt,
2743 4281 2845 4323 nec
2870 4276 3051 4322 tamen
3082 4264 3360 4319 deserunt.
3393 4258 3506 4319 Ad.

1901 4360 2157 4419 monendi
2186 4368 2314 4417 sunt
2333 4360 2479 4415 enim
2507 4360 2599 4430 qui
2625 4359 2863 4414 admissa
2892 4356 3155 4428 plangunt
3194 4369 3295 4411 nec
3323 4362 3504 4410 tamen

1902 4456 2177 4520 deserunt,
2205 4463 2265 4509 ut
2288 4452 2643 4509 considerare
2671 4450 2901 4508 sollicite
2924 4449 3120 4514 sciant,
3149 4447 3276 4519 quia
3324 4444 3506 4501 ﬂendo

1902 4547 2137 4603 inaniter
2160 4561 2217 4601 se
2247 4545 2531 4610 inundant,
2564 4544 2655 4613 qui
2688 4542 2919 4598 vivendo
2948 4557 3008 4598 se
3035 4540 3285 4611 nequiter
3325 4534 3503 4609 inqui-

1905 4649 2056 4705 nant,
2098 4653 2221 4694 cum
2247 4637 2451 4693 idcirco
2479 4651 2540 4691 se
2578 4635 2835 4708 lacrymis
2868 4634 3070 4699 lavant,
3103 4640 3166 4688 ut
3204 4630 3394 4688 mundi
3435 4627 3504 4685 ad

1905 4737 2092 4794 sordes
2123 4735 2366 4790 redeant.
2419 4730 2556 4787 Hinc
2579 4730 2725 4786 enim
2772 4729 3035 4800 scriptum
3064 4735 3184 4783 est:
3237 4722 3400 4780 Canis
3426 4738 3508 4778 re-

1905 4850 2084 4890 versus
2106 4832 2174 4886 ad
2206 4831 2455 4887 vomitum
2483 4844 2662 4894 suum,
2686 4835 2733 4881 et
2772 4843 2863 4881 sus
2891 4823 3001 4879 lota
3030 4824 3088 4877 in
3112 4820 3383 4877 volutabra
3406 4817 3504 4873 luti

1886 4924 1991 5001 ¹(ΙΙ
2020 4922 2168 4978 Petr.
2194 4939 2255 4987 It,
2276 4920 2392 4992 22).
2426 4919 2589 4975 Canis
2616 4919 2814 4989 quippe
2861 4930 2984 4972 cum
3018 4912 3211 4977 vomit,
3254 4906 3504 5001 profecto

1907 5017 2088 5075 cibum
2117 5015 2209 5087 qui
2256 5023 2446 5086 pectus
2470 5013 2811 5085 deprimebat
2851 5006 3104 5079 projicit;
3162 5003 3255 5059 sed
3280 5016 3403 5057 cum
3433 5000 3505 5057 ad

1906 5110 2167 5166 vomitum
2218 5107 2530 5171 revertitur,
2577 5104 2719 5160 unde
2776 5100 3037 5171 levigatus
3089 5094 3265 5151 fuerat
3312 5106 3502 5148 rursus

1906 5207 2165 5259 oneratur
2189 5219 2201 5255 :
2234 5199 2326 5271 qui
2342 5197 2578 5254 admissa
2602 5195 2886 5268 plangunt,
2909 5187 3154 5262 profecto
3179 5184 3500 5258 nequitiam,

1886 5294 1971 5351 ‘de
1994 5309 2099 5365 qua
2124 5292 2267 5348 male
2314 5289 2494 5347 satiati
2538 5287 2770 5349 fuerant,
2797 5292 2854 5340 et
2889 5297 3009 5353 qua
3055 5278 3253 5336 mentis
3307 5274 3501 5365 intima

1904 5363 2263 5457 deprimebat,
2293 5379 2598 5438 conﬁtendo
2620 5374 2935 5449 projiciunt,
2959 5386 3120 5443 quam
3145 5376 3267 5442 post
3294 5363 3506 5423 confes-

1906 5454 2113 5535 sionem
2146 5478 2273 5533 dum
2305 5472 2561 5544 repetunt
2597 5475 2902 5524 resumunl.
2958 5465 3065 5521 Sus
3099 5477 3229 5520 vero
3260 5460 3314 5516 in
3350 5457 3503 5515 volu-

1880 5548 2184 5639 ftahroluti
2215 5584 2336 5624 cum
2370 5548 2581 5619 lavatur
2603 5560 2870 5619 sordidior
2906 5558 3171 5615 redditur.
3199 5554 3268 5610 Et
3287 5551 3376 5623 qui
3404 5548 3502 5606 ad-

1894 5638 2134 5737 imissum
2165 5640 2393 5733 plangit,
2442 5674 2543 5714 nec
2580 5666 2760 5712 tamen
2812 5651 3035 5717 deserit,
3078 5657 3232 5705 tanto
3264 5643 3480 5719 gravior

1892 5759 2079 5831 culpa
2101 5774 2160 5813 se
2189 5753 2423 5823 suijicit,
2468 5759 2671 5823 quanto
2700 5759 2753 5804 et
2783 5749 2952 5819 ipsam
2991 5760 3154 5816 quam
3189 5740 3368 5831 ﬂendo
3396 5739 3500 5794 int-

1870 5912 1881 5931 ,
1906 5830 2127 5925 petrare
2151 5845 2330 5921 potuit
2353 5843 2570 5901 veniam
2620 5838 2940 5908 contemnit,
2962 5845 3017 5894 et
3041 5835 3197 5910 quasi
3227 5836 3283 5892 in
3323 5830 3498 5888 lutosa
