  <div class='ocr_page' id='page_1' title='image "/cluster/home/n/w/nwhite01/storage/ocr_20150623/125/hvd.32044015471667/451.png"; bbox 0 0 4006 6338; ppageno 0'>
   <div class='ocr_carea' id='block_1_1' title="bbox 620 309 720 368">
    <p class='ocr_par' dir='ltr' id='par_1_1' title="bbox 620 309 720 368">
     <span class='ocr_line' id='line_1_1' title="bbox 620 309 720 368; baseline -0.04 0"><span class='ocrx_word' id='word_1_1' title='bbox 620 309 720 368; x_wconf 78' lang='grc'><strong>891</strong></span> 
     </span>
    </p>
   </div>
   <div class='ocr_carea' id='block_1_2' title="bbox 1441 308 3791 387">
    <p class='ocr_par' dir='ltr' id='par_1_2' title="bbox 1441 308 3791 387">
     <span class='ocr_line' id='line_1_2' title="bbox 1441 308 3791 387; baseline 0.005 -21"><span class='ocrx_word' id='word_1_2' title='bbox 1441 308 2024 368; x_wconf 73' lang='lat' dir='ltr'><strong>HlNCMARLBHEM.</strong></span> <span class='ocrx_word' id='word_1_3' title='bbox 2066 310 2385 385; x_wconf 59' lang='lat' dir='ltr'><strong>ARCHIEP,</strong></span> <span class='ocrx_word' id='word_1_4' title='bbox 2427 314 2788 374; x_wconf 74' lang='lat' dir='ltr'><strong>OPUSCULA</strong></span> <span class='ocrx_word' id='word_1_5' title='bbox 2830 318 3059 375; x_wconf 79' lang='lat' dir='ltr'><strong>VARIA.</strong></span> <span class='ocrx_word' id='word_1_6' title='bbox 3716 332 3791 387; x_wconf 56' lang='grc' dir='ltr'><strong>Μ</strong></span> 
     </span>
    </p>
   </div>
   <div class='ocr_carea' id='block_1_3' title="bbox 622 421 3788 511">
    <p class='ocr_par' dir='ltr' id='par_1_3' title="bbox 622 421 3788 511">
     <span class='ocr_line' id='line_1_3' title="bbox 622 421 3788 511; baseline 0.005 -32"><span class='ocrx_word' id='word_1_7' title='bbox 622 437 761 495; x_wconf 87' lang='lat' dir='ltr'><strong>aqua</strong></span> <span class='ocrx_word' id='word_1_8' title='bbox 803 423 1154 496; x_wconf 74' lang='lat' dir='ltr'><strong>semetipsum</strong></span> <span class='ocrx_word' id='word_1_9' title='bbox 1184 421 1372 489; x_wconf 84' lang='lat' dir='ltr'><strong>volvit,</strong></span> <span class='ocrx_word' id='word_1_10' title='bbox 1411 425 1670 494; x_wconf 90' lang='lat' dir='ltr'><strong>quoniam</strong></span> <span class='ocrx_word' id='word_1_11' title='bbox 1710 426 1835 480; x_wconf 91' lang='lat' dir='ltr'><strong>dum</strong></span> <span class='ocrx_word' id='word_1_12' title='bbox 1861 424 2075 481; x_wconf 92' lang='lat' dir='ltr'><strong>ﬂetibus</strong></span> <span class='ocrx_word' id='word_1_13' title='bbox 2099 424 2211 481; x_wconf 83' lang='lat' dir='ltr'><strong>suis</strong></span> <span class='ocrx_word' id='word_1_14' title='bbox 2235 424 2288 487; x_wconf 78' lang='grc' dir='ltr'><strong>Α</strong></span> <span class='ocrx_word' id='word_1_15' title='bbox 2315 428 2544 485; x_wconf 88' lang='lat' dir='ltr'><strong>credidit</strong></span> <span class='ocrx_word' id='word_1_16' title='bbox 2574 470 2588 496; x_wconf 90' lang='lat'><strong>,</strong></span> <span class='ocrx_word' id='word_1_17' title='bbox 2636 432 2781 502; x_wconf 91' lang='lat' dir='ltr'><strong>quod</strong></span> <span class='ocrx_word' id='word_1_18' title='bbox 2829 434 3051 502; x_wconf 81' lang='lat' dir='ltr'><strong>peccata</strong></span> <span class='ocrx_word' id='word_1_19' title='bbox 3095 431 3457 504; x_wconf 78' lang='lat' dir='ltr'><strong>principaliter</strong></span> <span class='ocrx_word' id='word_1_20' title='bbox 3491 436 3744 511; x_wconf 69' lang='lat' dir='ltr'><strong>exstinguit.</strong></span> <span class='ocrx_word' id='word_1_21' title='bbox 3775 462 3788 493; x_wconf 74' lang='grc' dir='ltr'><strong>ι</strong></span> 
     </span>
    </p>
   </div>
   <div class='ocr_carea' id='block_1_4' title="bbox 621 513 2214 579">
    <p class='ocr_par' dir='ltr' id='par_1_4' title="bbox 621 513 2214 579">
     <span class='ocr_line' id='line_1_4' title="bbox 621 513 2214 579; baseline 0.001 -10"><span class='ocrx_word' id='word_1_22' title='bbox 621 514 748 570; x_wconf 74' lang='lat' dir='ltr'><strong>vita:</strong></span> <span class='ocrx_word' id='word_1_23' title='bbox 771 513 1095 571; x_wconf 88' lang='lat' dir='ltr'><strong>munditiam</strong></span> <span class='ocrx_word' id='word_1_24' title='bbox 1132 513 1425 579; x_wconf 82' lang='lat' dir='ltr'><strong>subtrahit,</strong></span> <span class='ocrx_word' id='word_1_25' title='bbox 1455 522 1581 571; x_wconf 88' lang='lat' dir='ltr'><strong>ante</strong></span> <span class='ocrx_word' id='word_1_26' title='bbox 1614 515 1708 570; x_wconf 87' lang='lat' dir='ltr'><strong>Dei</strong></span> <span class='ocrx_word' id='word_1_27' title='bbox 1746 515 1933 571; x_wconf 90' lang='lat' dir='ltr'><strong>oculos</strong></span> <span class='ocrx_word' id='word_1_28' title='bbox 1969 516 2214 571; x_wconf 89' lang='lat' dir='ltr'><strong>sordidas</strong></span> 
     </span>
    </p>
   </div>
   <div class='ocr_carea' id='block_1_5' title="bbox 621 604 2214 679">
    <p class='ocr_par' dir='ltr' id='par_1_5' title="bbox 621 604 2214 679">
     <span class='ocr_line' id='line_1_5' title="bbox 621 604 2214 679; baseline 0 -16"><span class='ocrx_word' id='word_1_29' title='bbox 621 607 785 663; x_wconf 89' lang='lat' dir='ltr'><strong>etiam</strong></span> <span class='ocrx_word' id='word_1_30' title='bbox 838 605 984 678; x_wconf 89' lang='lat' dir='ltr'><strong>ipsas</strong></span> <span class='ocrx_word' id='word_1_31' title='bbox 1033 604 1297 677; x_wconf 88' lang='lat' dir='ltr'><strong>lacrymas</strong></span> <span class='ocrx_word' id='word_1_32' title='bbox 1348 605 1496 660; x_wconf 79' lang='lat' dir='ltr'><strong>facit.</strong></span> <span class='ocrx_word' id='word_1_33' title='bbox 1551 605 1686 661; x_wconf 92' lang='lat' dir='ltr'><strong>Hinc</strong></span> <span class='ocrx_word' id='word_1_34' title='bbox 1716 623 1901 664; x_wconf 90' lang='lat' dir='ltr'><strong>rursus</strong></span> <span class='ocrx_word' id='word_1_35' title='bbox 1951 608 2214 679; x_wconf 91' lang='lat' dir='ltr'><strong>scriptum</strong></span> 
     </span>
    </p>
   </div>
   <div class='ocr_carea' id='block_1_6' title="bbox 619 695 2211 772">
    <p class='ocr_par' dir='ltr' id='par_1_6' title="bbox 619 695 2211 772">
     <span class='ocr_line' id='line_1_6' title="bbox 619 695 2211 772; baseline -0.003 -15"><span class='ocrx_word' id='word_1_36' title='bbox 619 706 706 757; x_wconf 89' lang='lat' dir='ltr'><strong>est</strong></span> <span class='ocrx_word' id='word_1_37' title='bbox 730 718 744 754; x_wconf 87' lang='lat'><strong>:</strong></span> <span class='ocrx_word' id='word_1_38' title='bbox 782 696 864 752; x_wconf 84' lang='lat' dir='ltr'><strong>Ne</strong></span> <span class='ocrx_word' id='word_1_39' title='bbox 901 699 1053 753; x_wconf 88' lang='lat' dir='ltr'><strong>iteres</strong></span> <span class='ocrx_word' id='word_1_40' title='bbox 1073 695 1283 751; x_wconf 78' lang='lat' dir='ltr'><strong>verbum</strong></span> <span class='ocrx_word' id='word_1_41' title='bbox 1311 698 1365 752; x_wconf 88' lang='lat' dir='ltr'><strong>in</strong></span> <span class='ocrx_word' id='word_1_42' title='bbox 1387 700 1620 753; x_wconf 87' lang='lat' dir='ltr'><strong>oratione</strong></span> <span class='ocrx_word' id='word_1_43' title='bbox 1640 709 1730 753; x_wconf 85' lang='lat' dir='ltr'><strong>tua</strong></span> <span class='ocrx_word' id='word_1_44' title='bbox 1755 699 1953 772; x_wconf 80' lang='lat' dir='ltr'><strong>(Eccle.</strong></span> <span class='ocrx_word' id='word_1_45' title='bbox 1978 716 2078 765; x_wconf 87' lang='lat' dir='ltr'><strong>vu,</strong></span> <span class='ocrx_word' id='word_1_46' title='bbox 2101 699 2211 771; x_wconf 76' lang='grc'><strong>15).</strong></span> 
     </span>
    </p>
   </div>
   <div class='ocr_carea' id='block_1_7' title="bbox 620 789 2214 863">
    <p class='ocr_par' dir='ltr' id='par_1_7' title="bbox 620 789 2214 863">
     <span class='ocr_line' id='line_1_7' title="bbox 620 789 2214 863; baseline 0.001 -15"><span class='ocrx_word' id='word_1_47' title='bbox 620 790 861 849; x_wconf 72' lang='lat' dir='ltr'><strong>Verbum</strong></span> <span class='ocrx_word' id='word_1_48' title='bbox 889 803 1123 862; x_wconf 86' lang='lat' dir='ltr'><strong>namque</strong></span> <span class='ocrx_word' id='word_1_49' title='bbox 1145 789 1200 846; x_wconf 91' lang='lat' dir='ltr'><strong>in</strong></span> <span class='ocrx_word' id='word_1_50' title='bbox 1235 791 1479 846; x_wconf 90' lang='lat' dir='ltr'><strong>oratione</strong></span> <span class='ocrx_word' id='word_1_51' title='bbox 1510 791 1713 848; x_wconf 83' lang='lat' dir='ltr'><strong>iterare</strong></span> <span class='ocrx_word' id='word_1_52' title='bbox 1747 802 1854 861; x_wconf 87' lang='lat' dir='ltr'><strong>est,</strong></span> <span class='ocrx_word' id='word_1_53' title='bbox 1884 802 2007 863; x_wconf 91' lang='lat' dir='ltr'><strong>post</strong></span> <span class='ocrx_word' id='word_1_54' title='bbox 2030 792 2214 849; x_wconf 90' lang='lat' dir='ltr'><strong>ﬂetum</strong></span> 
     </span>
    </p>
   </div>
   <div class='ocr_carea' id='block_1_8' title="bbox 620 878 2218 955">
    <p class='ocr_par' dir='ltr' id='par_1_8' title="bbox 620 878 2218 955">
     <span class='ocr_line' id='line_1_8' title="bbox 620 878 2218 955; baseline 0.001 -18"><span class='ocrx_word' id='word_1_55' title='bbox 620 882 965 937; x_wconf 86' lang='lat' dir='ltr'><strong>committere</strong></span> <span class='ocrx_word' id='word_1_56' title='bbox 987 878 1132 950; x_wconf 88' lang='lat' dir='ltr'><strong>quod</strong></span> <span class='ocrx_word' id='word_1_57' title='bbox 1159 896 1349 936; x_wconf 89' lang='lat' dir='ltr'><strong>rursus</strong></span> <span class='ocrx_word' id='word_1_58' title='bbox 1376 895 1596 938; x_wconf 88' lang='lat' dir='ltr'><strong>necesse</strong></span> <span class='ocrx_word' id='word_1_59' title='bbox 1634 891 1718 938; x_wconf 90' lang='lat' dir='ltr'><strong>est</strong></span> <span class='ocrx_word' id='word_1_60' title='bbox 1760 882 1908 939; x_wconf 91' lang='lat' dir='ltr'><strong>ﬂere.</strong></span> <span class='ocrx_word' id='word_1_61' title='bbox 1942 883 2079 939; x_wconf 81' lang='lat' dir='ltr'><strong>Hinc</strong></span> <span class='ocrx_word' id='word_1_62' title='bbox 2119 898 2218 955; x_wconf 89' lang='lat' dir='ltr'><strong>per</strong></span> 
     </span>
    </p>
   </div>
   <div class='ocr_carea' id='block_1_9' title="bbox 618 970 2211 1047">
    <p class='ocr_par' dir='ltr' id='par_1_9' title="bbox 618 970 2211 1047">
     <span class='ocr_line' id='line_1_9' title="bbox 618 970 2211 1047; baseline 0.001 -19"><span class='ocrx_word' id='word_1_63' title='bbox 618 973 811 1028; x_wconf 83' lang='lat' dir='ltr'><strong>lsaiam</strong></span> <span class='ocrx_word' id='word_1_64' title='bbox 836 972 1074 1028; x_wconf 81' lang='lat' dir='ltr'><strong>dicitur:</strong></span> <span class='ocrx_word' id='word_1_65' title='bbox 1108 970 1406 1037; x_wconf 80' lang='lat' dir='ltr'><strong>Lavamini,</strong></span> <span class='ocrx_word' id='word_1_66' title='bbox 1449 973 1635 1028; x_wconf 88' lang='lat' dir='ltr'><strong>mundi</strong></span> <span class='ocrx_word' id='word_1_67' title='bbox 1662 976 1822 1029; x_wconf 89' lang='lat' dir='ltr'><strong>es&#39;tote</strong></span> <span class='ocrx_word' id='word_1_68' title='bbox 1873 974 2009 1047; x_wconf 84' lang='lat' dir='ltr'><strong>(Isa.</strong></span> <span class='ocrx_word' id='word_1_69' title='bbox 2036 991 2072 1040; x_wconf 81' lang='grc' dir='ltr'><strong>ι,</strong></span> <span class='ocrx_word' id='word_1_70' title='bbox 2099 975 2211 1047; x_wconf 73' lang='grc'><strong>16).</strong></span> 
     </span>
    </p>
   </div>
   <div class='ocr_carea' id='block_1_10' title="bbox 614 1056 2215 1138">
    <p class='ocr_par' dir='ltr' id='par_1_10' title="bbox 614 1056 2215 1138">
     <span class='ocr_line' id='line_1_10' title="bbox 614 1056 2215 1138; baseline 0.002 -21"><span class='ocrx_word' id='word_1_71' title='bbox 614 1061 748 1117; x_wconf 85' lang='lat' dir='ltr'><strong>Post</strong></span> <span class='ocrx_word' id='word_1_72' title='bbox 784 1061 1062 1118; x_wconf 88' lang='lat' dir='ltr'><strong>lavacrum</strong></span> <span class='ocrx_word' id='word_1_73' title='bbox 1084 1063 1229 1118; x_wconf 90' lang='lat' dir='ltr'><strong>enim</strong></span> <span class='ocrx_word' id='word_1_74' title='bbox 1265 1063 1497 1120; x_wconf 90' lang='lat' dir='ltr'><strong>mundus</strong></span> <span class='ocrx_word' id='word_1_75' title='bbox 1543 1079 1663 1121; x_wconf 89' lang='lat' dir='ltr'><strong>esse</strong></span> <span class='ocrx_word' id='word_1_76' title='bbox 1707 1064 1929 1138; x_wconf 85' lang='lat' dir='ltr'><strong>negligit</strong></span> <span class='ocrx_word' id='word_1_77' title='bbox 1970 1056 2215 1138; x_wconf 82' lang='lat' dir='ltr'><strong>quisquis</strong></span> 
     </span>
    </p>
   </div>
   <div class='ocr_carea' id='block_1_11' title="bbox 616 1153 2218 1229">
    <p class='ocr_par' dir='ltr' id='par_1_11' title="bbox 616 1153 2218 1229">
     <span class='ocr_line' id='line_1_11' title="bbox 616 1153 2218 1229; baseline 0.002 -19"><span class='ocrx_word' id='word_1_78' title='bbox 616 1162 742 1229; x_wconf 90' lang='lat' dir='ltr'><strong>post</strong></span> <span class='ocrx_word' id='word_1_79' title='bbox 785 1154 1057 1228; x_wconf 82' lang='lat' dir='ltr'><strong>lacrymas</strong></span> <span class='ocrx_word' id='word_1_80' title='bbox 1104 1153 1229 1210; x_wconf 64' lang='lat' dir='ltr'><strong>vitae</strong></span> <span class='ocrx_word' id='word_1_81' title='bbox 1273 1155 1639 1213; x_wconf 85' lang='lat' dir='ltr'><strong>innocentiam</strong></span> <span class='ocrx_word' id='word_1_82' title='bbox 1684 1171 1790 1212; x_wconf 91' lang='lat' dir='ltr'><strong>non</strong></span> <span class='ocrx_word' id='word_1_83' title='bbox 1840 1157 2092 1214; x_wconf 82' lang='lat' dir='ltr'><strong>custodit.</strong></span> <span class='ocrx_word' id='word_1_84' title='bbox 2148 1154 2218 1213; x_wconf 85' lang='lat' dir='ltr'><strong>Et</strong></span> 
     </span>
    </p>
   </div>
   <div class='ocr_carea' id='block_1_12' title="bbox 606 1245 2215 1320">
    <p class='ocr_par' dir='ltr' id='par_1_12' title="bbox 606 1245 2215 1320">
     <span class='ocr_line' id='line_1_12' title="bbox 606 1245 2215 1320; baseline 0.001 -17"><span class='ocrx_word' id='word_1_85' title='bbox 606 1245 872 1303; x_wconf 84' lang='lat' dir='ltr'><strong>&#39;lavantur</strong></span> <span class='ocrx_word' id='word_1_86' title='bbox 902 1261 1032 1318; x_wconf 82' lang='lat' dir='ltr'><strong>ergo</strong></span> <span class='ocrx_word' id='word_1_87' title='bbox 1056 1253 1112 1302; x_wconf 90' lang='lat' dir='ltr'><strong>et</strong></span> <span class='ocrx_word' id='word_1_88' title='bbox 1141 1262 1482 1319; x_wconf 82' lang='lat' dir='ltr'><strong>nequaquam</strong></span> <span class='ocrx_word' id='word_1_89' title='bbox 1528 1249 1714 1303; x_wconf 90' lang='lat' dir='ltr'><strong>mundi</strong></span> <span class='ocrx_word' id='word_1_90' title='bbox 1753 1258 1898 1311; x_wconf 90' lang='lat' dir='ltr'><strong>sunt,</strong></span> <span class='ocrx_word' id='word_1_91' title='bbox 1950 1250 2043 1320; x_wconf 90' lang='lat' dir='ltr'><strong>qui</strong></span> <span class='ocrx_word' id='word_1_92' title='bbox 2067 1265 2215 1307; x_wconf 85' lang='lat' dir='ltr'><strong>com-</strong></span> 
     </span>
    </p>
   </div>
   <div class='ocr_carea' id='block_1_13' title="bbox 618 1337 2216 1407">
    <p class='ocr_par' dir='ltr' id='par_1_13' title="bbox 618 1337 2216 1407">
     <span class='ocr_line' id='line_1_13' title="bbox 618 1337 2216 1407; baseline 0.001 -12"><span class='ocrx_word' id='word_1_93' title='bbox 618 1339 784 1395; x_wconf 90' lang='lat' dir='ltr'><strong>missa</strong></span> <span class='ocrx_word' id='word_1_94' title='bbox 807 1337 937 1394; x_wconf 86' lang='lat' dir='ltr'><strong>ﬂere</strong></span> <span class='ocrx_word' id='word_1_95' title='bbox 965 1354 1075 1395; x_wconf 91' lang='lat' dir='ltr'><strong>non</strong></span> <span class='ocrx_word' id='word_1_96' title='bbox 1110 1338 1381 1407; x_wconf 89' lang='lat' dir='ltr'><strong>desinunt,</strong></span> <span class='ocrx_word' id='word_1_97' title='bbox 1434 1340 1528 1395; x_wconf 87' lang='lat' dir='ltr'><strong>sed</strong></span> <span class='ocrx_word' id='word_1_98' title='bbox 1554 1354 1741 1395; x_wconf 90' lang='lat' dir='ltr'><strong>rursus</strong></span> <span class='ocrx_word' id='word_1_99' title='bbox 1766 1339 1939 1396; x_wconf 89' lang='lat' dir='ltr'><strong>ﬂenda</strong></span> <span class='ocrx_word' id='word_1_100' title='bbox 1967 1341 2216 1397; x_wconf 87' lang='lat' dir='ltr'><strong>commit—</strong></span> 
     </span>
    </p>
   </div>
   <div class='ocr_carea' id='block_1_14' title="bbox 619 1424 2214 1505">
    <p class='ocr_par' dir='ltr' id='par_1_14' title="bbox 619 1424 2214 1505">
     <span class='ocr_line' id='line_1_14' title="bbox 619 1424 2214 1505; baseline -0.001 -17"><span class='ocrx_word' id='word_1_101' title='bbox 619 1439 761 1488; x_wconf 91' lang='lat' dir='ltr'><strong>tunt.</strong></span> <span class='ocrx_word' id='word_1_102' title='bbox 790 1431 929 1488; x_wconf 81' lang='lat' dir='ltr'><strong>Hinc</strong></span> <span class='ocrx_word' id='word_1_103' title='bbox 957 1448 1055 1504; x_wconf 88' lang='lat' dir='ltr'><strong>per</strong></span> <span class='ocrx_word' id='word_1_104' title='bbox 1102 1433 1389 1503; x_wconf 87' lang='lat' dir='ltr'><strong>quemdam</strong></span> <span class='ocrx_word' id='word_1_105' title='bbox 1442 1432 1739 1505; x_wconf 90' lang='lat' dir='ltr'><strong>sapientem</strong></span> <span class='ocrx_word' id='word_1_106' title='bbox 1795 1433 1996 1489; x_wconf 88' lang='lat' dir='ltr'><strong>dicitur</strong></span> <span class='ocrx_word' id='word_1_107' title='bbox 2040 1452 2051 1487; x_wconf 93' lang='lat'>:</span> <span class='ocrx_word' id='word_1_108' title='bbox 2109 1424 2214 1499; x_wconf 82' lang='lat' dir='ltr'><strong>Qui</strong></span> 
     </span>
    </p>
   </div>
   <div class='ocr_carea' id='block_1_15' title="bbox 620 1521 2215 1595">
    <p class='ocr_par' dir='ltr' id='par_1_15' title="bbox 620 1521 2215 1595">
     <span class='ocr_line' id='line_1_15' title="bbox 620 1521 2215 1595; baseline 0.001 -19"><span class='ocrx_word' id='word_1_109' title='bbox 620 1521 921 1592; x_wconf 75' lang='lat' dir='ltr'><strong>baptizatur</strong></span> <span class='ocrx_word' id='word_1_110' title='bbox 939 1540 972 1577; x_wconf 91' lang='lat' dir='ltr'><strong>a</strong></span> <span class='ocrx_word' id='word_1_111' title='bbox 1000 1532 1230 1590; x_wconf 84' lang='lat' dir='ltr'><strong>mortuo,</strong></span> <span class='ocrx_word' id='word_1_112' title='bbox 1256 1534 1304 1579; x_wconf 90' lang='lat' dir='ltr'><strong>et</strong></span> <span class='ocrx_word' id='word_1_113' title='bbox 1329 1524 1516 1578; x_wconf 90' lang='lat' dir='ltr'><strong>iterunt</strong></span> <span class='ocrx_word' id='word_1_114' title='bbox 1556 1524 1725 1595; x_wconf 82' lang='lat' dir='ltr'><strong>tangit</strong></span> <span class='ocrx_word' id='word_1_115' title='bbox 1767 1541 1906 1589; x_wconf 90' lang='lat' dir='ltr'><strong>eum,</strong></span> <span class='ocrx_word' id='word_1_116' title='bbox 1933 1526 2061 1595; x_wconf 88' lang='lat' dir='ltr'><strong>quid</strong></span> <span class='ocrx_word' id='word_1_117' title='bbox 2094 1540 2215 1595; x_wconf 84' lang='lat' dir='ltr'><strong>pro-</strong></span> 
     </span>
    </p>
   </div>
   <div class='ocr_carea' id='block_1_16' title="bbox 616 1613 2215 1689">
    <p class='ocr_par' dir='ltr' id='par_1_16' title="bbox 616 1613 2215 1689">
     <span class='ocr_line' id='line_1_16' title="bbox 616 1613 2215 1689; baseline 0.001 -21"><span class='ocrx_word' id='word_1_118' title='bbox 616 1613 729 1685; x_wconf 78' lang='lat' dir='ltr'><strong>ﬁcit</strong></span> <span class='ocrx_word' id='word_1_119' title='bbox 750 1613 945 1670; x_wconf 79' lang='lat' dir='ltr'><strong>lauatio</strong></span> <span class='ocrx_word' id='word_1_120' title='bbox 965 1614 1079 1686; x_wconf 86' lang='lat' dir='ltr'><strong>ejus</strong></span> <span class='ocrx_word' id='word_1_121' title='bbox 1102 1614 1292 1687; x_wconf 86' lang='lat' dir='ltr'><strong>(Eccli.</strong></span> <span class='ocrx_word' id='word_1_122' title='bbox 1316 1629 1502 1681; x_wconf 73' lang='lat' dir='ltr'><strong>xxxiv,</strong></span> <span class='ocrx_word' id='word_1_123' title='bbox 1525 1614 1660 1689; x_wconf 81' lang='lat'><strong>30)?</strong></span> <span class='ocrx_word' id='word_1_124' title='bbox 1688 1616 1999 1686; x_wconf 86' lang='lat' dir='ltr'><strong>Baptizatur</strong></span> <span class='ocrx_word' id='word_1_125' title='bbox 2017 1617 2215 1688; x_wconf 88' lang='lat' dir='ltr'><strong>quippe</strong></span> 
     </span>
    </p>
   </div>
   <div class='ocr_carea' id='block_1_17' title="bbox 618 1696 2216 1778">
    <p class='ocr_par' dir='ltr' id='par_1_17' title="bbox 618 1696 2216 1778">
     <span class='ocr_line' id='line_1_17' title="bbox 618 1696 2216 1778; baseline 0 -17"><span class='ocrx_word' id='word_1_126' title='bbox 618 1720 648 1761; x_wconf 91' lang='lat' dir='ltr'><strong>a</strong></span> <span class='ocrx_word' id='word_1_127' title='bbox 673 1714 910 1775; x_wconf 90' lang='lat' dir='ltr'><strong>mortuo,</strong></span> <span class='ocrx_word' id='word_1_128' title='bbox 942 1707 1033 1778; x_wconf 92' lang='lat' dir='ltr'><strong>qui</strong></span> <span class='ocrx_word' id='word_1_129' title='bbox 1066 1707 1358 1763; x_wconf 86' lang='lat' dir='ltr'><strong>mundatur</strong></span> <span class='ocrx_word' id='word_1_130' title='bbox 1382 1706 1596 1763; x_wconf 89' lang='lat' dir='ltr'><strong>ﬂetibus</strong></span> <span class='ocrx_word' id='word_1_131' title='bbox 1632 1722 1660 1761; x_wconf 91' lang='lat' dir='ltr'><strong>a</strong></span> <span class='ocrx_word' id='word_1_132' title='bbox 1688 1717 1910 1778; x_wconf 86' lang='lat' dir='ltr'><strong>peccato</strong></span> <span class='ocrx_word' id='word_1_133' title='bbox 1937 1727 1951 1763; x_wconf 89' lang='lat'><strong>:</strong></span> <span class='ocrx_word' id='word_1_134' title='bbox 1978 1709 2070 1763; x_wconf 90' lang='lat' dir='ltr'><strong>sed</strong></span> <span class='ocrx_word' id='word_1_135' title='bbox 2092 1696 2216 1778; x_wconf 80' lang='lat' dir='ltr'><strong>post</strong></span> 
     </span>
    </p>
   </div>
   <div class='ocr_carea' id='block_1_18' title="bbox 2316 517 3795 592">
    <p class='ocr_par' dir='ltr' id='par_1_18' title="bbox 2316 517 3795 592">
     <span class='ocr_line' id='line_1_18' title="bbox 2316 517 3795 592; baseline 0.011 -21"><span class='ocrx_word' id='word_1_136' title='bbox 2316 517 2596 586; x_wconf 86' lang='lat' dir='ltr'><strong>Quomodo</strong></span> <span class='ocrx_word' id='word_1_137' title='bbox 2636 521 2782 576; x_wconf 90' lang='lat' dir='ltr'><strong>enim</strong></span> <span class='ocrx_word' id='word_1_138' title='bbox 2818 521 3185 592; x_wconf 86' lang='lat' dir='ltr'><strong>unusquisque</strong></span> <span class='ocrx_word' id='word_1_139' title='bbox 3225 532 3462 579; x_wconf 85' lang='lat' dir='ltr'><strong>nostrum</strong></span> <span class='ocrx_word' id='word_1_140' title='bbox 3504 540 3795 587; x_wconf 81' lang='lat' dir='ltr'><strong>securusesse</strong></span> 
     </span>
    </p>
   </div>
   <div class='ocr_carea' id='block_1_19' title="bbox 2314 611 3796 691">
    <p class='ocr_par' dir='ltr' id='par_1_19' title="bbox 2314 611 3796 691">
     <span class='ocr_line' id='line_1_19' title="bbox 2314 611 3796 691; baseline 0.009 -28"><span class='ocrx_word' id='word_1_141' title='bbox 2314 611 2512 682; x_wconf 91' lang='lat' dir='ltr'><strong>poterit</strong></span> <span class='ocrx_word' id='word_1_142' title='bbox 2537 612 2601 667; x_wconf 89' lang='lat' dir='ltr'><strong>de</strong></span> <span class='ocrx_word' id='word_1_143' title='bbox 2629 614 2809 679; x_wconf 89' lang='lat' dir='ltr'><strong>venia,</strong></span> <span class='ocrx_word' id='word_1_144' title='bbox 2840 615 2933 686; x_wconf 90' lang='lat' dir='ltr'><strong>qui</strong></span> <span class='ocrx_word' id='word_1_145' title='bbox 2960 615 3145 689; x_wconf 83' lang='lat' dir='ltr'><strong>culpas</strong></span> <span class='ocrx_word' id='word_1_146' title='bbox 3179 629 3308 671; x_wconf 88' lang='lat' dir='ltr'><strong>snas</strong></span> <span class='ocrx_word' id='word_1_147' title='bbox 3340 614 3465 671; x_wconf 89' lang='lat' dir='ltr'><strong>ﬂere</strong></span> <span class='ocrx_word' id='word_1_148' title='bbox 3487 616 3688 691; x_wconf 83' lang='lat' dir='ltr'><strong>negligit,</strong></span> <span class='ocrx_word' id='word_1_149' title='bbox 3709 636 3796 677; x_wconf 81' lang='grc' dir='ltr'><strong>ωιι</strong></span> 
     </span>
    </p>
   </div>
   <div class='ocr_carea' id='block_1_20' title="bbox 2314 701 3901 779">
    <p class='ocr_par' dir='ltr' id='par_1_20' title="bbox 2314 701 3901 779">
     <span class='ocr_line' id='line_1_20' title="bbox 2314 701 3901 779; baseline 0.007 -23"><span class='ocrx_word' id='word_1_150' title='bbox 2314 701 2465 772; x_wconf 88' lang='lat' dir='ltr'><strong>prius</strong></span> <span class='ocrx_word' id='word_1_151' title='bbox 2492 701 2816 774; x_wconf 82' lang='lat' dir='ltr'><strong>Redemptor</strong></span> <span class='ocrx_word' id='word_1_152' title='bbox 2844 706 3005 762; x_wconf 89' lang='lat' dir='ltr'><strong>etiam</strong></span> <span class='ocrx_word' id='word_1_153' title='bbox 3035 706 3309 763; x_wconf 88' lang='lat' dir='ltr'><strong>civitatem</strong></span> <span class='ocrx_word' id='word_1_154' title='bbox 3338 710 3659 779; x_wconf 84' lang='lat' dir='ltr'><strong>peccatricem</strong></span> <span class='ocrx_word' id='word_1_155' title='bbox 3681 710 3797 770; x_wconf 64' lang='lat' dir='ltr'><strong>ﬂere</strong></span> <span class='ocrx_word' id='word_1_156' title='bbox 3900 740 3901 767; x_wconf 60' lang='grc' dir='ltr'>ι</span> 
     </span>
    </p>
   </div>
   <div class='ocr_carea' id='block_1_21' title="bbox 2315 796 3901 874">
    <p class='ocr_par' dir='ltr' id='par_1_21' title="bbox 2315 796 3901 874">
     <span class='ocr_line' id='line_1_21' title="bbox 2315 796 3901 874; baseline 0.006 -23"><span class='ocrx_word' id='word_1_157' title='bbox 2315 796 2405 856; x_wconf 88' lang='lat' dir='ltr'><strong>rit,</strong></span> <span class='ocrx_word' id='word_1_158' title='bbox 2437 797 2577 853; x_wconf 84' lang='lat' dir='ltr'><strong>sicut</strong></span> <span class='ocrx_word' id='word_1_159' title='bbox 2603 798 2863 869; x_wconf 89' lang='lat' dir='ltr'><strong>scriptum</strong></span> <span class='ocrx_word' id='word_1_160' title='bbox 2891 807 2974 854; x_wconf 91' lang='lat' dir='ltr'><strong>est</strong></span> <span class='ocrx_word' id='word_1_161' title='bbox 3004 817 3017 853; x_wconf 88' lang='lat'><strong>:</strong></span> <span class='ocrx_word' id='word_1_162' title='bbox 3055 798 3246 855; x_wconf 80' lang='lat' dir='ltr'><strong>Videns</strong></span> <span class='ocrx_word' id='word_1_163' title='bbox 3268 798 3422 855; x_wconf 75' lang='lat' dir='ltr'><strong>Iesus</strong></span> <span class='ocrx_word' id='word_1_164' title='bbox 3446 800 3801 874; x_wconf 61' lang='lat' dir='ltr'><strong>civitatemﬂetit</strong></span> <span class='ocrx_word' id='word_1_165' title='bbox 3900 796 3901 831; x_wconf 72' lang='lat'>‘</span> 
     </span>
    </p>
   </div>
   <div class='ocr_carea' id='block_1_22' title="bbox 2313 884 3901 964">
    <p class='ocr_par' dir='ltr' id='par_1_22' title="bbox 2313 884 3901 964">
     <span class='ocr_line' id='line_1_22' title="bbox 2313 884 3901 964; baseline 0.006 -24"><span class='ocrx_word' id='word_1_166' title='bbox 2313 904 2470 958; x_wconf 82' lang='lat' dir='ltr'><strong>super</strong></span> <span class='ocrx_word' id='word_1_167' title='bbox 2501 887 2646 942; x_wconf 85' lang='lat' dir='ltr'><strong>illaut</strong></span> <span class='ocrx_word' id='word_1_168' title='bbox 2674 888 2891 946; x_wconf 87' lang='lat' dir='ltr'><strong>dicens:</strong></span> <span class='ocrx_word' id='word_1_169' title='bbox 2918 889 3055 956; x_wconf 83' lang='lat' dir='ltr'><strong>Quia</strong></span> <span class='ocrx_word' id='word_1_170' title='bbox 3097 890 3143 945; x_wconf 97' lang='lat' dir='ltr'><strong>si</strong></span> <span class='ocrx_word' id='word_1_171' title='bbox 3181 893 3495 963; x_wconf 81' lang='lat' dir='ltr'><strong>cognovisses</strong></span> <span class='ocrx_word' id='word_1_172' title='bbox 3532 901 3574 946; x_wconf 87' lang='lat' dir='ltr'><strong>et</strong></span> <span class='ocrx_word' id='word_1_173' title='bbox 3609 903 3655 946; x_wconf 77' lang='lat' dir='ltr'><strong>tu</strong></span> <span class='ocrx_word' id='word_1_174' title='bbox 3694 893 3800 964; x_wconf 70' lang='lat' dir='ltr'><strong>(Luc.</strong></span> <span class='ocrx_word' id='word_1_175' title='bbox 3900 884 3901 887; x_wconf 18' lang='grc'><strong>¹</strong></span> 
     </span>
    </p>
   </div>
   <div class='ocr_carea' id='block_1_23' title="bbox 2315 979 3901 1054">
    <p class='ocr_par' dir='ltr' id='par_1_23' title="bbox 2315 979 3901 1054">
     <span class='ocr_line' id='line_1_23' title="bbox 2315 979 3901 1054; baseline 0.006 -21"><span class='ocrx_word' id='word_1_176' title='bbox 2315 995 2430 1047; x_wconf 73' lang='grc' dir='ltr'><strong>ιικ,</strong></span> <span class='ocrx_word' id='word_1_177' title='bbox 2458 979 2586 1051; x_wconf 73' lang='lat'><strong>21)?</strong></span> <span class='ocrx_word' id='word_1_178' title='bbox 2635 980 2747 1037; x_wconf 88' lang='lat' dir='ltr'><strong>lloc</strong></span> <span class='ocrx_word' id='word_1_179' title='bbox 2781 982 2947 1037; x_wconf 89' lang='lat' dir='ltr'><strong>semel</strong></span> <span class='ocrx_word' id='word_1_180' title='bbox 2975 981 3106 1053; x_wconf 88' lang='lat' dir='ltr'><strong>egit,</strong></span> <span class='ocrx_word' id='word_1_181' title='bbox 3145 998 3269 1039; x_wconf 91' lang='lat' dir='ltr'><strong>cum</strong></span> <span class='ocrx_word' id='word_1_182' title='bbox 3300 983 3576 1054; x_wconf 85' lang='lat' dir='ltr'><strong>perituram</strong></span> <span class='ocrx_word' id='word_1_183' title='bbox 3601 984 3802 1042; x_wconf 81' lang='lat' dir='ltr'><strong>civitatem</strong></span> <span class='ocrx_word' id='word_1_184' title='bbox 3900 1000 3901 1007; x_wconf 80' lang='lat'>‘</span> 
     </span>
    </p>
   </div>
   <div class='ocr_carea' id='block_1_24' title="bbox 2314 1072 3805 1147">
    <p class='ocr_par' dir='ltr' id='par_1_24' title="bbox 2314 1072 3805 1147">
     <span class='ocr_line' id='line_1_24' title="bbox 2314 1072 3805 1147; baseline 0.004 -21"><span class='ocrx_word' id='word_1_185' title='bbox 2314 1086 2437 1127; x_wconf 89' lang='lat' dir='ltr'><strong>esse</strong></span> <span class='ocrx_word' id='word_1_186' title='bbox 2471 1072 2739 1128; x_wconf 87' lang='lat' dir='ltr'><strong>nuntiavit</strong></span> <span class='ocrx_word' id='word_1_187' title='bbox 2764 1092 2777 1128; x_wconf 90' lang='lat'><strong>:</strong></span> <span class='ocrx_word' id='word_1_188' title='bbox 2806 1074 2911 1131; x_wconf 88' lang='lat' dir='ltr'><strong>hoc</strong></span> <span class='ocrx_word' id='word_1_189' title='bbox 2940 1075 3183 1144; x_wconf 89' lang='lat' dir='ltr'><strong>quotidie</strong></span> <span class='ocrx_word' id='word_1_190' title='bbox 3225 1073 3542 1143; x_wconf 81' lang='lat' dir='ltr'><strong>Redemptor</strong></span> <span class='ocrx_word' id='word_1_191' title='bbox 3576 1085 3805 1147; x_wconf 82' lang='lat' dir='ltr'><strong>nosterpet</strong></span> 
     </span>
    </p>
   </div>
   <div class='ocr_carea' id='block_1_25' title="bbox 2315 1158 3803 1235">
    <p class='ocr_par' dir='ltr' id='par_1_25' title="bbox 2315 1158 3803 1235">
     <span class='ocr_line' id='line_1_25' title="bbox 2315 1158 3803 1235; baseline 0.003 -19"><span class='ocrx_word' id='word_1_192' title='bbox 2315 1158 2515 1219; x_wconf 90' lang='lat' dir='ltr'><strong>electos</strong></span> <span class='ocrx_word' id='word_1_193' title='bbox 2550 1177 2678 1218; x_wconf 91' lang='lat' dir='ltr'><strong>suos</strong></span> <span class='ocrx_word' id='word_1_194' title='bbox 2707 1179 2871 1235; x_wconf 84' lang='lat' dir='ltr'><strong>agere</strong></span> <span class='ocrx_word' id='word_1_195' title='bbox 2908 1164 3215 1220; x_wconf 88' lang='lat' dir='ltr'><strong>nullatenus</strong></span> <span class='ocrx_word' id='word_1_196' title='bbox 3251 1173 3453 1230; x_wconf 88' lang='lat' dir='ltr'><strong>cessat,</strong></span> <span class='ocrx_word' id='word_1_197' title='bbox 3484 1180 3592 1220; x_wconf 89' lang='lat' dir='ltr'><strong>cum</strong></span> <span class='ocrx_word' id='word_1_198' title='bbox 3615 1165 3803 1235; x_wconf 75' lang='lat' dir='ltr'><strong>quosdam</strong></span> 
     </span>
    </p>
   </div>
   <div class='ocr_carea' id='block_1_26' title="bbox 2316 1254 3805 1327">
    <p class='ocr_par' dir='ltr' id='par_1_26' title="bbox 2316 1254 3805 1327">
     <span class='ocr_line' id='line_1_26' title="bbox 2316 1254 3805 1327; baseline 0.004 -20"><span class='ocrx_word' id='word_1_199' title='bbox 2316 1268 2383 1307; x_wconf 75' lang='lat' dir='ltr'><strong>ex</strong></span> <span class='ocrx_word' id='word_1_200' title='bbox 2413 1254 2550 1308; x_wconf 87' lang='lat' dir='ltr'><strong>bona</strong></span> <span class='ocrx_word' id='word_1_201' title='bbox 2579 1254 2688 1309; x_wconf 87' lang='lat' dir='ltr'><strong>vita</strong></span> <span class='ocrx_word' id='word_1_202' title='bbox 2732 1255 2798 1309; x_wconf 87' lang='lat' dir='ltr'><strong>ad</strong></span> <span class='ocrx_word' id='word_1_203' title='bbox 2850 1271 3030 1312; x_wconf 89' lang='lat' dir='ltr'><strong>mores</strong></span> <span class='ocrx_word' id='word_1_204' title='bbox 3079 1257 3340 1327; x_wconf 89' lang='lat' dir='ltr'><strong>reprobos</strong></span> <span class='ocrx_word' id='word_1_205' title='bbox 3379 1257 3655 1327; x_wconf 84' lang='lat' dir='ltr'><strong>pervenisse</strong></span> <span class='ocrx_word' id='word_1_206' title='bbox 3689 1260 3805 1313; x_wconf 84' lang='lat' dir='ltr'><strong>consi&#39;</strong></span> 
     </span>
    </p>
   </div>
   <div class='ocr_carea' id='block_1_27' title="bbox 2316 1343 3805 1420">
    <p class='ocr_par' dir='ltr' id='par_1_27' title="bbox 2316 1343 3805 1420">
     <span class='ocr_line' id='line_1_27' title="bbox 2316 1343 3805 1420; baseline 0.003 -21"><span class='ocrx_word' id='word_1_207' title='bbox 2316 1347 2489 1400; x_wconf 89' lang='lat' dir='ltr'><strong>derat.</strong></span> <span class='ocrx_word' id='word_1_208' title='bbox 2516 1343 2733 1416; x_wconf 80' lang='lat' dir='ltr'><strong>Plangit</strong></span> <span class='ocrx_word' id='word_1_209' title='bbox 2760 1349 2906 1403; x_wconf 90' lang='lat' dir='ltr'><strong>enim</strong></span> <span class='ocrx_word' id='word_1_210' title='bbox 2928 1363 3021 1403; x_wconf 77' lang='lat' dir='ltr'><strong>cos</strong></span> <span class='ocrx_word' id='word_1_211' title='bbox 3041 1347 3133 1418; x_wconf 89' lang='lat' dir='ltr'><strong>qui</strong></span> <span class='ocrx_word' id='word_1_212' title='bbox 3164 1348 3413 1404; x_wconf 90' lang='lat' dir='ltr'><strong>nesciunt</strong></span> <span class='ocrx_word' id='word_1_213' title='bbox 3438 1363 3529 1402; x_wconf 92' lang='lat' dir='ltr'><strong>cur</strong></span> <span class='ocrx_word' id='word_1_214' title='bbox 3546 1348 3805 1420; x_wconf 83' lang='lat' dir='ltr'><strong>plangantur,</strong></span> 
     </span>
    </p>
   </div>
   <div class='ocr_carea' id='block_1_28' title="bbox 2316 1436 3805 1510">
    <p class='ocr_par' dir='ltr' id='par_1_28' title="bbox 2316 1436 3805 1510">
     <span class='ocr_line' id='line_1_28' title="bbox 2316 1436 3805 1510; baseline 0.004 -19"><span class='ocrx_word' id='word_1_215' title='bbox 2316 1439 2431 1506; x_wconf 89' lang='lat' dir='ltr'><strong>qui,</strong></span> <span class='ocrx_word' id='word_1_216' title='bbox 2459 1436 2613 1508; x_wconf 79' lang='lat' dir='ltr'><strong>juxta</strong></span> <span class='ocrx_word' id='word_1_217' title='bbox 2658 1438 2964 1495; x_wconf 88' lang='lat' dir='ltr'><strong>Salomonis</strong></span> <span class='ocrx_word' id='word_1_218' title='bbox 3000 1440 3190 1507; x_wconf 90' lang='lat' dir='ltr'><strong>verba,</strong></span> <span class='ocrx_word' id='word_1_219' title='bbox 3222 1438 3491 1496; x_wconf 64' lang='lat' dir='ltr'><strong>Laetamur</strong></span> <span class='ocrx_word' id='word_1_220' title='bbox 3516 1457 3619 1494; x_wconf 81' lang='lat' dir='ltr'><strong>cunt</strong></span> <span class='ocrx_word' id='word_1_221' title='bbox 3641 1440 3805 1510; x_wconf 68' lang='lat' dir='ltr'><strong>malefi-</strong></span> 
     </span>
    </p>
   </div>
   <div class='ocr_carea' id='block_1_29' title="bbox 2316 1531 3804 1606">
    <p class='ocr_par' dir='ltr' id='par_1_29' title="bbox 2316 1531 3804 1606">
     <span class='ocr_line' id='line_1_29' title="bbox 2316 1531 3804 1606; baseline 0 -19"><span class='ocrx_word' id='word_1_222' title='bbox 2316 1534 2501 1597; x_wconf 83' lang='lat' dir='ltr'><strong>cerint,</strong></span> <span class='ocrx_word' id='word_1_223' title='bbox 2531 1543 2579 1587; x_wconf 89' lang='lat' dir='ltr'><strong>et</strong></span> <span class='ocrx_word' id='word_1_224' title='bbox 2608 1533 2873 1589; x_wconf 75' lang='lat' dir='ltr'><strong>exsultant</strong></span> <span class='ocrx_word' id='word_1_225' title='bbox 2903 1533 2957 1588; x_wconf 84' lang='lat' dir='ltr'><strong>in</strong></span> <span class='ocrx_word' id='word_1_226' title='bbox 2999 1534 3150 1589; x_wconf 83' lang='lat' dir='ltr'><strong>rebus</strong></span> <span class='ocrx_word' id='word_1_227' title='bbox 3199 1535 3433 1606; x_wconf 74' lang='lat' dir='ltr'><strong>pessimis</strong></span> <span class='ocrx_word' id='word_1_228' title='bbox 3483 1531 3641 1603; x_wconf 70' lang='lat' dir='ltr'><strong>(Prov.</strong></span> <span class='ocrx_word' id='word_1_229' title='bbox 3666 1548 3712 1601; x_wconf 84' lang='lat' dir='ltr'><strong>tl,</strong></span> <span class='ocrx_word' id='word_1_230' title='bbox 3736 1533 3804 1604; x_wconf 81' lang='lat' dir='ltr'><strong>ll).</strong></span> 
     </span>
    </p>
   </div>
   <div class='ocr_carea' id='block_1_30' title="bbox 2318 1624 3805 1698">
    <p class='ocr_par' dir='ltr' id='par_1_30' title="bbox 2318 1624 3805 1698">
     <span class='ocr_line' id='line_1_30' title="bbox 2318 1624 3805 1698; baseline 0.002 -20"><span class='ocrx_word' id='word_1_231' title='bbox 2318 1624 2419 1692; x_wconf 85' lang='lat' dir='ltr'><strong>Qui</strong></span> <span class='ocrx_word' id='word_1_232' title='bbox 2452 1625 2496 1681; x_wconf 89' lang='lat' dir='ltr'><strong>si</strong></span> <span class='ocrx_word' id='word_1_233' title='bbox 2529 1625 2933 1681; x_wconf 86' lang='lat' dir='ltr'><strong>damnationem</strong></span> <span class='ocrx_word' id='word_1_234' title='bbox 2964 1643 3137 1693; x_wconf 90' lang='lat' dir='ltr'><strong>suam,</strong></span> <span class='ocrx_word' id='word_1_235' title='bbox 3162 1643 3284 1698; x_wconf 66' lang='lat' dir='ltr'><strong>quae</strong></span> <span class='ocrx_word' id='word_1_236' title='bbox 3328 1627 3406 1683; x_wconf 88' lang='lat' dir='ltr'><strong>eis</strong></span> <span class='ocrx_word' id='word_1_237' title='bbox 3435 1627 3670 1692; x_wconf 84' lang='lat' dir='ltr'><strong>imminet,</strong></span> <span class='ocrx_word' id='word_1_238' title='bbox 3695 1641 3805 1697; x_wconf 78' lang='lat' dir='ltr'><strong>agno-</strong></span> 
     </span>
    </p>
   </div>
   <div class='ocr_carea' id='block_1_31' title="bbox 2318 1718 3804 1792">
    <p class='ocr_par' dir='ltr' id='par_1_31' title="bbox 2318 1718 3804 1792">
     <span class='ocr_line' id='line_1_31' title="bbox 2318 1718 3804 1792; baseline 0.001 -21"><span class='ocrx_word' id='word_1_239' title='bbox 2318 1719 2546 1784; x_wconf 83' lang='lat' dir='ltr'><strong>vissent,</strong></span> <span class='ocrx_word' id='word_1_240' title='bbox 2578 1720 2896 1791; x_wconf 88' lang='lat' dir='ltr'><strong>semetipsos</strong></span> <span class='ocrx_word' id='word_1_241' title='bbox 2932 1735 3052 1775; x_wconf 91' lang='lat' dir='ltr'><strong>cum</strong></span> <span class='ocrx_word' id='word_1_242' title='bbox 3096 1719 3354 1792; x_wconf 86' lang='lat' dir='ltr'><strong>lacrymis</strong></span> <span class='ocrx_word' id='word_1_243' title='bbox 3390 1720 3673 1777; x_wconf 84' lang='lat' dir='ltr'><strong>delictorum</strong></span> <span class='ocrx_word' id='word_1_244' title='bbox 3699 1718 3804 1789; x_wconf 80' lang='lat' dir='ltr'><strong>plan-</strong></span> 
     </span>
    </p>
   </div>
   <div class='ocr_carea' id='block_1_32' title="bbox 620 1782 3804 1884">
    <p class='ocr_par' dir='ltr' id='par_1_32' title="bbox 620 1782 3804 1884">
     <span class='ocr_line' id='line_1_32' title="bbox 620 1782 3804 1884; baseline 0.006 -31"><span class='ocrx_word' id='word_1_245' title='bbox 620 1797 884 1871; x_wconf 89' lang='lat' dir='ltr'><strong>baptisma</strong></span> <span class='ocrx_word' id='word_1_246' title='bbox 908 1807 1177 1855; x_wconf 88' lang='lat' dir='ltr'><strong>mortuum</strong></span> <span class='ocrx_word' id='word_1_247' title='bbox 1213 1801 1403 1872; x_wconf 81' lang='lat' dir='ltr'><strong>tangit,</strong></span> <span class='ocrx_word' id='word_1_248' title='bbox 1433 1800 1522 1871; x_wconf 92' lang='lat' dir='ltr'><strong>qui</strong></span> <span class='ocrx_word' id='word_1_249' title='bbox 1555 1800 1764 1872; x_wconf 85' lang='lat' dir='ltr'><strong>culpam</strong></span> <span class='ocrx_word' id='word_1_250' title='bbox 1793 1810 1915 1872; x_wconf 90' lang='lat' dir='ltr'><strong>post</strong></span> <span class='ocrx_word' id='word_1_251' title='bbox 1942 1801 2211 1872; x_wconf 86' lang='lat' dir='ltr'><strong>lacrymas</strong></span> <span class='ocrx_word' id='word_1_252' title='bbox 2243 1782 2289 1842; x_wconf 77' lang='grc' dir='ltr'><strong>Β</strong></span> <span class='ocrx_word' id='word_1_253' title='bbox 2316 1782 2540 1883; x_wconf 54' lang='grc' dir='ltr'><strong>εριοοηιξ</strong></span> <span class='ocrx_word' id='word_1_254' title='bbox 2560 1833 2577 1865; x_wconf 70' lang='grc' dir='ltr'><strong><em>ι</em></strong></span> <span class='ocrx_word' id='word_1_255' title='bbox 2605 1782 2789 1884; x_wconf 64' lang='lat' dir='ltr'><strong>(llam:</strong></span> <span class='ocrx_word' id='word_1_256' title='bbox 2822 1813 2931 1884; x_wconf 77' lang='lat' dir='ltr'><strong>tt.)</strong></span> <span class='ocrx_word' id='word_1_257' title='bbox 2963 1832 2980 1864; x_wconf 75' lang='grc' dir='ltr'>ι</span> <span class='ocrx_word' id='word_1_258' title='bbox 3012 1782 3277 1869; x_wconf 75' lang='lat' dir='ltr'><strong>Perversa</strong></span> <span class='ocrx_word' id='word_1_259' title='bbox 3300 1814 3490 1884; x_wconf 83' lang='lat' dir='ltr'><strong>quippe</strong></span> <span class='ocrx_word' id='word_1_260' title='bbox 3510 1813 3677 1877; x_wconf 77' lang='lat' dir='ltr'><strong>anima.</strong></span> <span class='ocrx_word' id='word_1_261' title='bbox 3700 1782 3804 1867; x_wconf 67' lang='lat' dir='ltr'><strong>trbus</strong></span> 
     </span>
    </p>
   </div>
   <div class='ocr_carea' id='block_1_33' title="bbox 617 1888 2215 1965">
    <p class='ocr_par' dir='ltr' id='par_1_33' title="bbox 617 1888 2215 1965">
     <span class='ocr_line' id='line_1_33' title="bbox 617 1888 2215 1965; baseline 0.001 -19"><span class='ocrx_word' id='word_1_262' title='bbox 617 1890 833 1962; x_wconf 87' lang='lat' dir='ltr'><strong>repetit.</strong></span> <span class='ocrx_word' id='word_1_263' title='bbox 864 1888 1155 1961; x_wconf 85' lang='lat' dir='ltr'><strong>(Pastoral.</strong></span> <span class='ocrx_word' id='word_1_264' title='bbox 1181 1907 1231 1963; x_wconf 90' lang='lat' dir='ltr'><strong>p.</strong></span> <span class='ocrx_word' id='word_1_265' title='bbox 1258 1908 1340 1958; x_wconf 85' lang='lat' dir='ltr'><strong>tu,</strong></span> <span class='ocrx_word' id='word_1_266' title='bbox 1370 1907 1418 1950; x_wconf 91' lang='lat' dir='ltr'><strong>c.</strong></span> <span class='ocrx_word' id='word_1_267' title='bbox 1448 1893 1558 1965; x_wconf 76' lang='grc'><strong>15.)</strong></span> <span class='ocrx_word' id='word_1_268' title='bbox 1582 1893 1651 1947; x_wconf 83' lang='lat' dir='ltr'><strong>At</strong></span> <span class='ocrx_word' id='word_1_269' title='bbox 1678 1901 1864 1947; x_wconf 87' lang='lat' dir='ltr'><strong>contra</strong></span> <span class='ocrx_word' id='word_1_270' title='bbox 1894 1892 2215 1948; x_wconf 85' lang='lat' dir='ltr'><strong>admonendi</strong></span> 
     </span>
    </p>
   </div>
   <div class='ocr_carea' id='block_1_34' title="bbox 621 1980 2218 2057">
    <p class='ocr_par' dir='ltr' id='par_1_34' title="bbox 621 1980 2218 2057">
     <span class='ocr_line' id='line_1_34' title="bbox 621 1980 2218 2057; baseline 0.004 -23"><span class='ocrx_word' id='word_1_271' title='bbox 621 1986 747 2035; x_wconf 91' lang='lat' dir='ltr'><strong>sunt</strong></span> <span class='ocrx_word' id='word_1_272' title='bbox 776 1980 868 2051; x_wconf 92' lang='lat' dir='ltr'><strong>qui</strong></span> <span class='ocrx_word' id='word_1_273' title='bbox 908 1980 1147 2038; x_wconf 90' lang='lat' dir='ltr'><strong>admissa</strong></span> <span class='ocrx_word' id='word_1_274' title='bbox 1178 1983 1458 2049; x_wconf 90' lang='lat' dir='ltr'><strong>deserunt,</strong></span> <span class='ocrx_word' id='word_1_275' title='bbox 1487 1999 1586 2039; x_wconf 93' lang='lat' dir='ltr'><strong>nec</strong></span> <span class='ocrx_word' id='word_1_276' title='bbox 1619 1993 1797 2040; x_wconf 89' lang='lat' dir='ltr'><strong>tamen</strong></span> <span class='ocrx_word' id='word_1_277' title='bbox 1837 1985 2117 2057; x_wconf 79' lang='lat' dir='ltr'><strong>plangunt,</strong></span> <span class='ocrx_word' id='word_1_278' title='bbox 2150 2001 2218 2041; x_wconf 89' lang='lat' dir='ltr'><strong>ne</strong></span> 
     </span>
    </p>
   </div>
   <div class='ocr_carea' id='block_1_35' title="bbox 610 2074 2216 2153">
    <p class='ocr_par' dir='ltr' id='par_1_35' title="bbox 610 2074 2216 2153">
     <span class='ocr_line' id='line_1_35' title="bbox 610 2074 2216 2153; baseline 0.002 -22"><span class='ocrx_word' id='word_1_279' title='bbox 610 2074 726 2147; x_wconf 90' lang='lat' dir='ltr'><strong>jam</strong></span> <span class='ocrx_word' id='word_1_280' title='bbox 750 2077 1021 2134; x_wconf 78' lang='lat' dir='ltr'><strong>relaxatus</strong></span> <span class='ocrx_word' id='word_1_281' title='bbox 1048 2078 1316 2134; x_wconf 64' lang='lat' dir='ltr'><strong>aestiment</strong></span> <span class='ocrx_word' id='word_1_282' title='bbox 1344 2079 1549 2152; x_wconf 90' lang='lat' dir='ltr'><strong>culpas,</strong></span> <span class='ocrx_word' id='word_1_283' title='bbox 1576 2096 1711 2149; x_wconf 88' lang='lat' dir='ltr'><strong>quas</strong></span> <span class='ocrx_word' id='word_1_284' title='bbox 1740 2082 1841 2136; x_wconf 88' lang='lat' dir='ltr'><strong>etsi</strong></span> <span class='ocrx_word' id='word_1_285' title='bbox 1877 2082 2084 2153; x_wconf 83' lang='lat' dir='ltr'><strong>agendo</strong></span> <span class='ocrx_word' id='word_1_286' title='bbox 2110 2098 2216 2135; x_wconf 90' lang='lat' dir='ltr'><strong>non</strong></span> 
     </span>
    </p>
   </div>
   <div class='ocr_carea' id='block_1_36' title="bbox 618 2169 2216 2242">
    <p class='ocr_par' dir='ltr' id='par_1_36' title="bbox 618 2169 2216 2242">
     <span class='ocr_line' id='line_1_36' title="bbox 618 2169 2216 2242; baseline 0.003 -18"><span class='ocrx_word' id='word_1_287' title='bbox 618 2169 999 2241; x_wconf 85' lang='lat' dir='ltr'><strong>multiplicant,</strong></span> <span class='ocrx_word' id='word_1_288' title='bbox 1024 2170 1186 2227; x_wconf 91' lang='lat' dir='ltr'><strong>nullis</strong></span> <span class='ocrx_word' id='word_1_289' title='bbox 1214 2179 1390 2227; x_wconf 87' lang='lat' dir='ltr'><strong>tamen</strong></span> <span class='ocrx_word' id='word_1_290' title='bbox 1427 2171 1641 2228; x_wconf 89' lang='lat' dir='ltr'><strong>ﬂetibus</strong></span> <span class='ocrx_word' id='word_1_291' title='bbox 1679 2173 1994 2228; x_wconf 86' lang='lat' dir='ltr'><strong>emundant.</strong></span> <span class='ocrx_word' id='word_1_292' title='bbox 2031 2173 2216 2242; x_wconf 83' lang='lat' dir='ltr'><strong>Neque</strong></span> 
     </span>
    </p>
   </div>
   <div class='ocr_carea' id='block_1_37' title="bbox 619 2262 2213 2338">
    <p class='ocr_par' dir='ltr' id='par_1_37' title="bbox 619 2262 2213 2338">
     <span class='ocr_line' id='line_1_37' title="bbox 619 2262 2213 2338; baseline -0.001 -18"><span class='ocrx_word' id='word_1_293' title='bbox 619 2262 765 2320; x_wconf 91' lang='lat' dir='ltr'><strong>enim</strong></span> <span class='ocrx_word' id='word_1_294' title='bbox 815 2263 1070 2335; x_wconf 88' lang='lat' dir='ltr'><strong>scriptor,</strong></span> <span class='ocrx_word' id='word_1_295' title='bbox 1121 2265 1165 2320; x_wconf 92' lang='lat' dir='ltr'><strong>si</strong></span> <span class='ocrx_word' id='word_1_296' title='bbox 1208 2265 1276 2321; x_wconf 87' lang='lat' dir='ltr'><strong>ab</strong></span> <span class='ocrx_word' id='word_1_297' title='bbox 1323 2265 1635 2336; x_wconf 90' lang='lat' dir='ltr'><strong>scriptione,</strong></span> <span class='ocrx_word' id='word_1_298' title='bbox 1682 2267 1939 2338; x_wconf 91' lang='lat' dir='ltr'><strong>quoniam</strong></span> <span class='ocrx_word' id='word_1_299' title='bbox 1975 2266 2077 2320; x_wconf 88' lang='lat' dir='ltr'><strong>alia</strong></span> <span class='ocrx_word' id='word_1_300' title='bbox 2108 2282 2213 2320; x_wconf 90' lang='lat' dir='ltr'><strong>non</strong></span> 
     </span>
    </p>
   </div>
   <div class='ocr_carea' id='block_1_38' title="bbox 617 2355 2216 2435">
    <p class='ocr_par' dir='ltr' id='par_1_38' title="bbox 617 2355 2216 2435">
     <span class='ocr_line' id='line_1_38' title="bbox 617 2355 2216 2435; baseline 0.003 -24"><span class='ocrx_word' id='word_1_301' title='bbox 617 2355 847 2423; x_wconf 85' lang='lat' dir='ltr'><strong>addidit,</strong></span> <span class='ocrx_word' id='word_1_302' title='bbox 910 2358 1074 2413; x_wconf 91' lang='lat' dir='ltr'><strong>etiam</strong></span> <span class='ocrx_word' id='word_1_303' title='bbox 1133 2357 1220 2413; x_wconf 90' lang='lat' dir='ltr'><strong>illa</strong></span> <span class='ocrx_word' id='word_1_304' title='bbox 1276 2374 1397 2435; x_wconf 64' lang='lat' dir='ltr'><strong>quae</strong></span> <span class='ocrx_word' id='word_1_305' title='bbox 1450 2359 1746 2430; x_wconf 70' lang='lat' dir='ltr'><strong>Scripserat</strong></span> <span class='ocrx_word' id='word_1_306' title='bbox 1790 2360 2007 2425; x_wconf 88' lang='lat' dir='ltr'><strong>delevit,</strong></span> <span class='ocrx_word' id='word_1_307' title='bbox 2040 2374 2216 2431; x_wconf 86' lang='lat' dir='ltr'><strong>neque</strong></span> 
     </span>
    </p>
   </div>
   <div class='ocr_carea' id='block_1_39' title="bbox 617 2449 2212 2522">
    <p class='ocr_par' dir='ltr' id='par_1_39' title="bbox 617 2449 2212 2522">
     <span class='ocr_line' id='line_1_39' title="bbox 617 2449 2212 2522; baseline 0.003 -19"><span class='ocrx_word' id='word_1_308' title='bbox 617 2449 711 2522; x_wconf 87' lang='lat' dir='ltr'><strong>qui</strong></span> <span class='ocrx_word' id='word_1_309' title='bbox 771 2450 1129 2508; x_wconf 88' lang='lat' dir='ltr'><strong>contumelias</strong></span> <span class='ocrx_word' id='word_1_310' title='bbox 1183 2450 1391 2522; x_wconf 85' lang='lat' dir='ltr'><strong>irrogat</strong></span> <span class='ocrx_word' id='word_1_311' title='bbox 1446 2451 1492 2506; x_wconf 90' lang='lat' dir='ltr'><strong>si</strong></span> <span class='ocrx_word' id='word_1_312' title='bbox 1548 2451 1888 2507; x_wconf 88' lang='lat' dir='ltr'><strong>solummodo</strong></span> <span class='ocrx_word' id='word_1_313' title='bbox 1944 2452 2212 2519; x_wconf 89' lang='lat' dir='ltr'><strong>tacuerit,</strong></span> 
     </span>
    </p>
   </div>
   <div class='ocr_carea' id='block_1_40' title="bbox 616 2542 2212 2617">
    <p class='ocr_par' dir='ltr' id='par_1_40' title="bbox 616 2542 2212 2617">
     <span class='ocr_line' id='line_1_40' title="bbox 616 2542 2212 2617; baseline 0.001 -17"><span class='ocrx_word' id='word_1_314' title='bbox 616 2542 925 2613; x_wconf 80' lang='lat' dir='ltr'><strong>satisfecit,</strong></span> <span class='ocrx_word' id='word_1_315' title='bbox 988 2560 1111 2601; x_wconf 89' lang='lat' dir='ltr'><strong>cum</strong></span> <span class='ocrx_word' id='word_1_316' title='bbox 1164 2542 1411 2617; x_wconf 85' lang='lat' dir='ltr'><strong>profecto</strong></span> <span class='ocrx_word' id='word_1_317' title='bbox 1485 2560 1710 2602; x_wconf 90' lang='lat' dir='ltr'><strong>necesse</strong></span> <span class='ocrx_word' id='word_1_318' title='bbox 1787 2556 1870 2601; x_wconf 89' lang='lat' dir='ltr'><strong>est</strong></span> <span class='ocrx_word' id='word_1_319' title='bbox 1931 2556 1991 2601; x_wconf 93' lang='lat' dir='ltr'><strong>ut</strong></span> <span class='ocrx_word' id='word_1_320' title='bbox 2044 2546 2212 2602; x_wconf 88' lang='lat' dir='ltr'><strong>verba</strong></span> 
     </span>
    </p>
   </div>
   <div class='ocr_carea' id='block_1_41' title="bbox 614 2634 2213 2709">
    <p class='ocr_par' dir='ltr' id='par_1_41' title="bbox 614 2634 2213 2709">
     <span class='ocr_line' id='line_1_41' title="bbox 614 2634 2213 2709; baseline 0.003 -18"><span class='ocrx_word' id='word_1_321' title='bbox 614 2636 911 2707; x_wconf 64' lang='lat' dir='ltr'><strong>praemissae</strong></span> <span class='ocrx_word' id='word_1_322' title='bbox 959 2634 1226 2709; x_wconf 66' lang='lat' dir='ltr'><strong>superbire</strong></span> <span class='ocrx_word' id='word_1_323' title='bbox 1290 2637 1472 2693; x_wconf 85' lang='lat' dir='ltr'><strong>verbis</strong></span> <span class='ocrx_word' id='word_1_324' title='bbox 1535 2637 1836 2708; x_wconf 85' lang='lat' dir='ltr'><strong>subjunctae</strong></span> <span class='ocrx_word' id='word_1_325' title='bbox 1885 2639 2213 2695; x_wconf 85' lang='lat' dir='ltr'><strong>humilitatis</strong></span> 
     </span>
    </p>
   </div>
   <div class='ocr_carea' id='block_1_42' title="bbox 616 2725 2211 2801">
    <p class='ocr_par' dir='ltr' id='par_1_42' title="bbox 616 2725 2211 2801">
     <span class='ocr_line' id='line_1_42' title="bbox 616 2725 2211 2801; baseline 0.001 -18"><span class='ocrx_word' id='word_1_326' title='bbox 616 2725 894 2800; x_wconf 75' lang='lat' dir='ltr'><strong>impugnet</strong></span> <span class='ocrx_word' id='word_1_327' title='bbox 924 2745 939 2781; x_wconf 90' lang='lat'><strong>:</strong></span> <span class='ocrx_word' id='word_1_328' title='bbox 972 2744 1074 2784; x_wconf 91' lang='lat' dir='ltr'><strong>nec</strong></span> <span class='ocrx_word' id='word_1_329' title='bbox 1117 2728 1329 2783; x_wconf 88' lang='lat' dir='ltr'><strong>debitor</strong></span> <span class='ocrx_word' id='word_1_330' title='bbox 1363 2729 1642 2784; x_wconf 88' lang='lat' dir='ltr'><strong>absolutus</strong></span> <span class='ocrx_word' id='word_1_331' title='bbox 1682 2738 1788 2796; x_wconf 88' lang='lat' dir='ltr'><strong>est,</strong></span> <span class='ocrx_word' id='word_1_332' title='bbox 1819 2730 2073 2801; x_wconf 89' lang='lat' dir='ltr'><strong>quoniam</strong></span> <span class='ocrx_word' id='word_1_333' title='bbox 2107 2730 2211 2785; x_wconf 88' lang='lat' dir='ltr'><strong>alia</strong></span> 
     </span>
    </p>
   </div>
   <div class='ocr_carea' id='block_1_43' title="bbox 619 2822 2211 2897">
    <p class='ocr_par' dir='ltr' id='par_1_43' title="bbox 619 2822 2211 2897">
     <span class='ocr_line' id='line_1_43' title="bbox 619 2822 2211 2897; baseline 0.002 -19"><span class='ocrx_word' id='word_1_334' title='bbox 619 2838 729 2878; x_wconf 86' lang='lat' dir='ltr'><strong>non</strong></span> <span class='ocrx_word' id='word_1_335' title='bbox 759 2822 1103 2894; x_wconf 86' lang='lat' dir='ltr'><strong>multiplicat,</strong></span> <span class='ocrx_word' id='word_1_336' title='bbox 1138 2823 1237 2880; x_wconf 90' lang='lat' dir='ltr'><strong>nisi</strong></span> <span class='ocrx_word' id='word_1_337' title='bbox 1266 2833 1321 2879; x_wconf 90' lang='lat' dir='ltr'><strong>et</strong></span> <span class='ocrx_word' id='word_1_338' title='bbox 1349 2823 1437 2880; x_wconf 88' lang='lat' dir='ltr'><strong>illa</strong></span> <span class='ocrx_word' id='word_1_339' title='bbox 1466 2825 1877 2897; x_wconf 68' lang='lat' dir='ltr'><strong>qureJigaverat</strong></span> <span class='ocrx_word' id='word_1_340' title='bbox 1904 2825 2095 2881; x_wconf 90' lang='lat' dir='ltr'><strong>solvat.</strong></span> <span class='ocrx_word' id='word_1_341' title='bbox 2131 2824 2211 2881; x_wconf 87' lang='lat' dir='ltr'><strong>lta</strong></span> 
     </span>
    </p>
   </div>
   <div class='ocr_carea' id='block_1_44' title="bbox 616 2915 2209 2989">
    <p class='ocr_par' dir='ltr' id='par_1_44' title="bbox 616 2915 2209 2989">
     <span class='ocr_line' id='line_1_44' title="bbox 616 2915 2209 2989; baseline 0.001 -17"><span class='ocrx_word' id='word_1_342' title='bbox 616 2923 822 2972; x_wconf 88' lang='lat' dir='ltr'><strong>etcum</strong></span> <span class='ocrx_word' id='word_1_343' title='bbox 855 2916 1081 2972; x_wconf 91' lang='lat' dir='ltr'><strong>Domino</strong></span> <span class='ocrx_word' id='word_1_344' title='bbox 1112 2915 1504 2987; x_wconf 89' lang='lat' dir='ltr'><strong>delinquimus,</strong></span> <span class='ocrx_word' id='word_1_345' title='bbox 1550 2932 1892 2989; x_wconf 83' lang='lat' dir='ltr'><strong>nequaquam</strong></span> <span class='ocrx_word' id='word_1_346' title='bbox 1939 2918 2209 2974; x_wconf 84' lang='lat' dir='ltr'><strong>satisfaci-</strong></span> 
     </span>
    </p>
   </div>
   <div class='ocr_carea' id='block_1_45' title="bbox 618 3005 2211 3080">
    <p class='ocr_par' dir='ltr' id='par_1_45' title="bbox 618 3005 2211 3080">
     <span class='ocr_line' id='line_1_45' title="bbox 618 3005 2211 3080; baseline 0.001 -18"><span class='ocrx_word' id='word_1_347' title='bbox 618 3022 741 3063; x_wconf 88' lang='lat' dir='ltr'><strong>mus</strong></span> <span class='ocrx_word' id='word_1_348' title='bbox 782 3005 829 3062; x_wconf 84' lang='lat' dir='ltr'><strong>si</strong></span> <span class='ocrx_word' id='word_1_349' title='bbox 867 3008 936 3062; x_wconf 91' lang='lat' dir='ltr'><strong>ab</strong></span> <span class='ocrx_word' id='word_1_350' title='bbox 967 3007 1250 3078; x_wconf 88' lang='lat' dir='ltr'><strong>iniquitate</strong></span> <span class='ocrx_word' id='word_1_351' title='bbox 1280 3024 1577 3073; x_wconf 79' lang='lat' dir='ltr'><strong>cessamus,</strong></span> <span class='ocrx_word' id='word_1_352' title='bbox 1609 3008 1712 3063; x_wconf 90' lang='lat' dir='ltr'><strong>nisi</strong></span> <span class='ocrx_word' id='word_1_353' title='bbox 1750 3008 2050 3080; x_wconf 85' lang='lat' dir='ltr'><strong>voluptates</strong></span> <span class='ocrx_word' id='word_1_354' title='bbox 2078 3023 2211 3080; x_wconf 89' lang='lat' dir='ltr'><strong>quo-</strong></span> 
     </span>
    </p>
   </div>
   <div class='ocr_carea' id='block_1_46' title="bbox 620 3095 2211 3168">
    <p class='ocr_par' dir='ltr' id='par_1_46' title="bbox 620 3095 2211 3168">
     <span class='ocr_line' id='line_1_46' title="bbox 620 3095 2211 3168; baseline 0.003 -19"><span class='ocrx_word' id='word_1_355' title='bbox 620 3110 726 3167; x_wconf 89' lang='lat' dir='ltr'><strong>que</strong></span> <span class='ocrx_word' id='word_1_356' title='bbox 769 3110 903 3166; x_wconf 89' lang='lat' dir='ltr'><strong>quas</strong></span> <span class='ocrx_word' id='word_1_357' title='bbox 954 3095 1239 3152; x_wconf 84' lang='lat' dir='ltr'><strong>dileximus</strong></span> <span class='ocrx_word' id='word_1_358' title='bbox 1282 3112 1315 3153; x_wconf 91' lang='lat' dir='ltr'><strong>e</strong></span> <span class='ocrx_word' id='word_1_359' title='bbox 1357 3097 1635 3153; x_wconf 88' lang='lat' dir='ltr'><strong>contrario</strong></span> <span class='ocrx_word' id='word_1_360' title='bbox 1672 3099 1932 3168; x_wconf 88' lang='lat' dir='ltr'><strong>appositis</strong></span> <span class='ocrx_word' id='word_1_361' title='bbox 1959 3098 2211 3154; x_wconf 88' lang='lat' dir='ltr'><strong>lamentis</strong></span> 
     </span>
    </p>
   </div>
   <div class='ocr_carea' id='block_1_47' title="bbox 618 3190 2211 3265">
    <p class='ocr_par' dir='ltr' id='par_1_47' title="bbox 618 3190 2211 3265">
     <span class='ocr_line' id='line_1_47' title="bbox 618 3190 2211 3265; baseline -0.002 -16"><span class='ocrx_word' id='word_1_362' title='bbox 618 3190 991 3260; x_wconf 88' lang='lat' dir='ltr'><strong>insequamur,</strong></span> <span class='ocrx_word' id='word_1_363' title='bbox 1023 3198 1079 3246; x_wconf 87' lang='lat' dir='ltr'><strong>et</strong></span> <span class='ocrx_word' id='word_1_364' title='bbox 1122 3190 1212 3265; x_wconf 87' lang='lat' dir='ltr'><strong>qui</strong></span> <span class='ocrx_word' id='word_1_365' title='bbox 1251 3190 1618 3261; x_wconf 89' lang='lat' dir='ltr'><strong>voluptatibus</strong></span> <span class='ocrx_word' id='word_1_366' title='bbox 1666 3191 1918 3248; x_wconf 82' lang='lat' dir='ltr'><strong>delectati</strong></span> <span class='ocrx_word' id='word_1_367' title='bbox 1957 3191 2211 3247; x_wconf 89' lang='lat' dir='ltr'><strong>discessi-</strong></span> 
     </span>
    </p>
   </div>
   <div class='ocr_carea' id='block_1_48' title="bbox 619 3279 2214 3355">
    <p class='ocr_par' dir='ltr' id='par_1_48' title="bbox 619 3279 2214 3355">
     <span class='ocr_line' id='line_1_48' title="bbox 619 3279 2214 3355; baseline 0 -16"><span class='ocrx_word' id='word_1_368' title='bbox 619 3297 761 3349; x_wconf 86' lang='lat' dir='ltr'><strong>mus,</strong></span> <span class='ocrx_word' id='word_1_369' title='bbox 792 3279 1008 3338; x_wconf 88' lang='lat' dir='ltr'><strong>ﬂetibus</strong></span> <span class='ocrx_word' id='word_1_370' title='bbox 1040 3280 1325 3338; x_wconf 89' lang='lat' dir='ltr'><strong>amaricati</strong></span> <span class='ocrx_word' id='word_1_371' title='bbox 1353 3283 1662 3350; x_wconf 85' lang='lat' dir='ltr'><strong>redeamus,</strong></span> <span class='ocrx_word' id='word_1_372' title='bbox 1693 3291 1748 3339; x_wconf 89' lang='lat' dir='ltr'><strong>et</strong></span> <span class='ocrx_word' id='word_1_373' title='bbox 1773 3283 1865 3354; x_wconf 89' lang='lat' dir='ltr'><strong>qui</strong></span> <span class='ocrx_word' id='word_1_374' title='bbox 1895 3301 1992 3355; x_wconf 80' lang='lat' dir='ltr'><strong>per</strong></span> <span class='ocrx_word' id='word_1_375' title='bbox 2029 3283 2214 3340; x_wconf 89' lang='lat' dir='ltr'><strong>illicita</strong></span> 
     </span>
    </p>
   </div>
   <div class='ocr_carea' id='block_1_49' title="bbox 620 3374 2215 3448">
    <p class='ocr_par' dir='ltr' id='par_1_49' title="bbox 620 3374 2215 3448">
     <span class='ocr_line' id='line_1_49' title="bbox 620 3374 2215 3448; baseline -0.001 -15"><span class='ocrx_word' id='word_1_376' title='bbox 620 3374 906 3433; x_wconf 85' lang='lat' dir='ltr'><strong>deﬂuendo</strong></span> <span class='ocrx_word' id='word_1_377' title='bbox 955 3374 1251 3431; x_wconf 88' lang='lat' dir='ltr'><strong>cecidimus</strong></span> <span class='ocrx_word' id='word_1_378' title='bbox 1285 3414 1300 3441; x_wconf 90' lang='lat'><strong>,</strong></span> <span class='ocrx_word' id='word_1_379' title='bbox 1355 3375 1518 3430; x_wconf 89' lang='lat' dir='ltr'><strong>etiam</strong></span> <span class='ocrx_word' id='word_1_380' title='bbox 1566 3391 1596 3430; x_wconf 92' lang='lat' dir='ltr'><strong>a</strong></span> <span class='ocrx_word' id='word_1_381' title='bbox 1647 3375 1809 3432; x_wconf 90' lang='lat' dir='ltr'><strong>licitis</strong></span> <span class='ocrx_word' id='word_1_382' title='bbox 1855 3377 2215 3448; x_wconf 88' lang='lat' dir='ltr'><strong>nosmetipsos</strong></span> 
     </span>
    </p>
   </div>
   <div class='ocr_carea' id='block_1_50' title="bbox 617 3467 2215 3540">
    <p class='ocr_par' dir='ltr' id='par_1_50' title="bbox 617 3467 2215 3540">
     <span class='ocr_line' id='line_1_50' title="bbox 617 3467 2215 3540; baseline 0.001 -17"><span class='ocrx_word' id='word_1_383' title='bbox 617 3468 999 3539; x_wconf 83' lang='lat' dir='ltr'><strong>restringendo</strong></span> <span class='ocrx_word' id='word_1_384' title='bbox 1035 3483 1344 3540; x_wconf 78' lang='lat' dir='ltr'><strong>surgamus,</strong></span> <span class='ocrx_word' id='word_1_385' title='bbox 1374 3477 1431 3523; x_wconf 90' lang='lat' dir='ltr'><strong>et</strong></span> <span class='ocrx_word' id='word_1_386' title='bbox 1473 3482 1589 3532; x_wconf 90' lang='lat' dir='ltr'><strong>cor,</strong></span> <span class='ocrx_word' id='word_1_387' title='bbox 1622 3468 1764 3539; x_wconf 89' lang='lat' dir='ltr'><strong>quod</strong></span> <span class='ocrx_word' id='word_1_388' title='bbox 1796 3469 1980 3523; x_wconf 90' lang='lat' dir='ltr'><strong>insana</strong></span> <span class='ocrx_word' id='word_1_389' title='bbox 2029 3467 2215 3524; x_wconf 65' lang='lat' dir='ltr'><strong>laetitia</strong></span> 
     </span>
    </p>
   </div>
   <div class='ocr_carea' id='block_1_51' title="bbox 619 3550 2217 3628">
    <p class='ocr_par' dir='ltr' id='par_1_51' title="bbox 619 3550 2217 3628">
     <span class='ocr_line' id='line_1_51' title="bbox 619 3550 2217 3628; baseline 0.001 -14"><span class='ocrx_word' id='word_1_390' title='bbox 619 3558 917 3623; x_wconf 80' lang='lat' dir='ltr'><strong>infuderat,</strong></span> <span class='ocrx_word' id='word_1_391' title='bbox 944 3558 1179 3615; x_wconf 87' lang='lat' dir='ltr'><strong>salubris</strong></span> <span class='ocrx_word' id='word_1_392' title='bbox 1210 3558 1428 3614; x_wconf 89' lang='lat' dir='ltr'><strong>tristitia</strong></span> <span class='ocrx_word' id='word_1_393' title='bbox 1471 3568 1683 3621; x_wconf 83' lang='lat' dir='ltr'><strong>exurat,</strong></span> <span class='ocrx_word' id='word_1_394' title='bbox 1714 3567 1769 3614; x_wconf 89' lang='lat' dir='ltr'><strong>et</strong></span> <span class='ocrx_word' id='word_1_395' title='bbox 1798 3561 1941 3628; x_wconf 89' lang='lat' dir='ltr'><strong>quod</strong></span> <span class='ocrx_word' id='word_1_396' title='bbox 1966 3550 2217 3616; x_wconf 85' lang='lat' dir='ltr'><strong>vulnera-</strong></span> 
     </span>
    </p>
   </div>
   <div class='ocr_carea' id='block_1_52' title="bbox 618 3650 2211 3724">
    <p class='ocr_par' dir='ltr' id='par_1_52' title="bbox 618 3650 2211 3724">
     <span class='ocr_line' id='line_1_52' title="bbox 618 3650 2211 3724; baseline 0.001 -17"><span class='ocrx_word' id='word_1_397' title='bbox 618 3660 775 3709; x_wconf 86' lang='lat' dir='ltr'><strong>verat</strong></span> <span class='ocrx_word' id='word_1_398' title='bbox 799 3650 966 3708; x_wconf 87' lang='lat' dir='ltr'><strong>elatio</strong></span> <span class='ocrx_word' id='word_1_399' title='bbox 994 3651 1260 3724; x_wconf 68' lang='lat' dir='ltr'><strong>superbia:</strong></span> <span class='ocrx_word' id='word_1_400' title='bbox 1290 3692 1306 3717; x_wconf 97' lang='lat'><strong>,</strong></span> <span class='ocrx_word' id='word_1_401' title='bbox 1352 3660 1504 3707; x_wconf 91' lang='lat' dir='ltr'><strong>curet</strong></span> <span class='ocrx_word' id='word_1_402' title='bbox 1549 3650 1777 3723; x_wconf 88' lang='lat' dir='ltr'><strong>abjectio</strong></span> <span class='ocrx_word' id='word_1_403' title='bbox 1805 3651 2025 3707; x_wconf 88' lang='lat' dir='ltr'><strong>humilis</strong></span> <span class='ocrx_word' id='word_1_404' title='bbox 2067 3653 2211 3711; x_wconf 69' lang='lat' dir='ltr'><strong>vitaz.</strong></span> 
     </span>
    </p>
   </div>
   <div class='ocr_carea' id='block_1_53' title="bbox 618 3740 2217 3816">
    <p class='ocr_par' dir='ltr' id='par_1_53' title="bbox 618 3740 2217 3816">
     <span class='ocr_line' id='line_1_53' title="bbox 618 3740 2217 3816; baseline -0.002 -13"><span class='ocrx_word' id='word_1_405' title='bbox 618 3741 761 3803; x_wconf 75' lang='lat' dir='ltr'><strong>Hinc</strong></span> <span class='ocrx_word' id='word_1_406' title='bbox 788 3742 934 3801; x_wconf 90' lang='lat' dir='ltr'><strong>enim</strong></span> <span class='ocrx_word' id='word_1_407' title='bbox 964 3743 1225 3814; x_wconf 82' lang='lat' dir='ltr'><strong>scripturn</strong></span> <span class='ocrx_word' id='word_1_408' title='bbox 1256 3752 1340 3800; x_wconf 88' lang='lat' dir='ltr'><strong>est</strong></span> <span class='ocrx_word' id='word_1_409' title='bbox 1379 3761 1391 3798; x_wconf 90' lang='lat'><strong>:</strong></span> <span class='ocrx_word' id='word_1_410' title='bbox 1431 3741 1556 3798; x_wconf 75' lang='lat' dir='ltr'><strong>Dixi</strong></span> <span class='ocrx_word' id='word_1_411' title='bbox 1576 3743 1769 3814; x_wconf 77' lang='lat' dir='ltr'><strong>iniquis</strong></span> <span class='ocrx_word' id='word_1_412' title='bbox 1793 3760 1811 3799; x_wconf 88' lang='lat'><strong><em>:</em></strong></span> <span class='ocrx_word' id='word_1_413' title='bbox 1836 3740 2014 3798; x_wconf 86' lang='lat' dir='ltr'><strong>Nolite</strong></span> <span class='ocrx_word' id='word_1_414' title='bbox 2038 3744 2217 3816; x_wconf 83' lang='lat' dir='ltr'><strong>inique</strong></span> 
     </span>
    </p>
   </div>
   <div class='ocr_carea' id='block_1_54' title="bbox 618 3827 2212 3908">
    <p class='ocr_par' dir='ltr' id='par_1_54' title="bbox 618 3827 2212 3908">
     <span class='ocr_line' id='line_1_54' title="bbox 618 3827 2212 3908; baseline -0.001 -18"><span class='ocrx_word' id='word_1_415' title='bbox 618 3849 806 3908; x_wconf 82' lang='lat' dir='ltr'><strong>agere;</strong></span> <span class='ocrx_word' id='word_1_416' title='bbox 823 3842 874 3890; x_wconf 86' lang='lat' dir='ltr'><strong>et</strong></span> <span class='ocrx_word' id='word_1_417' title='bbox 897 3832 1313 3906; x_wconf 74' lang='lat' dir='ltr'><strong>delinquentibus</strong></span> <span class='ocrx_word' id='word_1_418' title='bbox 1336 3849 1354 3888; x_wconf 90' lang='lat'><strong><em>:</em></strong></span> <span class='ocrx_word' id='word_1_419' title='bbox 1382 3832 1561 3890; x_wconf 83' lang='lat' dir='ltr'><strong>Nolite</strong></span> <span class='ocrx_word' id='word_1_420' title='bbox 1572 3833 1837 3890; x_wconf 74' lang='lat' dir='ltr'><strong>exsultare</strong></span> <span class='ocrx_word' id='word_1_421' title='bbox 1857 3851 2019 3890; x_wconf 86' lang='lat' dir='ltr'><strong>cornu</strong></span> <span class='ocrx_word' id='word_1_422' title='bbox 2036 3827 2212 3908; x_wconf 86' lang='lat' dir='ltr'><strong>(Psal.</strong></span> 
     </span>
    </p>
   </div>
   <div class='ocr_carea' id='block_1_55' title="bbox 616 3922 2216 3998">
    <p class='ocr_par' dir='ltr' id='par_1_55' title="bbox 616 3922 2216 3998">
     <span class='ocr_line' id='line_1_55' title="bbox 616 3922 2216 3998; baseline -0.003 -15"><span class='ocrx_word' id='word_1_423' title='bbox 616 3939 810 3991; x_wconf 73' lang='lat' dir='ltr'><strong>xxxrv,</strong></span> <span class='ocrx_word' id='word_1_424' title='bbox 834 3924 912 3998; x_wconf 85' lang='lat'><strong>5).</strong></span> <span class='ocrx_word' id='word_1_425' title='bbox 967 3922 1147 3981; x_wconf 89' lang='lat' dir='ltr'><strong>Cornu</strong></span> <span class='ocrx_word' id='word_1_426' title='bbox 1177 3924 1375 3997; x_wconf 88' lang='lat' dir='ltr'><strong>quippe</strong></span> <span class='ocrx_word' id='word_1_427' title='bbox 1416 3924 1793 3997; x_wconf 86' lang='lat' dir='ltr'><strong>delinquentes</strong></span> <span class='ocrx_word' id='word_1_428' title='bbox 1822 3925 2091 3990; x_wconf 77' lang='lat' dir='ltr'><strong>exaltant,</strong></span> <span class='ocrx_word' id='word_1_429' title='bbox 2119 3923 2216 3997; x_wconf 89' lang='lat' dir='ltr'><strong>qui</strong></span> 
     </span>
    </p>
   </div>
   <div class='ocr_carea' id='block_1_56' title="bbox 590 4004 2217 4089">
    <p class='ocr_par' dir='ltr' id='par_1_56' title="bbox 590 4004 2217 4089">
     <span class='ocr_line' id='line_1_56' title="bbox 590 4004 2217 4089; baseline 0.001 -15"><span class='ocrx_word' id='word_1_430' title='bbox 590 4004 964 4087; x_wconf 75' lang='lat' dir='ltr'><strong>nequaquam</strong></span> <span class='ocrx_word' id='word_1_431' title='bbox 998 4030 1059 4075; x_wconf 87' lang='lat' dir='ltr'><strong>se</strong></span> <span class='ocrx_word' id='word_1_432' title='bbox 1102 4017 1169 4072; x_wconf 85' lang='lat' dir='ltr'><strong>ad</strong></span> <span class='ocrx_word' id='word_1_433' title='bbox 1212 4015 1586 4087; x_wconf 67' lang='lat' dir='ltr'><strong>paenitentiam</strong></span> <span class='ocrx_word' id='word_1_434' title='bbox 1638 4032 1706 4072; x_wconf 83' lang='lat' dir='ltr'><strong>ex</strong></span> <span class='ocrx_word' id='word_1_435' title='bbox 1753 4017 2061 4089; x_wconf 81' lang='lat' dir='ltr'><strong>cognitione</strong></span> <span class='ocrx_word' id='word_1_436' title='bbox 2104 4033 2217 4075; x_wconf 66' lang='lat' dir='ltr'><strong>sua</strong></span> 
     </span>
    </p>
   </div>
   <div class='ocr_carea' id='block_1_57' title="bbox 618 4106 2220 4177">
    <p class='ocr_par' dir='ltr' id='par_1_57' title="bbox 618 4106 2220 4177">
     <span class='ocr_line' id='line_1_57' title="bbox 618 4106 2220 4177; baseline 0.001 -14"><span class='ocrx_word' id='word_1_437' title='bbox 618 4106 928 4177; x_wconf 85' lang='lat' dir='ltr'><strong>iniquitatis</strong></span> <span class='ocrx_word' id='word_1_438' title='bbox 949 4107 1259 4165; x_wconf 87' lang='lat' dir='ltr'><strong>bumiliant.</strong></span> <span class='ocrx_word' id='word_1_439' title='bbox 1290 4107 1428 4164; x_wconf 83' lang='lat' dir='ltr'><strong>llinc</strong></span> <span class='ocrx_word' id='word_1_440' title='bbox 1456 4124 1645 4165; x_wconf 90' lang='lat' dir='ltr'><strong>rursus</strong></span> <span class='ocrx_word' id='word_1_441' title='bbox 1674 4107 1874 4165; x_wconf 88' lang='lat' dir='ltr'><strong>dicitur</strong></span> <span class='ocrx_word' id='word_1_442' title='bbox 1908 4128 1922 4167; x_wconf 91' lang='lat'><strong>:</strong></span> <span class='ocrx_word' id='word_1_443' title='bbox 1952 4109 2058 4165; x_wconf 88' lang='lat' dir='ltr'><strong>Cor</strong></span> <span class='ocrx_word' id='word_1_444' title='bbox 2089 4127 2220 4165; x_wconf 85' lang='lat' dir='ltr'><strong>con-</strong></span> 
     </span>
    </p>
   </div>
   <div class='ocr_carea' id='block_1_58' title="bbox 617 4194 2213 4283">
    <p class='ocr_par' dir='ltr' id='par_1_58' title="bbox 617 4194 2213 4283">
     <span class='ocr_line' id='line_1_58' title="bbox 617 4194 2213 4283; baseline 0.001 -27"><span class='ocrx_word' id='word_1_445' title='bbox 617 4201 823 4267; x_wconf 82' lang='lat' dir='ltr'><strong>tritum,</strong></span> <span class='ocrx_word' id='word_1_446' title='bbox 846 4210 894 4256; x_wconf 87' lang='lat' dir='ltr'><strong>et</strong></span> <span class='ocrx_word' id='word_1_447' title='bbox 914 4200 1250 4256; x_wconf 78' lang='lat' dir='ltr'><strong>humiliatunt</strong></span> <span class='ocrx_word' id='word_1_448' title='bbox 1276 4199 1418 4256; x_wconf 86' lang='lat' dir='ltr'><strong>Deus</strong></span> <span class='ocrx_word' id='word_1_449' title='bbox 1447 4217 1553 4256; x_wconf 89' lang='lat' dir='ltr'><strong>non</strong></span> <span class='ocrx_word' id='word_1_450' title='bbox 1582 4202 1776 4273; x_wconf 88' lang='lat' dir='ltr'><strong>spernit</strong></span> <span class='ocrx_word' id='word_1_451' title='bbox 1808 4199 1982 4274; x_wconf 87' lang='lat' dir='ltr'><strong>(Psal.</strong></span> <span class='ocrx_word' id='word_1_452' title='bbox 2016 4221 2068 4267; x_wconf 77' lang='grc' dir='ltr'><strong>ι,</strong></span> <span class='ocrx_word' id='word_1_453' title='bbox 2104 4194 2213 4283; x_wconf 83' lang='grc'><strong>19).</strong></span> 
     </span>
    </p>
   </div>
   <div class='ocr_carea' id='block_1_59' title="bbox 600 4290 2210 4368">
    <p class='ocr_par' dir='ltr' id='par_1_59' title="bbox 600 4290 2210 4368">
     <span class='ocr_line' id='line_1_59' title="bbox 600 4290 2210 4368; baseline -0.001 -18"><span class='ocrx_word' id='word_1_454' title='bbox 600 4290 880 4365; x_wconf 76' lang='lat' dir='ltr'><strong>Quisquis</strong></span> <span class='ocrx_word' id='word_1_455' title='bbox 926 4295 1072 4359; x_wconf 81' lang='lat' dir='ltr'><strong>enim</strong></span> <span class='ocrx_word' id='word_1_456' title='bbox 1105 4302 1329 4365; x_wconf 87' lang='lat' dir='ltr'><strong>peccata</strong></span> <span class='ocrx_word' id='word_1_457' title='bbox 1375 4293 1602 4368; x_wconf 79' lang='lat' dir='ltr'><strong>plangit,</strong></span> <span class='ocrx_word' id='word_1_458' title='bbox 1643 4311 1745 4352; x_wconf 90' lang='lat' dir='ltr'><strong>nec</strong></span> <span class='ocrx_word' id='word_1_459' title='bbox 1776 4304 1955 4351; x_wconf 87' lang='lat' dir='ltr'><strong>tamen</strong></span> <span class='ocrx_word' id='word_1_460' title='bbox 1988 4295 2210 4361; x_wconf 88' lang='lat' dir='ltr'><strong>deserit,</strong></span> 
     </span>
    </p>
   </div>
   <div class='ocr_carea' id='block_1_60' title="bbox 620 4383 2217 4459">
    <p class='ocr_par' dir='ltr' id='par_1_60' title="bbox 620 4383 2217 4459">
     <span class='ocr_line' id='line_1_60' title="bbox 620 4383 2217 4459; baseline 0.001 -18"><span class='ocrx_word' id='word_1_461' title='bbox 620 4394 718 4441; x_wconf 82' lang='lat' dir='ltr'><strong>cor</strong></span> <span class='ocrx_word' id='word_1_462' title='bbox 745 4383 964 4455; x_wconf 83' lang='lat' dir='ltr'><strong>quidem</strong></span> <span class='ocrx_word' id='word_1_463' title='bbox 991 4384 1246 4452; x_wconf 86' lang='lat' dir='ltr'><strong>conterit,</strong></span> <span class='ocrx_word' id='word_1_464' title='bbox 1271 4384 1362 4441; x_wconf 88' lang='lat' dir='ltr'><strong>sed</strong></span> <span class='ocrx_word' id='word_1_465' title='bbox 1390 4385 1678 4442; x_wconf 66' lang='lat' dir='ltr'><strong>humilhre</strong></span> <span class='ocrx_word' id='word_1_466' title='bbox 1705 4386 2042 4443; x_wconf 88' lang='lat' dir='ltr'><strong>contemnit:</strong></span> <span class='ocrx_word' id='word_1_467' title='bbox 2068 4387 2217 4459; x_wconf 87' lang='lat' dir='ltr'><strong>quis-</strong></span> 
     </span>
    </p>
   </div>
   <div class='ocr_carea' id='block_1_61' title="bbox 616 4476 2294 4565">
    <p class='ocr_par' dir='ltr' id='par_1_61' title="bbox 616 4476 2294 4565">
     <span class='ocr_line' id='line_1_61' title="bbox 616 4476 2294 4565; baseline -0.001 -32"><span class='ocrx_word' id='word_1_468' title='bbox 616 4476 743 4549; x_wconf 86' lang='lat' dir='ltr'><strong>quis</strong></span> <span class='ocrx_word' id='word_1_469' title='bbox 766 4491 897 4537; x_wconf 83' lang='lat' dir='ltr'><strong>vero</strong></span> <span class='ocrx_word' id='word_1_470' title='bbox 934 4485 1157 4548; x_wconf 87' lang='lat' dir='ltr'><strong>peccata</strong></span> <span class='ocrx_word' id='word_1_471' title='bbox 1199 4492 1297 4534; x_wconf 88' lang='lat' dir='ltr'><strong>sua</strong></span> <span class='ocrx_word' id='word_1_472' title='bbox 1318 4477 1431 4548; x_wconf 86' lang='lat' dir='ltr'><strong>jam</strong></span> <span class='ocrx_word' id='word_1_473' title='bbox 1464 4480 1686 4565; x_wconf 84' lang='lat' dir='ltr'><strong>deserit,</strong></span> <span class='ocrx_word' id='word_1_474' title='bbox 1718 4494 1820 4536; x_wconf 88' lang='lat' dir='ltr'><strong>nec</strong></span> <span class='ocrx_word' id='word_1_475' title='bbox 1848 4488 2028 4535; x_wconf 87' lang='lat' dir='ltr'><strong>tamen</strong></span> <span class='ocrx_word' id='word_1_476' title='bbox 2056 4478 2213 4551; x_wconf 87' lang='lat' dir='ltr'><strong>plan-</strong></span> <span class='ocrx_word' id='word_1_477' title='bbox 2238 4499 2294 4562; x_wconf 65' lang='grc' dir='ltr'><strong>Β</strong></span> 
     </span>
    </p>
   </div>
   <div class='ocr_carea' id='block_1_62' title="bbox 617 4564 2255 4641">
    <p class='ocr_par' dir='ltr' id='par_1_62' title="bbox 617 4564 2255 4641">
     <span class='ocr_line' id='line_1_62' title="bbox 617 4564 2255 4641; baseline 0.001 -19"><span class='ocrx_word' id='word_1_478' title='bbox 617 4566 721 4641; x_wconf 79' lang='lat' dir='ltr'><strong>git,</strong></span> <span class='ocrx_word' id='word_1_479' title='bbox 745 4564 861 4636; x_wconf 88' lang='lat' dir='ltr'><strong>jam</strong></span> <span class='ocrx_word' id='word_1_480' title='bbox 895 4567 1117 4638; x_wconf 89' lang='lat' dir='ltr'><strong>quidem</strong></span> <span class='ocrx_word' id='word_1_481' title='bbox 1165 4567 1438 4638; x_wconf 88' lang='lat' dir='ltr'><strong>humiliat,</strong></span> <span class='ocrx_word' id='word_1_482' title='bbox 1470 4564 1566 4628; x_wconf 87' lang='lat' dir='ltr'><strong>sed</strong></span> <span class='ocrx_word' id='word_1_483' title='bbox 1598 4580 1778 4627; x_wconf 86' lang='lat' dir='ltr'><strong>tamen</strong></span> <span class='ocrx_word' id='word_1_484' title='bbox 1809 4580 2093 4628; x_wconf 90' lang='lat' dir='ltr'><strong>conterere</strong></span> <span class='ocrx_word' id='word_1_485' title='bbox 2119 4587 2215 4627; x_wconf 88' lang='lat' dir='ltr'><strong>cor</strong></span> <span class='ocrx_word' id='word_1_486' title='bbox 2246 4612 2255 4623; x_wconf 81' lang='lat'><strong>.</strong></span> 
     </span>
    </p>
   </div>
   <div class='ocr_carea' id='block_1_63' title="bbox 618 4660 2214 4736">
    <p class='ocr_par' dir='ltr' id='par_1_63' title="bbox 618 4660 2214 4736">
     <span class='ocr_line' id='line_1_63' title="bbox 618 4660 2214 4736; baseline -0.001 -15"><span class='ocrx_word' id='word_1_487' title='bbox 618 4662 856 4721; x_wconf 68' lang='lat' dir='ltr'><strong>rccusat.</strong></span> <span class='ocrx_word' id='word_1_488' title='bbox 889 4660 1026 4719; x_wconf 82' lang='lat' dir='ltr'><strong>Hinc</strong></span> <span class='ocrx_word' id='word_1_489' title='bbox 1049 4661 1248 4721; x_wconf 82' lang='lat' dir='ltr'><strong>Paulus</strong></span> <span class='ocrx_word' id='word_1_490' title='bbox 1274 4664 1351 4719; x_wconf 88' lang='lat' dir='ltr'><strong>ait</strong></span> <span class='ocrx_word' id='word_1_491' title='bbox 1382 4683 1394 4719; x_wconf 89' lang='lat'><strong>:</strong></span> <span class='ocrx_word' id='word_1_492' title='bbox 1426 4664 1495 4719; x_wconf 85' lang='lat' dir='ltr'><strong>Et</strong></span> <span class='ocrx_word' id='word_1_493' title='bbox 1524 4666 1636 4721; x_wconf 70' lang='lat' dir='ltr'><strong>hazc</strong></span> <span class='ocrx_word' id='word_1_494' title='bbox 1663 4664 1873 4734; x_wconf 80' lang='lat' dir='ltr'><strong>quidem</strong></span> <span class='ocrx_word' id='word_1_495' title='bbox 1902 4665 2099 4736; x_wconf 75' lang='lat' dir='ltr'><strong>fuistis,</strong></span> <span class='ocrx_word' id='word_1_496' title='bbox 2123 4666 2214 4720; x_wconf 83' lang='lat' dir='ltr'><strong>sed</strong></span> 
     </span>
    </p>
   </div>
   <div class='ocr_carea' id='block_1_64' title="bbox 616 4752 2215 4830">
    <p class='ocr_par' dir='ltr' id='par_1_64' title="bbox 616 4752 2215 4830">
     <span class='ocr_line' id='line_1_64' title="bbox 616 4752 2215 4830; baseline 0.001 -19"><span class='ocrx_word' id='word_1_497' title='bbox 616 4752 787 4811; x_wconf 79' lang='lat' dir='ltr'><strong>abluti</strong></span> <span class='ocrx_word' id='word_1_498' title='bbox 814 4754 959 4822; x_wconf 82' lang='lat' dir='ltr'><strong>estis,</strong></span> <span class='ocrx_word' id='word_1_499' title='bbox 984 4755 1075 4810; x_wconf 83' lang='lat' dir='ltr'><strong>sed</strong></span> <span class='ocrx_word' id='word_1_500' title='bbox 1103 4755 1417 4826; x_wconf 79' lang='lat' dir='ltr'><strong>sanctiﬁcati</strong></span> <span class='ocrx_word' id='word_1_501' title='bbox 1449 4758 1573 4813; x_wconf 89' lang='lat' dir='ltr'><strong>estis</strong></span> <span class='ocrx_word' id='word_1_502' title='bbox 1603 4755 1654 4830; x_wconf 88' lang='grc' dir='ltr'><strong>(ι</strong></span> <span class='ocrx_word' id='word_1_503' title='bbox 1678 4755 1802 4812; x_wconf 88' lang='lat' dir='ltr'><strong>Cor.</strong></span> <span class='ocrx_word' id='word_1_504' title='bbox 1830 4773 1907 4824; x_wconf 76' lang='lat' dir='ltr'><strong>vr,</strong></span> <span class='ocrx_word' id='word_1_505' title='bbox 1935 4757 2045 4829; x_wconf 79' lang='grc'><strong>11).</strong></span> <span class='ocrx_word' id='word_1_506' title='bbox 2075 4757 2215 4825; x_wconf 86' lang='lat' dir='ltr'><strong>Quia</strong></span> 
     </span>
    </p>
   </div>
   <div class='ocr_carea' id='block_1_65' title="bbox 617 4850 2213 4935">
    <p class='ocr_par' dir='ltr' id='par_1_65' title="bbox 617 4850 2213 4935">
     <span class='ocr_line' id='line_1_65' title="bbox 617 4850 2213 4935; baseline 0.002 -28"><span class='ocrx_word' id='word_1_507' title='bbox 617 4850 875 4907; x_wconf 89' lang='lat' dir='ltr'><strong>nimirum</strong></span> <span class='ocrx_word' id='word_1_508' title='bbox 906 4850 1029 4910; x_wconf 87' lang='lat' dir='ltr'><strong>illos</strong></span> <span class='ocrx_word' id='word_1_509' title='bbox 1056 4852 1395 4909; x_wconf 88' lang='lat' dir='ltr'><strong>emendatior</strong></span> <span class='ocrx_word' id='word_1_510' title='bbox 1438 4855 1547 4909; x_wconf 88' lang='lat' dir='ltr'><strong>vita</strong></span> <span class='ocrx_word' id='word_1_511' title='bbox 1586 4854 1909 4918; x_wconf 81' lang='lat' dir='ltr'><strong>sanctiﬁcat,</strong></span> <span class='ocrx_word' id='word_1_512' title='bbox 1944 4870 2079 4925; x_wconf 91' lang='lat' dir='ltr'><strong>quos</strong></span> <span class='ocrx_word' id='word_1_513' title='bbox 2112 4870 2213 4935; x_wconf 85' lang='lat' dir='ltr'><strong>per</strong></span> 
     </span>
    </p>
   </div>
   <div class='ocr_carea' id='block_1_66' title="bbox 617 4943 2214 5015">
    <p class='ocr_par' dir='ltr' id='par_1_66' title="bbox 617 4943 2214 5015">
     <span class='ocr_line' id='line_1_66' title="bbox 617 4943 2214 5015; baseline 0.005 -18"><span class='ocrx_word' id='word_1_514' title='bbox 617 4943 989 5015; x_wconf 62' lang='lat' dir='ltr'><strong>penitentiam</strong></span> <span class='ocrx_word' id='word_1_515' title='bbox 1021 4944 1247 5005; x_wconf 87' lang='lat' dir='ltr'><strong>abluens</strong></span> <span class='ocrx_word' id='word_1_516' title='bbox 1275 4943 1493 5001; x_wconf 86' lang='lat' dir='ltr'><strong>aﬂlictio</strong></span> <span class='ocrx_word' id='word_1_517' title='bbox 1522 4944 1742 5003; x_wconf 88' lang='lat' dir='ltr'><strong>ﬂetuum</strong></span> <span class='ocrx_word' id='word_1_518' title='bbox 1789 4946 2031 5003; x_wconf 85' lang='lat' dir='ltr'><strong>mundat.</strong></span> <span class='ocrx_word' id='word_1_519' title='bbox 2072 4947 2214 5005; x_wconf 83' lang='lat' dir='ltr'><strong>Hinc</strong></span> 
     </span>
    </p>
   </div>
   <div class='ocr_carea' id='block_1_67' title="bbox 616 5033 2212 5110">
    <p class='ocr_par' dir='ltr' id='par_1_67' title="bbox 616 5033 2212 5110">
     <span class='ocr_line' id='line_1_67' title="bbox 616 5033 2212 5110; baseline 0.002 -18"><span class='ocrx_word' id='word_1_520' title='bbox 616 5033 812 5093; x_wconf 84' lang='lat' dir='ltr'><strong>Petrus</strong></span> <span class='ocrx_word' id='word_1_521' title='bbox 836 5076 854 5106; x_wconf 91' lang='lat'><strong>,</strong></span> <span class='ocrx_word' id='word_1_522' title='bbox 906 5053 1031 5095; x_wconf 89' lang='lat' dir='ltr'><strong>cum</strong></span> <span class='ocrx_word' id='word_1_523' title='bbox 1078 5038 1344 5110; x_wconf 83' lang='lat' dir='ltr'><strong>quosdam</strong></span> <span class='ocrx_word' id='word_1_524' title='bbox 1397 5039 1617 5096; x_wconf 89' lang='lat' dir='ltr'><strong>territos</strong></span> <span class='ocrx_word' id='word_1_525' title='bbox 1672 5040 1935 5097; x_wconf 89' lang='lat' dir='ltr'><strong>malorum</strong></span> <span class='ocrx_word' id='word_1_526' title='bbox 1987 5055 2212 5097; x_wconf 89' lang='lat' dir='ltr'><strong>suorum</strong></span> 
     </span>
    </p>
   </div>
   <div class='ocr_carea' id='block_1_68' title="bbox 617 5129 2214 5203">
    <p class='ocr_par' dir='ltr' id='par_1_68' title="bbox 617 5129 2214 5203">
     <span class='ocr_line' id='line_1_68' title="bbox 617 5129 2214 5203; baseline 0.003 -19"><span class='ocrx_word' id='word_1_527' title='bbox 617 5129 1059 5189; x_wconf 74' lang='lat' dir='ltr'><strong>censideratione</strong></span> <span class='ocrx_word' id='word_1_528' title='bbox 1081 5132 1445 5203; x_wconf 88' lang='lat' dir='ltr'><strong>conspiceret,</strong></span> <span class='ocrx_word' id='word_1_529' title='bbox 1476 5134 1755 5189; x_wconf 88' lang='lat' dir='ltr'><strong>admonuit</strong></span> <span class='ocrx_word' id='word_1_530' title='bbox 1779 5135 1966 5192; x_wconf 88' lang='lat' dir='ltr'><strong>dicens</strong></span> <span class='ocrx_word' id='word_1_531' title='bbox 1996 5154 2008 5189; x_wconf 92' lang='lat'>:</span> <span class='ocrx_word' id='word_1_532' title='bbox 2036 5132 2214 5189; x_wconf 71' lang='lat' dir='ltr'><strong>Paeni-</strong></span> 
     </span>
    </p>
   </div>
   <div class='ocr_carea' id='block_1_69' title="bbox 619 5220 2211 5299">
    <p class='ocr_par' dir='ltr' id='par_1_69' title="bbox 619 5220 2211 5299">
     <span class='ocr_line' id='line_1_69' title="bbox 619 5220 2211 5299; baseline 0.006 -26"><span class='ocrx_word' id='word_1_533' title='bbox 619 5220 837 5275; x_wconf 76' lang='lat' dir='ltr'><strong>tentiam</strong></span> <span class='ocrx_word' id='word_1_534' title='bbox 857 5223 1016 5296; x_wconf 76' lang='lat' dir='ltr'><strong>agite,</strong></span> <span class='ocrx_word' id='word_1_535' title='bbox 1039 5232 1086 5278; x_wconf 86' lang='lat' dir='ltr'><strong>et</strong></span> <span class='ocrx_word' id='word_1_536' title='bbox 1108 5223 1402 5296; x_wconf 73' lang='lat' dir='ltr'><strong>baptisetttr</strong></span> <span class='ocrx_word' id='word_1_537' title='bbox 1432 5226 1787 5297; x_wconf 82' lang='lat' dir='ltr'><strong>unusquisque</strong></span> <span class='ocrx_word' id='word_1_538' title='bbox 1808 5236 2035 5282; x_wconf 83' lang='lat' dir='ltr'><strong>vestrum</strong></span> <span class='ocrx_word' id='word_1_539' title='bbox 2069 5226 2211 5299; x_wconf 82' lang='lat' dir='ltr'><strong>(Act.</strong></span> 
     </span>
    </p>
   </div>
   <div class='ocr_carea' id='block_1_70' title="bbox 615 5300 2217 5388">
    <p class='ocr_par' dir='ltr' id='par_1_70' title="bbox 615 5300 2217 5388">
     <span class='ocr_line' id='line_1_70' title="bbox 615 5300 2217 5388; baseline 0.005 -22"><span class='ocrx_word' id='word_1_540' title='bbox 615 5314 680 5378; x_wconf 74' lang='lat' dir='ltr'><strong>ri,</strong></span> <span class='ocrx_word' id='word_1_541' title='bbox 715 5310 828 5385; x_wconf 79' lang='lat'><strong>&#39;58).</strong></span> <span class='ocrx_word' id='word_1_542' title='bbox 875 5312 1128 5370; x_wconf 76' lang='lat' dir='ltr'><strong>Dicturus</strong></span> <span class='ocrx_word' id='word_1_543' title='bbox 1168 5313 1433 5387; x_wconf 90' lang='lat' dir='ltr'><strong>baptisma</strong></span> <span class='ocrx_word' id='word_1_544' title='bbox 1481 5316 1743 5388; x_wconf 79' lang='lat' dir='ltr'><strong>praemisit</strong></span> <span class='ocrx_word' id='word_1_545' title='bbox 1778 5317 2109 5387; x_wconf 68' lang='lat' dir='ltr'><strong>paenitentiae</strong></span> <span class='ocrx_word' id='word_1_546' title='bbox 2137 5300 2217 5375; x_wconf 82' lang='lat' dir='ltr'><strong>ia-</strong></span> 
     </span>
    </p>
   </div>
   <div class='ocr_carea' id='block_1_71' title="bbox 620 5406 2213 5480">
    <p class='ocr_par' dir='ltr' id='par_1_71' title="bbox 620 5406 2213 5480">
     <span class='ocr_line' id='line_1_71' title="bbox 620 5406 2213 5480; baseline 0.003 -19"><span class='ocrx_word' id='word_1_547' title='bbox 620 5411 825 5469; x_wconf 81' lang='lat' dir='ltr'><strong>menta,</strong></span> <span class='ocrx_word' id='word_1_548' title='bbox 852 5412 913 5461; x_wconf 89' lang='lat' dir='ltr'><strong>ut</strong></span> <span class='ocrx_word' id='word_1_549' title='bbox 934 5406 1090 5479; x_wconf 89' lang='lat' dir='ltr'><strong>prius</strong></span> <span class='ocrx_word' id='word_1_550' title='bbox 1114 5420 1177 5465; x_wconf 82' lang='lat' dir='ltr'><strong>se</strong></span> <span class='ocrx_word' id='word_1_551' title='bbox 1206 5422 1343 5480; x_wconf 86' lang='lat' dir='ltr'><strong>aqua</strong></span> <span class='ocrx_word' id='word_1_552' title='bbox 1373 5424 1484 5465; x_wconf 73' lang='lat' dir='ltr'><strong>sua:</strong></span> <span class='ocrx_word' id='word_1_553' title='bbox 1513 5407 1819 5467; x_wconf 87' lang='lat' dir='ltr'><strong>aﬂlictionis</strong></span> <span class='ocrx_word' id='word_1_554' title='bbox 1847 5407 2213 5477; x_wconf 83' lang='lat' dir='ltr'><strong>infunderent,</strong></span> 
     </span>
    </p>
   </div>
   <div class='ocr_carea' id='block_1_72' title="bbox 617 5496 2210 5573">
    <p class='ocr_par' dir='ltr' id='par_1_72' title="bbox 617 5496 2210 5573">
     <span class='ocr_line' id='line_1_72' title="bbox 617 5496 2210 5573; baseline 0.004 -23"><span class='ocrx_word' id='word_1_555' title='bbox 617 5502 674 5551; x_wconf 83' lang='lat' dir='ltr'><strong>et</strong></span> <span class='ocrx_word' id='word_1_556' title='bbox 696 5496 1043 5566; x_wconf 82' lang='lat' dir='ltr'><strong>postmodum</strong></span> <span class='ocrx_word' id='word_1_557' title='bbox 1069 5507 1416 5556; x_wconf 88' lang='lat' dir='ltr'><strong>sacramento</strong></span> <span class='ocrx_word' id='word_1_558' title='bbox 1437 5500 1782 5573; x_wconf 86' lang='lat' dir='ltr'><strong>baptismatis</strong></span> <span class='ocrx_word' id='word_1_559' title='bbox 1810 5500 2072 5557; x_wconf 87' lang='lat' dir='ltr'><strong>lavarent.</strong></span> <span class='ocrx_word' id='word_1_560' title='bbox 2106 5499 2210 5569; x_wconf 88' lang='lat' dir='ltr'><strong>Qui</strong></span> 
     </span>
    </p>
   </div>
   <div class='ocr_carea' id='block_1_73' title="bbox 614 5580 2206 5675">
    <p class='ocr_par' dir='ltr' id='par_1_73' title="bbox 614 5580 2206 5675">
     <span class='ocr_line' id='line_1_73' title="bbox 614 5580 2206 5675; baseline 0.008 -33"><span class='ocrx_word' id='word_1_561' title='bbox 614 5586 785 5657; x_wconf 76' lang='lat' dir='ltr'><strong>igitur</strong></span> <span class='ocrx_word' id='word_1_562' title='bbox 806 5596 1114 5649; x_wconf 85' lang='lat' dir='ltr'><strong>transactas</strong></span> <span class='ocrx_word' id='word_1_563' title='bbox 1145 5591 1334 5663; x_wconf 87' lang='lat' dir='ltr'><strong>culpas</strong></span> <span class='ocrx_word' id='word_1_564' title='bbox 1382 5590 1513 5650; x_wconf 88' lang='lat' dir='ltr'><strong>ﬂere</strong></span> <span class='ocrx_word' id='word_1_565' title='bbox 1548 5594 1849 5667; x_wconf 85' lang='lat' dir='ltr'><strong>negligunt,</strong></span> <span class='ocrx_word' id='word_1_566' title='bbox 1880 5610 1987 5651; x_wconf 90' lang='lat' dir='ltr'><strong>non</strong></span> <span class='ocrx_word' id='word_1_567' title='bbox 2020 5580 2206 5675; x_wconf 68' lang='lat' dir='ltr'><strong>vivunt</strong></span> 
     </span>
    </p>
   </div>
   <div class='ocr_carea' id='block_1_74' title="bbox 619 5678 2212 5757">
    <p class='ocr_par' dir='ltr' id='par_1_74' title="bbox 619 5678 2212 5757">
     <span class='ocr_line' id='line_1_74' title="bbox 619 5678 2212 5757; baseline 0.003 -24"><span class='ocrx_word' id='word_1_568' title='bbox 619 5678 797 5733; x_wconf 68' lang='lat' dir='ltr'><strong>securi</strong></span> <span class='ocrx_word' id='word_1_569' title='bbox 826 5678 894 5735; x_wconf 87' lang='lat' dir='ltr'><strong>de</strong></span> <span class='ocrx_word' id='word_1_570' title='bbox 922 5680 1110 5747; x_wconf 89' lang='lat' dir='ltr'><strong>venia,</strong></span> <span class='ocrx_word' id='word_1_571' title='bbox 1150 5683 1366 5753; x_wconf 88' lang='lat' dir='ltr'><strong>quando</strong></span> <span class='ocrx_word' id='word_1_572' title='bbox 1396 5683 1510 5754; x_wconf 86' lang='lat' dir='ltr'><strong>ipse</strong></span> <span class='ocrx_word' id='word_1_573' title='bbox 1537 5699 1780 5741; x_wconf 89' lang='lat' dir='ltr'><strong>summus</strong></span> <span class='ocrx_word' id='word_1_574' title='bbox 1809 5694 1997 5757; x_wconf 87' lang='lat' dir='ltr'><strong>pastor</strong></span> <span class='ocrx_word' id='word_1_575' title='bbox 2024 5682 2212 5740; x_wconf 87' lang='lat' dir='ltr'><strong>Eccle-</strong></span> 
     </span>
    </p>
   </div>
   <div class='ocr_carea' id='block_1_75' title="bbox 618 5770 2209 5856">
    <p class='ocr_par' dir='ltr' id='par_1_75' title="bbox 618 5770 2209 5856">
     <span class='ocr_line' id='line_1_75' title="bbox 618 5770 2209 5856; baseline 0.005 -27"><span class='ocrx_word' id='word_1_576' title='bbox 618 5770 739 5841; x_wconf 75' lang='lat' dir='ltr'><strong>siae,</strong></span> <span class='ocrx_word' id='word_1_577' title='bbox 773 5772 902 5831; x_wconf 81' lang='lat' dir='ltr'><strong>huic</strong></span> <span class='ocrx_word' id='word_1_578' title='bbox 927 5775 1091 5832; x_wconf 86' lang='lat' dir='ltr'><strong>etiam</strong></span> <span class='ocrx_word' id='word_1_579' title='bbox 1131 5785 1475 5837; x_wconf 83' lang='lat' dir='ltr'><strong>sacramento</strong></span> <span class='ocrx_word' id='word_1_580' title='bbox 1502 5777 1803 5837; x_wconf 83' lang='lat' dir='ltr'><strong>addendam</strong></span> <span class='ocrx_word' id='word_1_581' title='bbox 1831 5781 2209 5856; x_wconf 84' lang='lat' dir='ltr'><strong>paenitentiam</strong></span> 
     </span>
    </p>
   </div>
   <div class='ocr_carea' id='block_1_76' title="bbox 2319 1902 3804 1977">
    <p class='ocr_par' dir='ltr' id='par_1_76' title="bbox 2319 1902 3804 1977">
     <span class='ocr_line' id='line_1_76' title="bbox 2319 1902 3804 1977; baseline 0.001 -22"><span class='ocrx_word' id='word_1_582' title='bbox 2319 1902 2677 1973; x_wconf 73' lang='lat' dir='ltr'><strong>prmsontibus</strong></span> <span class='ocrx_word' id='word_1_583' title='bbox 2699 1902 2898 1969; x_wconf 87' lang='lat' dir='ltr'><strong>dedita,</strong></span> <span class='ocrx_word' id='word_1_584' title='bbox 2930 1905 2982 1959; x_wconf 92' lang='lat' dir='ltr'><strong>in</strong></span> <span class='ocrx_word' id='word_1_585' title='bbox 3015 1914 3233 1961; x_wconf 89' lang='lat' dir='ltr'><strong>terrena</strong></span> <span class='ocrx_word' id='word_1_586' title='bbox 3258 1904 3606 1977; x_wconf 89' lang='lat' dir='ltr'><strong>voluptatibus</strong></span> <span class='ocrx_word' id='word_1_587' title='bbox 3623 1904 3804 1967; x_wconf 82' lang='lat' dir='ltr'><strong>resoluta,</strong></span> 
     </span>
    </p>
   </div>
   <div class='ocr_carea' id='block_1_77' title="bbox 2320 1992 3804 2068">
    <p class='ocr_par' dir='ltr' id='par_1_77' title="bbox 2320 1992 3804 2068">
     <span class='ocr_line' id='line_1_77' title="bbox 2320 1992 3804 2068; baseline 0.003 -23"><span class='ocrx_word' id='word_1_588' title='bbox 2320 1992 2604 2047; x_wconf 85' lang='lat' dir='ltr'><strong>abscondit</strong></span> <span class='ocrx_word' id='word_1_589' title='bbox 2633 1993 2732 2048; x_wconf 89' lang='lat' dir='ltr'><strong>sibi</strong></span> <span class='ocrx_word' id='word_1_590' title='bbox 2763 1994 2903 2049; x_wconf 90' lang='lat' dir='ltr'><strong>mala</strong></span> <span class='ocrx_word' id='word_1_591' title='bbox 2927 1998 3233 2064; x_wconf 87' lang='lat' dir='ltr'><strong>sequentia,</strong></span> <span class='ocrx_word' id='word_1_592' title='bbox 3264 1997 3389 2068; x_wconf 89' lang='lat' dir='ltr'><strong>quia</strong></span> <span class='ocrx_word' id='word_1_593' title='bbox 3413 1995 3804 2067; x_wconf 71' lang='lat' dir='ltr'><strong>prtevidereluturt</strong></span> 
     </span>
    </p>
   </div>
   <div class='ocr_carea' id='block_1_78' title="bbox 2320 2081 3804 2158">
    <p class='ocr_par' dir='ltr' id='par_1_78' title="bbox 2320 2081 3804 2158">
     <span class='ocr_line' id='line_1_78' title="bbox 2320 2081 3804 2158; baseline 0.003 -23"><span class='ocrx_word' id='word_1_594' title='bbox 2320 2081 2539 2149; x_wconf 80' lang='lat' dir='ltr'><strong>refugit,</strong></span> <span class='ocrx_word' id='word_1_595' title='bbox 2562 2098 2682 2153; x_wconf 68' lang='lat' dir='ltr'><strong>qum</strong></span> <span class='ocrx_word' id='word_1_596' title='bbox 2703 2094 3025 2153; x_wconf 65' lang='lat' dir='ltr'><strong>praesentem</strong></span> <span class='ocrx_word' id='word_1_597' title='bbox 3047 2086 3291 2142; x_wconf 73' lang='lat' dir='ltr'><strong>laetitiam</strong></span> <span class='ocrx_word' id='word_1_598' title='bbox 3317 2088 3630 2158; x_wconf 82' lang='lat' dir='ltr'><strong>perturbent,</strong></span> <span class='ocrx_word' id='word_1_599' title='bbox 3646 2086 3804 2155; x_wconf 80' lang='lat' dir='ltr'><strong>dumque</strong></span> 
     </span>
    </p>
   </div>
   <div class='ocr_carea' id='block_1_79' title="bbox 2321 2174 3803 2249">
    <p class='ocr_par' dir='ltr' id='par_1_79' title="bbox 2321 2174 3803 2249">
     <span class='ocr_line' id='line_1_79' title="bbox 2321 2174 3803 2249; baseline 0.002 -22"><span class='ocrx_word' id='word_1_600' title='bbox 2321 2174 2371 2227; x_wconf 92' lang='lat' dir='ltr'><strong>in</strong></span> <span class='ocrx_word' id='word_1_601' title='bbox 2396 2174 2677 2244; x_wconf 57' lang='lat' dir='ltr'><strong>praesentis</strong></span> <span class='ocrx_word' id='word_1_602' title='bbox 2712 2174 2833 2230; x_wconf 75' lang='lat' dir='ltr'><strong>vitze</strong></span> <span class='ocrx_word' id='word_1_603' title='bbox 2872 2176 3237 2233; x_wconf 82' lang='lat' dir='ltr'><strong>oblectatione</strong></span> <span class='ocrx_word' id='word_1_604' title='bbox 3269 2194 3328 2233; x_wconf 86' lang='lat' dir='ltr'><strong>se</strong></span> <span class='ocrx_word' id='word_1_605' title='bbox 3354 2178 3564 2244; x_wconf 84' lang='lat' dir='ltr'><strong>deserit,</strong></span> <span class='ocrx_word' id='word_1_606' title='bbox 3588 2176 3693 2249; x_wconf 87' lang='lat' dir='ltr'><strong>quid</strong></span> <span class='ocrx_word' id='word_1_607' title='bbox 3710 2174 3803 2230; x_wconf 80' lang='lat' dir='ltr'><strong>aliud</strong></span> 
     </span>
    </p>
   </div>
   <div class='ocr_carea' id='block_1_80' title="bbox 2318 2265 3802 2339">
    <p class='ocr_par' dir='ltr' id='par_1_80' title="bbox 2318 2265 3802 2339">
     <span class='ocr_line' id='line_1_80' title="bbox 2318 2265 3802 2339; baseline 0.002 -22"><span class='ocrx_word' id='word_1_608' title='bbox 2318 2281 2477 2335; x_wconf 90' lang='lat' dir='ltr'><strong>quam</strong></span> <span class='ocrx_word' id='word_1_609' title='bbox 2512 2265 2713 2321; x_wconf 89' lang='lat' dir='ltr'><strong>clausis</strong></span> <span class='ocrx_word' id='word_1_610' title='bbox 2761 2267 2932 2323; x_wconf 88' lang='lat' dir='ltr'><strong>oculis</strong></span> <span class='ocrx_word' id='word_1_611' title='bbox 2980 2271 3046 2323; x_wconf 88' lang='lat' dir='ltr'><strong>ad</strong></span> <span class='ocrx_word' id='word_1_612' title='bbox 3083 2270 3264 2339; x_wconf 85' lang='lat' dir='ltr'><strong>ignem</strong></span> <span class='ocrx_word' id='word_1_613' title='bbox 3301 2269 3481 2324; x_wconf 84' lang='lat' dir='ltr'><strong>vadit?</strong></span> <span class='ocrx_word' id='word_1_614' title='bbox 3520 2267 3605 2324; x_wconf 87' lang='lat' dir='ltr'><strong>Cui</strong></span> <span class='ocrx_word' id='word_1_615' title='bbox 3632 2268 3802 2323; x_wconf 85' lang='lat' dir='ltr'><strong>dicitur:</strong></span> 
     </span>
    </p>
   </div>
   <div class='ocr_carea' id='block_1_81' title="bbox 2319 2356 3806 2426">
    <p class='ocr_par' dir='ltr' id='par_1_81' title="bbox 2319 2356 3806 2426">
     <span class='ocr_line' id='line_1_81' title="bbox 2319 2356 3806 2426; baseline 0 -16"><span class='ocrx_word' id='word_1_616' title='bbox 2319 2356 2457 2425; x_wconf 87' lang='lat' dir='ltr'><strong>Quia</strong></span> <span class='ocrx_word' id='word_1_617' title='bbox 2480 2359 2680 2414; x_wconf 82' lang='lat' dir='ltr'><strong>venient</strong></span> <span class='ocrx_word' id='word_1_618' title='bbox 2714 2359 2822 2414; x_wconf 88' lang='lat' dir='ltr'><strong>dies</strong></span> <span class='ocrx_word' id='word_1_619' title='bbox 2852 2361 2907 2414; x_wconf 89' lang='lat' dir='ltr'><strong>in</strong></span> <span class='ocrx_word' id='word_1_620' title='bbox 2934 2371 3004 2426; x_wconf 92' lang='lat' dir='ltr'><strong>te,</strong></span> <span class='ocrx_word' id='word_1_621' title='bbox 3032 2371 3081 2416; x_wconf 91' lang='lat' dir='ltr'><strong>et</strong></span> <span class='ocrx_word' id='word_1_622' title='bbox 3102 2361 3501 2416; x_wconf 80' lang='lat' dir='ltr'><strong>circumdabant</strong></span> <span class='ocrx_word' id='word_1_623' title='bbox 3527 2369 3570 2416; x_wconf 86' lang='lat' dir='ltr'><strong>te</strong></span> <span class='ocrx_word' id='word_1_624' title='bbox 3587 2359 3738 2415; x_wconf 80' lang='lat' dir='ltr'><strong>inimici</strong></span> <span class='ocrx_word' id='word_1_625' title='bbox 3756 2356 3806 2410; x_wconf 81' lang='lat' dir='ltr'><strong>tn&#39;</strong></span> 
     </span>
    </p>
   </div>
   <div class='ocr_carea' id='block_1_82' title="bbox 2316 2449 3805 2524">
    <p class='ocr_par' dir='ltr' id='par_1_82' title="bbox 2316 2449 3805 2524">
     <span class='ocr_line' id='line_1_82' title="bbox 2316 2449 3805 2524; baseline 0.003 -23"><span class='ocrx_word' id='word_1_626' title='bbox 2316 2449 2453 2503; x_wconf 76' lang='grc' dir='ltr'><em>υιιιιο</em></span> <span class='ocrx_word' id='word_1_627' title='bbox 2503 2449 2653 2520; x_wconf 83' lang='lat' dir='ltr'><strong>(Luc.</strong></span> <span class='ocrx_word' id='word_1_628' title='bbox 2682 2468 2796 2519; x_wconf 75' lang='lat' dir='ltr'><strong>XIX,</strong></span> <span class='ocrx_word' id='word_1_629' title='bbox 2828 2452 2941 2523; x_wconf 72' lang='grc'><strong>45).</strong></span> <span class='ocrx_word' id='word_1_630' title='bbox 2995 2451 3133 2521; x_wconf 89' lang='lat' dir='ltr'><strong>Qui,</strong></span> <span class='ocrx_word' id='word_1_631' title='bbox 3183 2453 3405 2524; x_wconf 88' lang='lat' dir='ltr'><strong>inquam</strong></span> <span class='ocrx_word' id='word_1_632' title='bbox 3430 2493 3443 2518; x_wconf 92' lang='lat'><strong>,</strong></span> <span class='ocrx_word' id='word_1_633' title='bbox 3486 2461 3598 2509; x_wconf 88' lang='lat' dir='ltr'><strong>sunt</strong></span> <span class='ocrx_word' id='word_1_634' title='bbox 3635 2451 3805 2508; x_wconf 78' lang='lat' dir='ltr'><strong>humans</strong></span> 
     </span>
    </p>
   </div>
   <div class='ocr_carea' id='block_1_83' title="bbox 2316 2537 3805 2615">
    <p class='ocr_par' dir='ltr' id='par_1_83' title="bbox 2316 2537 3805 2615">
     <span class='ocr_line' id='line_1_83' title="bbox 2316 2537 3805 2615; baseline 0.001 -23"><span class='ocrx_word' id='word_1_635' title='bbox 2316 2539 2509 2595; x_wconf 69' lang='lat' dir='ltr'><strong>animm</strong></span> <span class='ocrx_word' id='word_1_636' title='bbox 2550 2541 2785 2612; x_wconf 90' lang='lat' dir='ltr'><strong>majores</strong></span> <span class='ocrx_word' id='word_1_637' title='bbox 2829 2540 3032 2598; x_wconf 85' lang='lat' dir='ltr'><strong>inimici</strong></span> <span class='ocrx_word' id='word_1_638' title='bbox 3094 2560 3259 2614; x_wconf 87' lang='lat' dir='ltr'><strong>quam</strong></span> <span class='ocrx_word' id='word_1_639' title='bbox 3292 2542 3506 2615; x_wconf 81' lang='lat' dir='ltr'><strong>maligni</strong></span> <span class='ocrx_word' id='word_1_640' title='bbox 3532 2541 3725 2615; x_wconf 83' lang='lat' dir='ltr'><strong>spiritus,</strong></span> <span class='ocrx_word' id='word_1_641' title='bbox 3747 2537 3805 2610; x_wconf 78' lang='lat' dir='ltr'><strong>qui</strong></span> 
     </span>
    </p>
   </div>
   <div class='ocr_carea' id='block_1_84' title="bbox 2317 2630 3804 2707">
    <p class='ocr_par' dir='ltr' id='par_1_84' title="bbox 2317 2630 3804 2707">
     <span class='ocr_line' id='line_1_84' title="bbox 2317 2630 3804 2707; baseline 0 -21"><span class='ocrx_word' id='word_1_642' title='bbox 2317 2632 2456 2688; x_wconf 89' lang='lat' dir='ltr'><strong>hanc</strong></span> <span class='ocrx_word' id='word_1_643' title='bbox 2491 2648 2520 2686; x_wconf 91' lang='lat' dir='ltr'><strong>a</strong></span> <span class='ocrx_word' id='word_1_644' title='bbox 2550 2649 2778 2705; x_wconf 88' lang='lat' dir='ltr'><strong>corpore</strong></span> <span class='ocrx_word' id='word_1_645' title='bbox 2809 2644 3103 2691; x_wconf 82' lang='lat' dir='ltr'><strong>exeuntem</strong></span> <span class='ocrx_word' id='word_1_646' title='bbox 3128 2634 3400 2702; x_wconf 87' lang='lat' dir='ltr'><strong>obsident,</strong></span> <span class='ocrx_word' id='word_1_647' title='bbox 3430 2650 3578 2707; x_wconf 89' lang='lat' dir='ltr'><strong>quam</strong></span> <span class='ocrx_word' id='word_1_648' title='bbox 3614 2634 3656 2688; x_wconf 90' lang='lat' dir='ltr'><strong>in</strong></span> <span class='ocrx_word' id='word_1_649' title='bbox 3687 2630 3804 2689; x_wconf 77' lang='lat' dir='ltr'><strong>carnis</strong></span> 
     </span>
    </p>
   </div>
   <div class='ocr_carea' id='block_1_85' title="bbox 2316 2722 3806 2799">
    <p class='ocr_par' dir='ltr' id='par_1_85' title="bbox 2316 2722 3806 2799">
     <span class='ocr_line' id='line_1_85' title="bbox 2316 2722 3806 2799; baseline -0.001 -21"><span class='ocrx_word' id='word_1_650' title='bbox 2316 2738 2501 2779; x_wconf 91' lang='lat' dir='ltr'><strong>amore</strong></span> <span class='ocrx_word' id='word_1_651' title='bbox 2541 2725 2774 2795; x_wconf 88' lang='lat' dir='ltr'><strong>positam</strong></span> <span class='ocrx_word' id='word_1_652' title='bbox 2813 2724 3137 2799; x_wconf 89' lang='lat' dir='ltr'><strong>deccptoriis</strong></span> <span class='ocrx_word' id='word_1_653' title='bbox 3182 2727 3615 2784; x_wconf 83' lang='lat' dir='ltr'><strong>delectationibus</strong></span> <span class='ocrx_word' id='word_1_654' title='bbox 3651 2722 3806 2781; x_wconf 78' lang='lat' dir='ltr'><strong>inventi</strong></span> 
     </span>
    </p>
   </div>
   <div class='ocr_carea' id='block_1_86' title="bbox 2315 2816 3802 2892">
    <p class='ocr_par' dir='ltr' id='par_1_86' title="bbox 2315 2816 3802 2892">
     <span class='ocr_line' id='line_1_86' title="bbox 2315 2816 3802 2892; baseline 0.005 -22"><span class='ocrx_word' id='word_1_655' title='bbox 2315 2816 2488 2883; x_wconf 87' lang='lat' dir='ltr'><strong>Quam</strong></span> <span class='ocrx_word' id='word_1_656' title='bbox 2513 2817 2653 2874; x_wconf 90' lang='lat' dir='ltr'><strong>vallo</strong></span> <span class='ocrx_word' id='word_1_657' title='bbox 2684 2820 3050 2887; x_wconf 88' lang='lat' dir='ltr'><strong>circumdant,</strong></span> <span class='ocrx_word' id='word_1_658' title='bbox 3080 2821 3218 2892; x_wconf 82' lang='lat' dir='ltr'><strong>quia</strong></span> <span class='ocrx_word' id='word_1_659' title='bbox 3238 2831 3363 2877; x_wconf 89' lang='lat' dir='ltr'><strong>ante</strong></span> <span class='ocrx_word' id='word_1_660' title='bbox 3392 2821 3573 2879; x_wconf 86' lang='lat' dir='ltr'><strong>mentis</strong></span> <span class='ocrx_word' id='word_1_661' title='bbox 3595 2819 3802 2877; x_wconf 78' lang='lat' dir='ltr'><strong>oculum-</strong></span> 
     </span>
    </p>
   </div>
   <div class='ocr_carea' id='block_1_87' title="bbox 2316 2910 3803 2987">
    <p class='ocr_par' dir='ltr' id='par_1_87' title="bbox 2316 2910 3803 2987">
     <span class='ocr_line' id='line_1_87' title="bbox 2316 2910 3803 2987; baseline 0.003 -23"><span class='ocrx_word' id='word_1_662' title='bbox 2316 2910 2492 2966; x_wconf 90' lang='lat' dir='ltr'><strong>ductis</strong></span> <span class='ocrx_word' id='word_1_663' title='bbox 2515 2912 2895 2985; x_wconf 90' lang='lat' dir='ltr'><strong>iniquitatibus</strong></span> <span class='ocrx_word' id='word_1_664' title='bbox 2921 2930 3058 2985; x_wconf 90' lang='lat' dir='ltr'><strong>quas</strong></span> <span class='ocrx_word' id='word_1_665' title='bbox 3083 2917 3437 2987; x_wconf 84' lang='lat' dir='ltr'><strong>perpetravit,</strong></span> <span class='ocrx_word' id='word_1_666' title='bbox 3460 2915 3589 2971; x_wconf 87' lang='lat' dir='ltr'><strong>hanc</strong></span> <span class='ocrx_word' id='word_1_667' title='bbox 3615 2913 3669 2969; x_wconf 85' lang='lat' dir='ltr'><strong>ad</strong></span> <span class='ocrx_word' id='word_1_668' title='bbox 3691 2910 3803 2968; x_wconf 83' lang='lat' dir='ltr'><strong>socio-</strong></span> 
     </span>
    </p>
   </div>
   <div class='ocr_carea' id='block_1_88' title="bbox 2317 3000 3801 3070">
    <p class='ocr_par' dir='ltr' id='par_1_88' title="bbox 2317 3000 3801 3070">
     <span class='ocr_line' id='line_1_88' title="bbox 2317 3000 3801 3070; baseline 0.001 -13"><span class='ocrx_word' id='word_1_669' title='bbox 2317 3010 2481 3059; x_wconf 87' lang='lat' dir='ltr'><strong>tatem</strong></span> <span class='ocrx_word' id='word_1_670' title='bbox 2513 3020 2625 3059; x_wconf 71' lang='lat' dir='ltr'><strong>sua:</strong></span> <span class='ocrx_word' id='word_1_671' title='bbox 2661 3004 3031 3061; x_wconf 90' lang='lat' dir='ltr'><strong>damnationis</strong></span> <span class='ocrx_word' id='word_1_672' title='bbox 3063 3008 3453 3064; x_wconf 84' lang='lat' dir='ltr'><strong>contrahentes</strong></span> <span class='ocrx_word' id='word_1_673' title='bbox 3487 3012 3688 3070; x_wconf 88' lang='lat' dir='ltr'><strong>arctant,</strong></span> <span class='ocrx_word' id='word_1_674' title='bbox 3708 3000 3801 3059; x_wconf 83' lang='lat' dir='ltr'><strong>utin</strong></span> 
     </span>
    </p>
   </div>
   <div class='ocr_carea' id='block_1_89' title="bbox 2319 3092 3804 3168">
    <p class='ocr_par' dir='ltr' id='par_1_89' title="bbox 2319 3092 3804 3168">
     <span class='ocr_line' id='line_1_89' title="bbox 2319 3092 3804 3168; baseline -0.001 -20"><span class='ocrx_word' id='word_1_675' title='bbox 2319 3093 2435 3164; x_wconf 88' lang='lat' dir='ltr'><strong>ipsa</strong></span> <span class='ocrx_word' id='word_1_676' title='bbox 2477 3094 2589 3166; x_wconf 86' lang='lat' dir='ltr'><strong>jam</strong></span> <span class='ocrx_word' id='word_1_677' title='bbox 2629 3095 2979 3152; x_wconf 87' lang='lat' dir='ltr'><strong>extremitate</strong></span> <span class='ocrx_word' id='word_1_678' title='bbox 3023 3097 3149 3152; x_wconf 64' lang='lat' dir='ltr'><strong>vitae</strong></span> <span class='ocrx_word' id='word_1_679' title='bbox 3174 3095 3522 3168; x_wconf 81' lang='lat' dir='ltr'><strong>deprehensa,</strong></span> <span class='ocrx_word' id='word_1_680' title='bbox 3549 3105 3598 3151; x_wconf 90' lang='lat' dir='ltr'><strong>et</strong></span> <span class='ocrx_word' id='word_1_681' title='bbox 3630 3092 3804 3164; x_wconf 78' lang='lat' dir='ltr'><strong>aquibus</strong></span> 
     </span>
    </p>
   </div>
   <div class='ocr_carea' id='block_1_90' title="bbox 2318 3179 3801 3254">
    <p class='ocr_par' dir='ltr' id='par_1_90' title="bbox 2318 3179 3801 3254">
     <span class='ocr_line' id='line_1_90' title="bbox 2318 3179 3801 3254; baseline -0.002 -15"><span class='ocrx_word' id='word_1_682' title='bbox 2318 3183 2567 3239; x_wconf 87' lang='lat' dir='ltr'><strong>hostibus</strong></span> <span class='ocrx_word' id='word_1_683' title='bbox 2595 3184 2989 3241; x_wconf 87' lang='lat' dir='ltr'><strong>circumclausa</strong></span> <span class='ocrx_word' id='word_1_684' title='bbox 3021 3186 3093 3241; x_wconf 88' lang='lat' dir='ltr'><strong>sit</strong></span> <span class='ocrx_word' id='word_1_685' title='bbox 3124 3186 3329 3254; x_wconf 87' lang='lat' dir='ltr'><strong>videat,</strong></span> <span class='ocrx_word' id='word_1_686' title='bbox 3361 3197 3412 3242; x_wconf 91' lang='lat' dir='ltr'><strong>et</strong></span> <span class='ocrx_word' id='word_1_687' title='bbox 3441 3196 3599 3241; x_wconf 88' lang='lat' dir='ltr'><strong>tamen</strong></span> <span class='ocrx_word' id='word_1_688' title='bbox 3621 3179 3801 3240; x_wconf 66' lang='grc' dir='ltr'><strong>εγαὰωὰ</strong></span> 
     </span>
    </p>
   </div>
   <div class='ocr_carea' id='block_1_91' title="bbox 2320 3273 3803 3352">
    <p class='ocr_par' dir='ltr' id='par_1_91' title="bbox 2320 3273 3803 3352">
     <span class='ocr_line' id='line_1_91' title="bbox 2320 3273 3803 3352; baseline -0.002 -23"><span class='ocrx_word' id='word_1_689' title='bbox 2320 3275 2523 3331; x_wconf 88' lang='lat' dir='ltr'><strong>aditum</strong></span> <span class='ocrx_word' id='word_1_690' title='bbox 2548 3275 2789 3333; x_wconf 87' lang='lat' dir='ltr'><strong>invenire</strong></span> <span class='ocrx_word' id='word_1_691' title='bbox 2807 3294 2911 3335; x_wconf 92' lang='lat' dir='ltr'><strong>non</strong></span> <span class='ocrx_word' id='word_1_692' title='bbox 2936 3280 3130 3351; x_wconf 90' lang='lat' dir='ltr'><strong>possit,</strong></span> <span class='ocrx_word' id='word_1_693' title='bbox 3148 3279 3278 3351; x_wconf 87' lang='lat' dir='ltr'><strong>quia</strong></span> <span class='ocrx_word' id='word_1_694' title='bbox 3294 3278 3496 3352; x_wconf 80' lang='lat' dir='ltr'><strong>Operari</strong></span> <span class='ocrx_word' id='word_1_695' title='bbox 3511 3277 3629 3331; x_wconf 89' lang='lat' dir='ltr'><strong>bona</strong></span> <span class='ocrx_word' id='word_1_696' title='bbox 3643 3273 3803 3346; x_wconf 80' lang='lat' dir='ltr'><strong>jamnon</strong></span> 
     </span>
    </p>
   </div>
   <div class='ocr_carea' id='block_1_92' title="bbox 2318 3361 3802 3443">
    <p class='ocr_par' dir='ltr' id='par_1_92' title="bbox 2318 3361 3802 3443">
     <span class='ocr_line' id='line_1_92' title="bbox 2318 3361 3802 3443; baseline -0.001 -22"><span class='ocrx_word' id='word_1_697' title='bbox 2318 3366 2464 3432; x_wconf 88' lang='lat' dir='ltr'><strong>licet,</strong></span> <span class='ocrx_word' id='word_1_698' title='bbox 2494 3385 2614 3440; x_wconf 68' lang='lat' dir='ltr'><strong>qua:</strong></span> <span class='ocrx_word' id='word_1_699' title='bbox 2648 3385 2772 3425; x_wconf 92' lang='lat' dir='ltr'><strong>cum</strong></span> <span class='ocrx_word' id='word_1_700' title='bbox 2803 3370 2954 3427; x_wconf 87' lang='lat' dir='ltr'><strong>licuit</strong></span> <span class='ocrx_word' id='word_1_701' title='bbox 2997 3387 3159 3443; x_wconf 86' lang='lat' dir='ltr'><strong>agere</strong></span> <span class='ocrx_word' id='word_1_702' title='bbox 3199 3371 3532 3442; x_wconf 88' lang='lat' dir='ltr'><strong>contempsit.</strong></span> <span class='ocrx_word' id='word_1_703' title='bbox 3569 3361 3802 3442; x_wconf 64' lang='lat' dir='ltr'><strong>(Horruit)</strong></span> 
     </span>
    </p>
   </div>
   <div class='ocr_carea' id='block_1_93' title="bbox 2318 3452 3802 3536">
    <p class='ocr_par' dir='ltr' id='par_1_93' title="bbox 2318 3452 3802 3536">
     <span class='ocr_line' id='line_1_93' title="bbox 2318 3452 3802 3536; baseline -0.003 -22"><span class='ocrx_word' id='word_1_704' title='bbox 2318 3458 2549 3516; x_wconf 87' lang='lat' dir='ltr'><strong>Pravam</strong></span> <span class='ocrx_word' id='word_1_705' title='bbox 2577 3463 2775 3535; x_wconf 90' lang='lat' dir='ltr'><strong>quippe</strong></span> <span class='ocrx_word' id='word_1_706' title='bbox 2805 3463 3041 3519; x_wconf 90' lang='lat' dir='ltr'><strong>animam</strong></span> <span class='ocrx_word' id='word_1_707' title='bbox 3071 3465 3415 3536; x_wconf 89' lang='lat' dir='ltr'><strong>omnipotens</strong></span> <span class='ocrx_word' id='word_1_708' title='bbox 3440 3462 3663 3519; x_wconf 89' lang='lat' dir='ltr'><strong>Dominus</strong></span> <span class='ocrx_word' id='word_1_709' title='bbox 3689 3452 3802 3511; x_wconf 78' lang='lat' dir='ltr'><strong>modis</strong></span> 
     </span>
    </p>
   </div>
   <div class='ocr_carea' id='block_1_94' title="bbox 2319 3548 3801 3613">
    <p class='ocr_par' dir='ltr' id='par_1_94' title="bbox 2319 3548 3801 3613">
     <span class='ocr_line' id='line_1_94' title="bbox 2319 3548 3801 3613; baseline -0.001 -4"><span class='ocrx_word' id='word_1_710' title='bbox 2319 3554 2504 3610; x_wconf 90' lang='lat' dir='ltr'><strong>multis</strong></span> <span class='ocrx_word' id='word_1_711' title='bbox 2544 3556 2766 3611; x_wconf 87' lang='lat' dir='ltr'><strong>visitare</strong></span> <span class='ocrx_word' id='word_1_712' title='bbox 2796 3557 3095 3613; x_wconf 89' lang='lat' dir='ltr'><strong>consuevit.</strong></span> <span class='ocrx_word' id='word_1_713' title='bbox 3135 3556 3275 3612; x_wconf 82' lang='lat' dir='ltr'><strong>Nam</strong></span> <span class='ocrx_word' id='word_1_714' title='bbox 3304 3554 3507 3613; x_wconf 86' lang='lat' dir='ltr'><strong>assidue</strong></span> <span class='ocrx_word' id='word_1_715' title='bbox 3538 3556 3652 3609; x_wconf 89' lang='lat' dir='ltr'><strong>hanc</strong></span> <span class='ocrx_word' id='word_1_716' title='bbox 3683 3548 3801 3604; x_wconf 70' lang='lat' dir='ltr'><strong>visilal</strong></span> 
     </span>
    </p>
   </div>
   <div class='ocr_carea' id='block_1_95' title="bbox 2318 3642 3799 3722">
    <p class='ocr_par' dir='ltr' id='par_1_95' title="bbox 2318 3642 3799 3722">
     <span class='ocr_line' id='line_1_95' title="bbox 2318 3642 3799 3722; baseline -0.007 -19"><span class='ocrx_word' id='word_1_717' title='bbox 2318 3656 2619 3719; x_wconf 61' lang='lat' dir='ltr'><strong>praecepto,</strong></span> <span class='ocrx_word' id='word_1_718' title='bbox 2659 3647 2948 3722; x_wconf 89' lang='lat' dir='ltr'><strong>aliquando</strong></span> <span class='ocrx_word' id='word_1_719' title='bbox 2979 3659 3159 3705; x_wconf 89' lang='lat' dir='ltr'><strong>autem</strong></span> <span class='ocrx_word' id='word_1_720' title='bbox 3189 3648 3421 3722; x_wconf 84' lang='lat' dir='ltr'><strong>ﬂagello,</strong></span> <span class='ocrx_word' id='word_1_721' title='bbox 3454 3642 3696 3718; x_wconf 85' lang='lat' dir='ltr'><strong>aliquando</strong></span> <span class='ocrx_word' id='word_1_722' title='bbox 3717 3650 3799 3693; x_wconf 76' lang='lat' dir='ltr'><strong>rem</strong></span> 
     </span>
    </p>
   </div>
   <div class='ocr_carea' id='block_1_96' title="bbox 2319 3734 3799 3814">
    <p class='ocr_par' dir='ltr' id='par_1_96' title="bbox 2319 3734 3799 3814">
     <span class='ocr_line' id='line_1_96' title="bbox 2319 3734 3799 3814; baseline -0.001 -23"><span class='ocrx_word' id='word_1_723' title='bbox 2319 3737 2605 3804; x_wconf 90' lang='lat' dir='ltr'><strong>miraculo,</strong></span> <span class='ocrx_word' id='word_1_724' title='bbox 2639 3748 2699 3796; x_wconf 92' lang='lat' dir='ltr'><strong>ut</strong></span> <span class='ocrx_word' id='word_1_725' title='bbox 2729 3750 2781 3797; x_wconf 90' lang='lat' dir='ltr'><strong>et</strong></span> <span class='ocrx_word' id='word_1_726' title='bbox 2810 3756 2939 3796; x_wconf 89' lang='lat' dir='ltr'><strong>vera</strong></span> <span class='ocrx_word' id='word_1_727' title='bbox 2965 3758 3085 3814; x_wconf 75' lang='lat' dir='ltr'><strong>quze</strong></span> <span class='ocrx_word' id='word_1_728' title='bbox 3112 3744 3390 3799; x_wconf 90' lang='lat' dir='ltr'><strong>nesciebat</strong></span> <span class='ocrx_word' id='word_1_729' title='bbox 3417 3734 3597 3805; x_wconf 88' lang='lat' dir='ltr'><strong>audiat,</strong></span> <span class='ocrx_word' id='word_1_730' title='bbox 3621 3744 3664 3791; x_wconf 92' lang='lat' dir='ltr'><strong>et</strong></span> <span class='ocrx_word' id='word_1_731' title='bbox 3683 3742 3799 3789; x_wconf 78' lang='lat' dir='ltr'><strong>tame!</strong></span> 
     </span>
    </p>
   </div>
   <div class='ocr_carea' id='block_1_97' title="bbox 2321 3822 3801 3907">
    <p class='ocr_par' dir='ltr' id='par_1_97' title="bbox 2321 3822 3801 3907">
     <span class='ocr_line' id='line_1_97' title="bbox 2321 3822 3801 3907; baseline -0.001 -22"><span class='ocrx_word' id='word_1_732' title='bbox 2321 3830 2500 3887; x_wconf 92' lang='lat' dir='ltr'><strong>adhuc</strong></span> <span class='ocrx_word' id='word_1_733' title='bbox 2547 3833 2864 3906; x_wconf 88' lang='lat' dir='ltr'><strong>superbiens</strong></span> <span class='ocrx_word' id='word_1_734' title='bbox 2910 3844 3074 3907; x_wconf 90' lang='lat' dir='ltr'><strong>atque</strong></span> <span class='ocrx_word' id='word_1_735' title='bbox 3124 3845 3474 3892; x_wconf 89' lang='lat' dir='ltr'><strong>contemnens</strong></span> <span class='ocrx_word' id='word_1_736' title='bbox 3502 3874 3516 3900; x_wconf 90' lang='lat'><strong>,</strong></span> <span class='ocrx_word' id='word_1_737' title='bbox 3562 3837 3639 3884; x_wconf 90' lang='lat' dir='ltr'><strong>aut</strong></span> <span class='ocrx_word' id='word_1_738' title='bbox 3678 3822 3801 3879; x_wconf 55' lang='lat' dir='ltr'><strong>dolo”</strong></span> 
     </span>
    </p>
   </div>
   <div class='ocr_carea' id='block_1_98' title="bbox 2321 3907 3798 3994">
    <p class='ocr_par' dir='ltr' id='par_1_98' title="bbox 2321 3907 3798 3994">
     <span class='ocr_line' id='line_1_98' title="bbox 2321 3907 3798 3994; baseline 0.006 -18"><span class='ocrx_word' id='word_1_739' title='bbox 2321 3931 2643 3994; x_wconf 90' lang='lat' dir='ltr'><strong>compuncta</strong></span> <span class='ocrx_word' id='word_1_740' title='bbox 2671 3925 2877 3989; x_wconf 91' lang='lat' dir='ltr'><strong>redeat,</strong></span> <span class='ocrx_word' id='word_1_741' title='bbox 2902 3934 2995 3981; x_wconf 84' lang='lat' dir='ltr'><strong>aut</strong></span> <span class='ocrx_word' id='word_1_742' title='bbox 3016 3924 3299 3982; x_wconf 78' lang='lat' dir='ltr'><strong>beneﬁciis</strong></span> <span class='ocrx_word' id='word_1_743' title='bbox 3319 3925 3513 3981; x_wconf 85' lang='lat' dir='ltr'><strong>devicta</strong></span> <span class='ocrx_word' id='word_1_744' title='bbox 3535 3920 3693 3978; x_wconf 87' lang='lat' dir='ltr'><strong>malum</strong></span> <span class='ocrx_word' id='word_1_745' title='bbox 3706 3907 3798 3984; x_wconf 69' lang='grc' dir='ltr'><strong>(ιιιοά</strong></span> 
     </span>
    </p>
   </div>
   <div class='ocr_carea' id='block_1_99' title="bbox 2320 4010 3799 4092">
    <p class='ocr_par' dir='ltr' id='par_1_99' title="bbox 2320 4010 3799 4092">
     <span class='ocr_line' id='line_1_99' title="bbox 2320 4010 3799 4092; baseline -0.006 -22"><span class='ocrx_word' id='word_1_746' title='bbox 2320 4014 2449 4071; x_wconf 80' lang='lat' dir='ltr'><strong>fecit</strong></span> <span class='ocrx_word' id='word_1_747' title='bbox 2497 4010 2803 4075; x_wconf 79' lang='lat' dir='ltr'><strong>erubescat.</strong></span> <span class='ocrx_word' id='word_1_748' title='bbox 2853 4016 2959 4075; x_wconf 89' lang='lat' dir='ltr'><strong>Sed</strong></span> <span class='ocrx_word' id='word_1_749' title='bbox 3006 4019 3132 4092; x_wconf 87' lang='lat' dir='ltr'><strong>quia</strong></span> <span class='ocrx_word' id='word_1_750' title='bbox 3179 4018 3498 4075; x_wconf 88' lang='lat' dir='ltr'><strong>visitationis</strong></span> <span class='ocrx_word' id='word_1_751' title='bbox 3540 4028 3630 4070; x_wconf 75' lang='lat' dir='ltr'><strong>sua:</strong></span> <span class='ocrx_word' id='word_1_752' title='bbox 3659 4015 3799 4075; x_wconf 65' lang='lat' dir='ltr'><strong>temp!</strong></span> 
     </span>
    </p>
   </div>
   <div class='ocr_carea' id='block_1_100' title="bbox 2321 4100 3798 4183">
    <p class='ocr_par' dir='ltr' id='par_1_100' title="bbox 2321 4100 3798 4183">
     <span class='ocr_line' id='line_1_100' title="bbox 2321 4100 3798 4183; baseline -0.007 -19"><span class='ocrx_word' id='word_1_753' title='bbox 2321 4108 2544 4165; x_wconf 89' lang='lat' dir='ltr'><strong>minimc</strong></span> <span class='ocrx_word' id='word_1_754' title='bbox 2573 4109 2843 4183; x_wconf 77' lang='lat' dir='ltr'><strong>cognovit,</strong></span> <span class='ocrx_word' id='word_1_755' title='bbox 2874 4109 2981 4166; x_wconf 90' lang='lat' dir='ltr'><strong>illis</strong></span> <span class='ocrx_word' id='word_1_756' title='bbox 3014 4111 3067 4165; x_wconf 89' lang='lat' dir='ltr'><strong>in</strong></span> <span class='ocrx_word' id='word_1_757' title='bbox 3097 4119 3346 4168; x_wconf 84' lang='lat' dir='ltr'><strong>extremo</strong></span> <span class='ocrx_word' id='word_1_758' title='bbox 3381 4110 3495 4164; x_wconf 69' lang='lat' dir='ltr'><strong>vitae</strong></span> <span class='ocrx_word' id='word_1_759' title='bbox 3525 4100 3710 4161; x_wconf 87' lang='lat' dir='ltr'><strong>inimicis</strong></span> <span class='ocrx_word' id='word_1_760' title='bbox 3727 4102 3798 4183; x_wconf 66' lang='lat' dir='ltr'><strong>trt-</strong></span> 
     </span>
    </p>
   </div>
   <div class='ocr_carea' id='block_1_101' title="bbox 2323 4181 3799 4271">
    <p class='ocr_par' dir='ltr' id='par_1_101' title="bbox 2323 4181 3799 4271">
     <span class='ocr_line' id='line_1_101' title="bbox 2323 4181 3799 4271; baseline -0.012 -14"><span class='ocrx_word' id='word_1_761' title='bbox 2323 4200 2497 4268; x_wconf 89' lang='lat' dir='ltr'><strong>detur,</strong></span> <span class='ocrx_word' id='word_1_762' title='bbox 2542 4181 2666 4257; x_wconf 85' lang='lat' dir='ltr'><strong>cum</strong></span> <span class='ocrx_word' id='word_1_763' title='bbox 2713 4201 2909 4271; x_wconf 84' lang='lat' dir='ltr'><strong>quibus</strong></span> <span class='ocrx_word' id='word_1_764' title='bbox 2962 4201 3016 4256; x_wconf 93' lang='lat' dir='ltr'><strong>in</strong></span> <span class='ocrx_word' id='word_1_765' title='bbox 3065 4210 3272 4258; x_wconf 56' lang='lat' dir='ltr'><strong>aeterno</strong></span> <span class='ocrx_word' id='word_1_766' title='bbox 3299 4200 3494 4271; x_wconf 82' lang='lat' dir='ltr'><strong>judicio</strong></span> <span class='ocrx_word' id='word_1_767' title='bbox 3531 4181 3799 4251; x_wconf 74' lang='lat' dir='ltr'><strong>damnationi!</strong></span> 
     </span>
    </p>
   </div>
   <div class='ocr_carea' id='block_1_102' title="bbox 2319 4280 3798 4365">
    <p class='ocr_par' dir='ltr' id='par_1_102' title="bbox 2319 4280 3798 4365">
     <span class='ocr_line' id='line_1_102' title="bbox 2319 4280 3798 4365; baseline 0.003 -20"><span class='ocrx_word' id='word_1_768' title='bbox 2319 4300 2593 4362; x_wconf 70' lang='lat' dir='ltr'><strong>perpetnm</strong></span> <span class='ocrx_word' id='word_1_769' title='bbox 2639 4291 2899 4348; x_wconf 87' lang='lat' dir='ltr'><strong>societate</strong></span> <span class='ocrx_word' id='word_1_770' title='bbox 2951 4292 3258 4365; x_wconf 83' lang='lat' dir='ltr'><strong>colligatur.</strong></span> <span class='ocrx_word' id='word_1_771' title='bbox 3315 4292 3438 4360; x_wconf 67' lang='lat' dir='ltr'><strong>Quae</strong></span> <span class='ocrx_word' id='word_1_772' title='bbox 3485 4303 3571 4360; x_wconf 86' lang='lat' dir='ltr'><strong>per</strong></span> <span class='ocrx_word' id='word_1_773' title='bbox 3609 4280 3798 4350; x_wconf 53' lang='lat' dir='ltr'><strong>malis“</strong></span> 
     </span>
    </p>
   </div>
   <div class='ocr_carea' id='block_1_103' title="bbox 2322 4368 3800 4457">
    <p class='ocr_par' dir='ltr' id='par_1_103' title="bbox 2322 4368 3800 4457">
     <span class='ocr_line' id='line_1_103' title="bbox 2322 4368 3800 4457; baseline -0.014 -17"><span class='ocrx_word' id='word_1_774' title='bbox 2322 4372 2544 4456; x_wconf 82' lang='lat' dir='ltr'><strong>spiritus</strong></span> <span class='ocrx_word' id='word_1_775' title='bbox 2573 4384 2625 4440; x_wconf 93' lang='lat' dir='ltr'><strong>in</strong></span> <span class='ocrx_word' id='word_1_776' title='bbox 2668 4384 2880 4441; x_wconf 85' lang='lat' dir='ltr'><strong>inferno</strong></span> <span class='ocrx_word' id='word_1_777' title='bbox 2915 4386 3241 4451; x_wconf 86' lang='lat' dir='ltr'><strong>retruditur,</strong></span> <span class='ocrx_word' id='word_1_778' title='bbox 3276 4395 3540 4457; x_wconf 88' lang='lat' dir='ltr'><strong>quousque</strong></span> <span class='ocrx_word' id='word_1_779' title='bbox 3560 4373 3707 4449; x_wconf 73' lang='lat' dir='ltr'><strong>iudicii</strong></span> <span class='ocrx_word' id='word_1_780' title='bbox 3724 4368 3800 4422; x_wconf 78' lang='lat' dir='ltr'><strong>dies</strong></span> 
     </span>
    </p>
   </div>
   <div class='ocr_carea' id='block_1_104' title="bbox 2320 4460 3798 4551">
    <p class='ocr_par' dir='ltr' id='par_1_104' title="bbox 2320 4460 3798 4551">
     <span class='ocr_line' id='line_1_104' title="bbox 2320 4460 3798 4551; baseline -0.007 -20"><span class='ocrx_word' id='word_1_781' title='bbox 2320 4464 2527 4543; x_wconf 82' lang='lat' dir='ltr'><strong>veniat,</strong></span> <span class='ocrx_word' id='word_1_782' title='bbox 2558 4491 2625 4533; x_wconf 79' lang='lat' dir='ltr'><strong>ex</strong></span> <span class='ocrx_word' id='word_1_783' title='bbox 2670 4493 2777 4550; x_wconf 89' lang='lat' dir='ltr'><strong>quo</strong></span> <span class='ocrx_word' id='word_1_784' title='bbox 2798 4476 2914 4551; x_wconf 86' lang='lat' dir='ltr'><strong>jam</strong></span> <span class='ocrx_word' id='word_1_785' title='bbox 2944 4476 3000 4534; x_wconf 88' lang='lat' dir='ltr'><strong>in</strong></span> <span class='ocrx_word' id='word_1_786' title='bbox 3030 4476 3226 4535; x_wconf 76' lang='lat' dir='ltr'><strong>inferni</strong></span> <span class='ocrx_word' id='word_1_787' title='bbox 3258 4480 3464 4549; x_wconf 86' lang='lat' dir='ltr'><strong>ignibus</strong></span> <span class='ocrx_word' id='word_1_788' title='bbox 3500 4469 3698 4530; x_wconf 84' lang='lat' dir='ltr'><strong>simulet</strong></span> <span class='ocrx_word' id='word_1_789' title='bbox 3725 4460 3798 4532; x_wconf 72' lang='grc' dir='ltr'><strong>Ιρσι</strong></span> 
     </span>
    </p>
   </div>
   <div class='ocr_carea' id='block_1_105' title="bbox 2322 4570 3541 4626">
    <p class='ocr_par' dir='ltr' id='par_1_105' title="bbox 2322 4570 3541 4626">
     <span class='ocr_line' id='line_1_105' title="bbox 2322 4570 3541 4626; baseline 0 -1"><span class='ocrx_word' id='word_1_790' title='bbox 2322 4570 2615 4626; x_wconf 79' lang='lat' dir='ltr'><strong>crucietur.</strong></span> <span class='ocrx_word' id='word_1_791' title='bbox 2650 4588 2667 4623; x_wconf 80' lang='grc'><strong>»</strong></span> <span class='ocrx_word' id='word_1_792' title='bbox 3538 4596 3541 4599; x_wconf 94' lang='grc'><strong>-</strong></span> 
     </span>
    </p>
   </div>
   <div class='ocr_carea' id='block_1_106' title="bbox 2391 4653 3798 4735">
    <p class='ocr_par' dir='ltr' id='par_1_106' title="bbox 2391 4653 3798 4735">
     <span class='ocr_line' id='line_1_106' title="bbox 2391 4653 3798 4735; baseline -0.012 -11"><span class='ocrx_word' id='word_1_793' title='bbox 2391 4663 2472 4719; x_wconf 75' lang='lat' dir='ltr'><strong>Ad</strong></span> <span class='ocrx_word' id='word_1_794' title='bbox 2507 4662 2649 4734; x_wconf 84' lang='lat' dir='ltr'><strong>quod</strong></span> <span class='ocrx_word' id='word_1_795' title='bbox 2679 4664 2783 4721; x_wconf 87' lang='lat' dir='ltr'><strong>diei</strong></span> <span class='ocrx_word' id='word_1_796' title='bbox 2808 4664 3071 4735; x_wconf 84' lang='lat' dir='ltr'><strong>judicium</strong></span> <span class='ocrx_word' id='word_1_797' title='bbox 3095 4665 3278 4720; x_wconf 85' lang='lat' dir='ltr'><strong>veniet</strong></span> <span class='ocrx_word' id='word_1_798' title='bbox 3300 4662 3405 4726; x_wconf 73' lang='lat' dir='ltr'><strong>ille,</strong></span> <span class='ocrx_word' id='word_1_799' title='bbox 3426 4656 3513 4732; x_wconf 72' lang='lat' dir='ltr'><strong>qui</strong></span> <span class='ocrx_word' id='word_1_800' title='bbox 3533 4654 3714 4711; x_wconf 75' lang='lat' dir='ltr'><strong>adventu</strong></span> <span class='ocrx_word' id='word_1_801' title='bbox 3733 4653 3798 4699; x_wconf 72' lang='grc' dir='ltr'><strong>θιο</strong></span> 
     </span>
    </p>
   </div>
   <div class='ocr_carea' id='block_1_107' title="bbox 2320 4742 3796 4827">
    <p class='ocr_par' dir='ltr' id='par_1_107' title="bbox 2320 4742 3796 4827">
     <span class='ocr_line' id='line_1_107' title="bbox 2320 4742 3796 4827; baseline -0.012 -16"><span class='ocrx_word' id='word_1_802' title='bbox 2320 4753 2589 4811; x_wconf 87' lang='lat' dir='ltr'><strong>elementa</strong></span> <span class='ocrx_word' id='word_1_803' title='bbox 2617 4756 2877 4822; x_wconf 88' lang='lat' dir='ltr'><strong>concutit,</strong></span> <span class='ocrx_word' id='word_1_804' title='bbox 2920 4757 2975 4812; x_wconf 93' lang='lat' dir='ltr'><strong>in</strong></span> <span class='ocrx_word' id='word_1_805' title='bbox 3022 4756 3179 4827; x_wconf 90' lang='lat' dir='ltr'><strong>cujus</strong></span> <span class='ocrx_word' id='word_1_806' title='bbox 3219 4758 3498 4824; x_wconf 86' lang='lat' dir='ltr'><strong>conspectu</strong></span> <span class='ocrx_word' id='word_1_807' title='bbox 3538 4742 3796 4801; x_wconf 78' lang='grc' dir='ltr'><strong>οωιυωωι</strong></span> 
     </span>
    </p>
   </div>
   <div class='ocr_carea' id='block_1_108' title="bbox 2322 4830 3794 4920">
    <p class='ocr_par' dir='ltr' id='par_1_108' title="bbox 2322 4830 3794 4920">
     <span class='ocr_line' id='line_1_108' title="bbox 2322 4830 3794 4920; baseline -0.012 -17"><span class='ocrx_word' id='word_1_808' title='bbox 2322 4856 2466 4904; x_wconf 92' lang='lat' dir='ltr'><strong>terra</strong></span> <span class='ocrx_word' id='word_1_809' title='bbox 2494 4848 2867 4906; x_wconf 89' lang='lat' dir='ltr'><strong>contremiscit</strong></span> <span class='ocrx_word' id='word_1_810' title='bbox 2898 4863 2914 4903; x_wconf 88' lang='lat'><strong>:</strong></span> <span class='ocrx_word' id='word_1_811' title='bbox 2946 4849 3089 4904; x_wconf 89' lang='lat' dir='ltr'><strong>unde</strong></span> <span class='ocrx_word' id='word_1_812' title='bbox 3114 4854 3171 4904; x_wconf 90' lang='lat' dir='ltr'><strong>et</strong></span> <span class='ocrx_word' id='word_1_813' title='bbox 3199 4863 3297 4920; x_wconf 89' lang='lat' dir='ltr'><strong>per</strong></span> <span class='ocrx_word' id='word_1_814' title='bbox 3319 4843 3605 4920; x_wconf 84' lang='lat' dir='ltr'><strong>prophetam</strong></span> <span class='ocrx_word' id='word_1_815' title='bbox 3628 4830 3794 4920; x_wconf 58' lang='lat' dir='ltr'><strong>diciturf</strong></span> 
     </span>
    </p>
   </div>
   <div class='ocr_carea' id='block_1_109' title="bbox 2324 4911 3794 5011">
    <p class='ocr_par' dir='ltr' id='par_1_109' title="bbox 2324 4911 3794 5011">
     <span class='ocr_line' id='line_1_109' title="bbox 2324 4911 3794 5011; baseline -0.01 -16"><span class='ocrx_word' id='word_1_816' title='bbox 2324 4941 2509 4995; x_wconf 79' lang='lat' dir='ltr'><strong>Adhuc</strong></span> <span class='ocrx_word' id='word_1_817' title='bbox 2549 4940 2726 5008; x_wconf 88' lang='lat' dir='ltr'><strong>semel,</strong></span> <span class='ocrx_word' id='word_1_818' title='bbox 2762 4950 2808 4995; x_wconf 88' lang='lat' dir='ltr'><strong>et</strong></span> <span class='ocrx_word' id='word_1_819' title='bbox 2837 4958 2929 5011; x_wconf 83' lang='lat' dir='ltr'><strong>ego</strong></span> <span class='ocrx_word' id='word_1_820' title='bbox 2969 4940 3177 4995; x_wconf 83' lang='lat' dir='ltr'><strong>movebo</strong></span> <span class='ocrx_word' id='word_1_821' title='bbox 3200 4911 3335 4994; x_wconf 46' lang='lat' dir='ltr'><strong>non.</strong></span> <span class='ocrx_word' id='word_1_822' title='bbox 3354 4911 3510 4993; x_wconf 78' lang='lat' dir='ltr'><strong>solum</strong></span> <span class='ocrx_word' id='word_1_823' title='bbox 3541 4938 3707 4983; x_wconf 69' lang='lat' dir='ltr'><strong>terram.</strong></span> <span class='ocrx_word' id='word_1_824' title='bbox 3735 4911 3794 4971; x_wconf 63' lang='grc' dir='ltr'><em>αδ</em></span> 
     </span>
    </p>
   </div>
   <div class='ocr_carea' id='block_1_110' title="bbox 2324 5017 3795 5105">
    <p class='ocr_par' dir='ltr' id='par_1_110' title="bbox 2324 5017 3795 5105">
     <span class='ocr_line' id='line_1_110' title="bbox 2324 5017 3795 5105; baseline -0.007 -18"><span class='ocrx_word' id='word_1_825' title='bbox 2324 5034 2479 5088; x_wconf 87' lang='lat' dir='ltr'><strong>etiam</strong></span> <span class='ocrx_word' id='word_1_826' title='bbox 2531 5032 2715 5087; x_wconf 67' lang='lat' dir='ltr'><strong>castum</strong></span> <span class='ocrx_word' id='word_1_827' title='bbox 2759 5032 2911 5105; x_wconf 79' lang='lat' dir='ltr'><strong>(Agg.</strong></span> <span class='ocrx_word' id='word_1_828' title='bbox 2939 5050 2999 5097; x_wconf 87' lang='lat' dir='ltr'><strong>tt,</strong></span> <span class='ocrx_word' id='word_1_829' title='bbox 3023 5032 3135 5105; x_wconf 70' lang='lat'><strong>22).</strong></span> <span class='ocrx_word' id='word_1_830' title='bbox 3183 5032 3260 5087; x_wconf 81' lang='lat' dir='ltr'><strong>Ad</strong></span> <span class='ocrx_word' id='word_1_831' title='bbox 3298 5029 3443 5099; x_wconf 80' lang='lat' dir='ltr'><strong>cujus</strong></span> <span class='ocrx_word' id='word_1_832' title='bbox 3476 5032 3666 5080; x_wconf 75' lang='lat' dir='ltr'><strong>examen</strong></span> 
     </span>
    </p>
   </div>
   <div class='ocr_carea' id='block_1_111' title="bbox 2325 5096 3792 5195">
    <p class='ocr_par' dir='ltr' id='par_1_111' title="bbox 2325 5096 3792 5195">
     <span class='ocr_line' id='line_1_111' title="bbox 2325 5096 3792 5195; baseline -0.013 -16"><span class='ocrx_word' id='word_1_833' title='bbox 2325 5124 2620 5179; x_wconf 90' lang='lat' dir='ltr'><strong>humanum</strong></span> <span class='ocrx_word' id='word_1_834' title='bbox 2657 5096 3158 5195; x_wconf 47' lang='lat' dir='ltr'><strong>gennsvdeducitur.</strong></span> <span class='ocrx_word' id='word_1_835' title='bbox 3191 5123 3287 5177; x_wconf 87' lang='lat' dir='ltr'><strong>Cui</strong></span> <span class='ocrx_word' id='word_1_836' title='bbox 3312 5096 3377 5175; x_wconf 85' lang='lat' dir='ltr'><strong>ad</strong></span> <span class='ocrx_word' id='word_1_837' title='bbox 3402 5115 3652 5173; x_wconf 82' lang='lat' dir='ltr'><strong>vindictam</strong></span> 
     </span>
    </p>
   </div>
   <div class='ocr_carea' id='block_1_112' title="bbox 2304 5188 3792 5285">
    <p class='ocr_par' dir='ltr' id='par_1_112' title="bbox 2304 5188 3792 5285">
     <span class='ocr_line' id='line_1_112' title="bbox 2304 5188 3792 5285; baseline -0.004 -15"><span class='ocrx_word' id='word_1_838' title='bbox 2304 5224 2463 5281; x_wconf 92' lang='lat' dir='ltr'><strong>&#39;rum,</strong></span> <span class='ocrx_word' id='word_1_839' title='bbox 2490 5214 3096 5285; x_wconf 89' lang='lat' dir='ltr'><strong>remunerationemque</strong></span> <span class='ocrx_word' id='word_1_840' title='bbox 3123 5215 3405 5274; x_wconf 87' lang='lat' dir='ltr'><strong>bonorum,</strong></span> <span class='ocrx_word' id='word_1_841' title='bbox 3436 5202 3604 5277; x_wconf 69' lang='lat' dir='ltr'><strong>angeli.</strong></span> <span class='ocrx_word' id='word_1_842' title='bbox 3630 5188 3792 5252; x_wconf 51' lang='lat' dir='ltr'><strong>“id”</strong></span> 
     </span>
    </p>
   </div>
   <div class='ocr_carea' id='block_1_113' title="bbox 2321 5290 3791 5380">
    <p class='ocr_par' dir='ltr' id='par_1_113' title="bbox 2321 5290 3791 5380">
     <span class='ocr_line' id='line_1_113' title="bbox 2321 5290 3791 5380; baseline -0.026 -1"><span class='ocrx_word' id='word_1_843' title='bbox 2321 5306 2447 5380; x_wconf 68' lang='lat' dir='ltr'><strong>se“.</strong></span> <span class='ocrx_word' id='word_1_844' title='bbox 2482 5306 2678 5369; x_wconf 70' lang='lat' dir='ltr'><strong>thl‘oni,</strong></span> <span class='ocrx_word' id='word_1_845' title='bbox 2715 5305 3050 5377; x_wconf 90' lang='lat' dir='ltr'><strong>principatus</strong></span> <span class='ocrx_word' id='word_1_846' title='bbox 3083 5314 3140 5361; x_wconf 89' lang='lat' dir='ltr'><strong>et</strong></span> <span class='ocrx_word' id='word_1_847' title='bbox 3175 5300 3542 5361; x_wconf 86' lang='lat' dir='ltr'><strong>dominationes</strong></span> <span class='ocrx_word' id='word_1_848' title='bbox 3568 5290 3791 5380; x_wconf 42' lang='lat' dir='ltr'><strong>obsequor</strong></span> 
     </span>
    </p>
   </div>
   <div class='ocr_carea' id='block_1_114' title="bbox 2325 5376 3789 5467">
    <p class='ocr_par' dir='ltr' id='par_1_114' title="bbox 2325 5376 3789 5467">
     <span class='ocr_line' id='line_1_114' title="bbox 2325 5376 3789 5467; baseline -0.005 -12"><span class='ocrx_word' id='word_1_849' title='bbox 2325 5376 2432 5456; x_wconf 66' lang='lat' dir='ltr'><strong>iur.</strong></span> <span class='ocrx_word' id='word_1_850' title='bbox 2475 5376 2727 5467; x_wconf 84' lang='lat' dir='ltr'><strong>Pensate,</strong></span> <span class='ocrx_word' id='word_1_851' title='bbox 2769 5398 2969 5454; x_wconf 81' lang='lat' dir='ltr'><strong>fratres</strong></span> <span class='ocrx_word' id='word_1_852' title='bbox 2999 5395 3339 5459; x_wconf 87' lang='lat' dir='ltr'><strong>charissimi,</strong></span> <span class='ocrx_word' id='word_1_853' title='bbox 3384 5398 3499 5447; x_wconf 81' lang='lat' dir='ltr'><strong>ante</strong></span> <span class='ocrx_word' id='word_1_854' title='bbox 3528 5376 3789 5467; x_wconf 29' lang='lat' dir='ltr'><strong>collidi“?Il</strong></span> 
     </span>
    </p>
   </div>
   <div class='ocr_carea' id='block_1_115' title="bbox 2323 5458 3787 5565">
    <p class='ocr_par' dir='ltr' id='par_1_115' title="bbox 2323 5458 3787 5565">
     <span class='ocr_line' id='line_1_115' title="bbox 2323 5458 3787 5565; baseline 0.005 -16"><span class='ocrx_word' id='word_1_855' title='bbox 2323 5493 2460 5549; x_wconf 89' lang='lat' dir='ltr'><strong>tanti</strong></span> <span class='ocrx_word' id='word_1_856' title='bbox 2488 5493 2687 5565; x_wconf 90' lang='lat' dir='ltr'><strong>judicis</strong></span> <span class='ocrx_word' id='word_1_857' title='bbox 2714 5458 2806 5563; x_wconf 78' lang='lat' dir='ltr'><strong>qui</strong></span> <span class='ocrx_word' id='word_1_858' title='bbox 2841 5493 2895 5549; x_wconf 91' lang='lat' dir='ltr'><strong>in</strong></span> <span class='ocrx_word' id='word_1_859' title='bbox 2919 5490 3008 5547; x_wconf 92' lang='lat' dir='ltr'><strong>illo</strong></span> <span class='ocrx_word' id='word_1_860' title='bbox 3033 5491 3120 5548; x_wconf 90' lang='lat' dir='ltr'><strong>die</strong></span> <span class='ocrx_word' id='word_1_861' title='bbox 3143 5500 3321 5546; x_wconf 87' lang='lat' dir='ltr'><strong>terror</strong></span> <span class='ocrx_word' id='word_1_862' title='bbox 3334 5486 3446 5548; x_wconf 76' lang='lat' dir='ltr'><strong>erit.</strong></span> <span class='ocrx_word' id='word_1_863' title='bbox 3463 5458 3787 5565; x_wconf 48' lang='grc' dir='ltr'><strong>(ισαηάοῖωῗ</strong></span> 
     </span>
    </p>
   </div>
   <div class='ocr_carea' id='block_1_116' title="bbox 2320 5562 3785 5663">
    <p class='ocr_par' dir='ltr' id='par_1_116' title="bbox 2320 5562 3785 5663">
     <span class='ocr_line' id='line_1_116' title="bbox 2320 5562 3785 5663; baseline -0.017 -14"><span class='ocrx_word' id='word_1_864' title='bbox 2320 5604 2478 5663; x_wconf 73' lang='lat' dir='ltr'><strong>ptena</strong></span> <span class='ocrx_word' id='word_1_865' title='bbox 2491 5562 2790 5646; x_wconf 80' lang='lat' dir='ltr'><strong>remedium</strong></span> <span class='ocrx_word' id='word_1_866' title='bbox 2808 5606 2913 5646; x_wconf 92' lang='lat' dir='ltr'><strong>non</strong></span> <span class='ocrx_word' id='word_1_867' title='bbox 2940 5589 3062 5644; x_wconf 89' lang='lat' dir='ltr'><strong>erit.</strong></span> <span class='ocrx_word' id='word_1_868' title='bbox 3090 5587 3220 5655; x_wconf 71' lang='lat' dir='ltr'><strong>Quae</strong></span> <span class='ocrx_word' id='word_1_869' title='bbox 3243 5585 3330 5642; x_wconf 83' lang='lat' dir='ltr'><strong>illa</strong></span> <span class='ocrx_word' id='word_1_870' title='bbox 3351 5562 3785 5663; x_wconf 51' lang='lat' dir='ltr'><strong>conlusimcuitﬂl&#39;</strong></span> 
     </span>
    </p>
   </div>
   <div class='ocr_carea' id='block_1_117' title="bbox 2319 5648 3783 5756">
    <p class='ocr_par' dir='ltr' id='par_1_117' title="bbox 2319 5648 3783 5756">
     <span class='ocr_line' id='line_1_117' title="bbox 2319 5648 3783 5756; baseline -0.017 -16"><span class='ocrx_word' id='word_1_871' title='bbox 2319 5648 2419 5740; x_wconf 75' lang='lat' dir='ltr'><strong>suo</strong></span> <span class='ocrx_word' id='word_1_872' title='bbox 2445 5684 2693 5756; x_wconf 77' lang='lat' dir='ltr'><strong>exigente</strong></span> <span class='ocrx_word' id='word_1_873' title='bbox 2713 5682 2978 5754; x_wconf 85' lang='lat' dir='ltr'><strong>contingit</strong></span> <span class='ocrx_word' id='word_1_874' title='bbox 3005 5681 3059 5737; x_wconf 91' lang='lat' dir='ltr'><strong>in</strong></span> <span class='ocrx_word' id='word_1_875' title='bbox 3076 5687 3334 5737; x_wconf 86' lang='lat' dir='ltr'><strong>conventu</strong></span> <span class='ocrx_word' id='word_1_876' title='bbox 3354 5671 3565 5732; x_wconf 86' lang='lat' dir='ltr'><strong>omnium</strong></span> <span class='ocrx_word' id='word_1_877' title='bbox 3585 5648 3783 5756; x_wconf 51' lang='grc' dir='ltr'><strong>δοωίξπξ</strong></span> 
     </span>
    </p>
   </div>
   <div class='ocr_carea' id='block_1_118' title="bbox 2298 5739 3783 5850">
    <p class='ocr_par' dir='ltr' id='par_1_118' title="bbox 2298 5739 3783 5850">
     <span class='ocr_line' id='line_1_118' title="bbox 2298 5739 3783 5850; baseline -0.009 -16"><span class='ocrx_word' id='word_1_878' title='bbox 2298 5739 2741 5850; x_wconf 58' lang='lat' dir='ltr'><strong>angelorumque</strong></span> <span class='ocrx_word' id='word_1_879' title='bbox 2768 5739 3092 5830; x_wconf 49' lang='lat' dir='ltr'><strong>erubitscere</strong></span> <span class='ocrx_word' id='word_1_880' title='bbox 3124 5790 3136 5828; x_wconf 90' lang='lat'><strong>:</strong></span> <span class='ocrx_word' id='word_1_881' title='bbox 3167 5770 3257 5845; x_wconf 91' lang='lat' dir='ltr'><strong>qui</strong></span> <span class='ocrx_word' id='word_1_882' title='bbox 3281 5778 3438 5843; x_wconf 84' lang='lat' dir='ltr'><strong>pavor</strong></span> <span class='ocrx_word' id='word_1_883' title='bbox 3460 5769 3585 5821; x_wconf 71' lang='lat' dir='ltr'><strong>eum.</strong></span> <span class='ocrx_word' id='word_1_884' title='bbox 3605 5753 3724 5821; x_wconf 57' lang='grc' dir='ltr'><strong>Μ</strong></span> <span class='ocrx_word' id='word_1_885' title='bbox 3745 5739 3783 5789; x_wconf 67' lang='grc'><strong>⁸</strong></span> 
     </span>
    </p>
   </div>
  </div>
