4006 6338
170 326 282 384 895

1333 317 1420 372 DE
1459 312 1803 372 CAVENDIS
1840 312 2061 383 VlTllS,
2103 317 2254 376 ETC.

3324 319 3430 380 894

144 438 510 513 tranquillum
553 449 709 493 mens
745 434 982 491 humana
1020 430 1215 503 capere
1246 443 1353 484 non
1389 427 1548 492 valet.
1575 426 1740 482 etiam
1772 426 1818 485 A
1847 431 2180 498 M'trinatur,
2210 432 2335 502 quia
2366 441 2648 504 susceptos
2689 432 2957 489 stabiliter
3004 441 3173 502 tenet,
3200 442 3254 492 et
3277 433 3429 493 lacus

144 535 359 589 iratum
402 529 611 608 videre.
652 528 825 596 Quem
874 525 1016 582 diem
1053 524 1193 579 bene
1236 522 1455 577 intuens
1484 519 1746 589 propheta

141 625 233 682 ait
266 643 283 680 :
314 624 440 680 οἱα
462 623 576 688 illa,
602 621 715 676 dies
739 621 851 684 irae,
878 618 988 672 dies
1010 614 1364 670 tribulationis
1388 621 1436 666 et
1467 610 1746 680 angustiis,

142 718 270 772 dies
290 713 610 771 calamitatis
645 720 692 766 et
721 710 968 775 miserim,
1009 707 1120 762 dies
1156 704 1487 760 tenebrarum
1529 711 1577 756 et
1615 698 1751 753 cali-

141 808 294 879 ginis
314 848 330 874 ,
372 807 482 862 dies
522 803 724 859 nebula:
754 812 802 857 et
838 799 1079 857 turbinis.
1110 798 1220 851 dies
1248 795 1385 850 tubae
1412 802 1461 849 et
1485 789 1751 861 elangsris

145 898 349 971 (Soph.
383 913 422 963 I,
452 896 564 967 15).
614 894 845 950 Peusate
871 932 887 958 ,
916 890 1117 945 fratres
1141 884 1481 947 charissimi,
1519 879 1755 937 extremi

147 991 303 1046 diem
331 987 521 1058 iudicii
547 1000 712 1057 super
740 983 905 1040 corda
935 979 1290 1052 reproborum
1318 991 1424 1046 qua
1456 973 1754 1042 asperitate

143 1081 425 1152 propheta
456 1077 592 1134 vidit
618 1088 977 1137 ataarescere,
1003 1086 1167 1143 quem
1194 1078 1275 1125 tot
1303 1062 1755 1139 appellationibus

147 1187 266 1226 non
292 1170 441 1226 valet
466 1169 756 1241 eitplicare.
780 1168 991 1236 Quanta
1012 1179 1149 1220 vero
1169 1174 1299 1218 tunc
1325 1160 1432 1215 erit
1452 1159 1751 1214 electorum

146 1268 382 1334 ltetitia,
412 1268 502 1337 qui
534 1269 600 1323 de
640 1267 758 1338 eius
804 1263 1010 1320 visione
1049 1267 1329 1317 merentur
1366 1257 1603 1327 gaudere
1625 1296 1639 1320 ,
1687 1254 1755 1310 de

149 1363 317 1434 cuius
346 1368 634 1430 conspectu
663 1358 844 1413 vident
885 1364 942 1411 et
977 1354 1243 1410 elementa
1281 1348 1703 1405 contremiscere
1735 1359 1750 1397 :

152 1433 284 1512 cum
336 1467 402 1508 eo
451 1449 613 1507 simul
660 1449 729 1503 ad
781 1446 996 1517 nuptias
1038 1446 1273 1507 intrare,
1322 1441 1415 1510 qui
1462 1440 1516 1493 in
1566 1433 1755 1507 sponsi

150 1545 365 1615 nuptiis
403 1541 662 1613 gaudent,
694 1547 749 1595 et
780 1549 959 1615 tamen
982 1537 1084 1607 ipsi
1118 1543 1244 1590 sunt
1284 1547 1504 1603 sponsa,
1532 1528 1660 1598 quia
1696 1526 1752 1580 in

151 1614 254 1691 illo
279 1633 470 1689 aeterni
511 1631 663 1703 regni
696 1614 955 1694 thalamo,
988 1626 1181 1682 visioni
1213 1633 1412 1678 nostrae
1451 1620 1594 1674 Deus
1621 1632 1755 1673 oon-

144 1729 403 1801 jungitur
432 1743 445 1779 :
474 1740 597 1796 quze
627 1722 835 1778 scilicet
858 1720 997 1777 visio
1030 1731 1305 1787 nunquam
1336 1713 1445 1785 iam
1480 1714 1533 1768 iu
1560 1725 1755 1783 perpev

1851 523 2063 585 dicitur,
2098 524 2224 592 quia
2266 524 2366 579 hos
2418 538 2555 593 quos
2604 524 2772 581 semel
2818 525 3029 596 ceperit
3075 539 3291 597 semper
3332 525 3433 580 llu-

1851 624 2099 671 ctuantes
2127 622 2181 669 et
2210 616 2451 686 trepidos
2490 616 2777 671 tormentis
2802 615 3308 673 circumﬂuentibus
3333 617 3434 672 ab-

1850 707 2051 761 sorbet.
2096 705 2329 761 Sanctus
2374 714 2551 761 autem
2595 707 2699 771 vir,
2740 706 2855 763 sive
2900 722 3020 773 sua,
3072 721 3165 763 seu
3207 705 3433 763 humani

1850 799 2067 870 generis
2108 812 2244 853 voce
2293 797 2490 853 dimitti
2534 812 2594 853 se
2639 799 2876 869 postulat
2925 809 3217 869 antequam
3248 800 3432 865 vadat,

1853 905 1959 944 non
1992 890 2116 959 quia
2157 889 2225 944 ad
2253 896 2453 945 terram
2494 891 2838 945 tenebrosam
2875 892 2967 962 qui
3016 890 3230 963 culpam
3274 890 3435 946 deflet

1854 986 2030 1040 iturus
2057 996 2162 1049 est,
2190 984 2285 1041 sed
2319 985 2446 1054 quia
2490 984 2557 1039 ad
2590 984 2731 1040 hanc
2754 984 2940 1056 procul
2964 984 3129 1041 dubio
3155 985 3247 1055 qui
3278 984 3433 1056 plan-

1854 1095 1983 1152 gere
2034 1080 2256 1153 negligit
2302 1081 2485 1135 vadat.
2552 1079 2705 1136 Sicut
2750 1081 2985 1137 debitori
3058 1095 3157 1137 suo
3200 1080 3438 1137 creditor

1855 1173 2028 1228 dicit:
2079 1172 2242 1228 S‘olve
2288 1172 2529 1228 debitum
2572 1172 2891 1243 priusquam
2942 1186 3043 1243 pro
3096 1171 3276 1228 debito
3299 1187 3435 1229 con-

1856 1265 2174 1335 stringaris:
2198 1263 2292 1334 qui
2320 1272 2501 1320 tamen
2522 1263 2931 1334 constringitur,
2958 1264 3049 1335 qui
3074 1263 3218 1334 quod
3245 1263 3441 1319 debeat

1856 1355 2066 1411 solvere
2095 1370 2205 1411 non
2237 1363 2498 1409 moratur.
2547 1352 2649 1410 Ubi
2682 1362 2741 1410 et
2780 1363 2927 1409 recte
2970 1352 3262 1409 subditur:
3306 1352 3433 1408 Non

1857 1456 2104 1511 revertar,
2152 1444 2276 1515 quia
2303 1444 2660 1516 {nequaquam
2693 1445 2835 1499 ultra
2887 1443 3260 1499 misericordia
3308 1458 3439 1512 par-

1857 1541 2031 1595 centis
2073 1539 2268 1595 liberat
2308 1554 2445 1610 quos
2494 1539 2660 1594 semel
2692 1539 2745 1594 in
2778 1538 2910 1595 locis
2938 1537 3246 1610 poenalibus
3271 1536 3437 1606 iusti-

1862 1633 2252 1702 tiaiudicantis
2305 1634 2543 1689 damnat.
2607 1632 2738 1700 Quae
2792 1632 2971 1687 adhuc
3014 1630 3264 1686 subtilius
3320 1629 3441 1684 loca

1860 1727 2251 1783 describuntur
2281 1742 2403 1782 cum
2437 1726 2656 1792 dicitur,
2705 1737 2901 1781 terram
2941 1725 3167 1779 miseria?
3205 1732 3252 1779 et
3294 1731 3443 1777 tene-

151 1795 315 1878 tuuin
338 1819 408 1875 ab
427 1795 629 1873 amoris
650 1816 732 1870 sui
757 1813 1097 1884 amplexibus
1117 1805 1574 1865 evellatur.Tunc
1596 1800 1748 1873 regni
1783 1795 1827 1856 Β
1858 1822 2069 1875 bmmm
2137 1818 2275 1891 (αφ,
2339 1817 2450 1890 64).
2511 1815 2725 1873 Miseria
2777 1816 2843 1872 ad
2890 1813 3136 1872 dolorem
3182 1811 3442 1883 pertinet,

143 1911 325 1982 ianua
355 1908 660 1980 lugentibus
703 1904 995 1969 clauditur,
1023 1916 1143 1971 quae
1177 1898 1339 1954 modo
1366 1892 1609 1966 quotidie
1634 1903 1752 1962 pce-

1857 1911 2097 1966 teuebrzze
2122 1909 2188 1963 ad
2224 1907 2542 1964 caecitatem.
2572 1907 2649 1961 Ea
2682 1922 2804 1977 qua:
2830 1920 2863 1960 a
2891 1911 3182 1975 conspectu
3208 1900 3443 1957 districti

152 1981 462 2059 nitentibus
512 1997 773 2069 aperitur.
819 1995 939 2049 Erit
978 2004 1213 2062 namque
1250 1997 1378 2044 tunc
1406 1981 1753 2058 poenitentia,

1865 2000 2050 2067 iudicis
2076 1997 2331 2069 expulsos
2355 2004 2523 2061 tenet,
2563 1995 2796 2051 miseriae
2820 2003 2875 2049 et
2918 1994 3270 2050 tenebrarum
3293 1998 3444 2046 terra

150 2096 256 2152 sed
288 2092 563 2147 fructuosa
602 2088 718 2160 iam
756 2102 864 2141 non
897 2084 1005 2141 erit
1027 2123 1041 2149 ,
1086 2082 1214 2153 quia
1252 2090 1596 2149 nequaquam
1626 2082 1754 2127 tunc

154 2188 384 2243 veniam
431 2183 679 2249 invenit,
736 2180 829 2251 qui
889 2180 1049 2234 modo
1093 2186 1277 2247 aptum
1324 2172 1496 2227 venite
1543 2178 1760 2236 tempus

152 2280 359 2355 perdit.
407 2276 542 2333 Hinc
568 2276 714 2331 enim
744 2272 944 2328 Paulus
972 2270 1103 2325 dicit
1139 2287 1151 2322 :
1188 2266 1323 2321 Ecce
1370 2279 1507 2320 nunc
1554 2272 1755 2329 tempus

155 2352 482 2443 acceptabile
511 2411 526 2435 ,
573 2383 689 2423 ecce
735 2382 874 2421 nunc
913 2363 1023 2417 dies
1066 2359 1253 2415 salutis
1306 2354 1391 2429 (II
1413 2355 1536 2411 Cor.
1567 2368 1641 2419 vi,
1671 2352 1751 2423 2).

156 2442 304 2520 Hinc
331 2462 593 2534 propheta
632 2459 708 2513 ait
736 2477 748 2512 :
781 2456 1014 2524 Quwrite
1054 2450 1339 2506 Dominum
1373 2448 1500 2501 dum
1531 2442 1758 2500 inueniri

157 2564 354 2628 potest,
367 2554 600 2608 invocate
619 2566 737 2606 eum
758 2549 882 2603 dum
905 2561 1063 2618 prope
1077 2553 1151 2598 est
1175 2541 1226 2615 (1
1231 2558 1313 2597 sa.
1328 2556 1418 2607 LV,
1432 2538 1507 2610 6).
1523 2538 1756 2594 Cautum

160 2649 335 2721 igitur
366 2661 430 2703 ac
461 2645 752 2702 sollicitum
789 2656 847 2697 se
880 2653 1010 2695 vere
1038 2637 1310 2700 ostendit,
1348 2633 1440 2704 qui
1474 2630 1758 2703 prtesentis

162 2742 543 2805 considerans,
569 2754 677 2793 non
703 2736 821 2808 ejus
839 2750 999 2790 usum
1023 2732 1117 2789 sed
1149 2729 1439 2785 terminum
1465 2722 1755 2794 conspicit,

160 2844 223 2890 ut
250 2849 321 2890 ex
354 2832 463 2888 line
482 2830 699 2901 colligat
724 2827 854 2883 nihil
885 2840 1009 2883 esse
1033 2823 1179 2895 quod
1204 2822 1477 2877 transiens
1499 2818 1756 2874 delectat.

162 2926 309 2983 Hinc
369 2939 604 2993 namque
650 2937 747 2992 per
796 2919 1146 2975 Salomonem
1207 2914 1443 2970 dicitur:
1506 2911 1566 2967 Si
1605 2909 1759 2964 annis

162 3018 350 3074 multis
388 3016 574 3072 vixerit
622 3015 800 3079 homo,
827 3022 876 3068 et
923 3013 1004 3066 his
1055 3009 1295 3065 omnibus
1335 3007 1544 3061 laetatus
1579 3004 1758 3072 fuerit,

161 3111 467 3169 meminisse
508 3109 655 3165 debet
700 3106 958 3163 tenebrosi
997 3104 1243 3176 temporis
1284 3111 1331 3156 et
1369 3101 1573 3154 dierum
1618 3096 1760 3153 mul-

1857 2094 2193 2166 perltibetur,
2233 2092 2359 2162 quia
2389 2088 2521 2144 foris
2545 2088 2701 2144 dolor
2746 2087 2957 2142 cruciat
3002 2100 3142 2157 quos
3178 2083 3382 2140 divisos
3411 2095 3446 2138 ι

1857 2200 1989 2239 vero
2020 2183 2221 2237 lumine
2249 2182 2395 2236 intus
2425 2180 2648 2235 caecitas
2697 2178 2974 2234 obscurat.
3009 2194 3030 2230 ι
3062 2176 3122 2231 in
3154 2172 3332 2245 cuius'
3352 2170 3447 2228 ad-

1859 2276 1966 2331 huc
2011 2272 2376 2342 descriptione
2407 2270 2771 2341 subiungitur,
2799 2270 2889 2324 ubi
2931 2267 3117 2323 umbra
3162 2267 3347 2323 mortis
3394 2271 3447 2321 et

1860 2368 2036 2423 nullus
2069 2367 2199 2422 ordo
2237 2366 2374 2438 (cap.
2411 2365 2524 2436 65).
2564 2364 2717 2421 Sicut
2741 2378 2889 2419 mors
2909 2361 3150 2419 exterior
3173 2359 3243 2416 ab
3264 2357 3447 2414 anima

1861 2460 2052 2515 dividit
2109 2472 2353 2522 carnem,
2410 2457 2484 2511 ita
2530 2470 2679 2511 mors
2724 2454 2954 2510 interior
2999 2469 3029 2507 a
3076 2453 3189 2509 Deo
3231 2454 3451 2521 separat

1861 2552 2120 2605 animam.
2157 2548 2359 2606 Umbra
2395 2562 2526 2619 ergo
2552 2546 2746 2603 mortis
2773 2556 2858 2602 est
2886 2544 3195 2603 obscuritas
3224 2540 3448 2597 divisio-

1862 2643 1968 2707 nis,
1998 2641 2124 2710 quia
2158 2641 2446 2695 damnatus
2474 2639 2725 2708 quisque,
2769 2652 2892 2693 cum
2919 2644 3125 2691 :eterno
3167 2633 3295 2705 igne
3322 2645 3453 2688 suo-

1864 2734 2132 2796 cenditur,
2195 2731 2264 2786 ab
2312 2731 2527 2785 interno
2580 2729 2783 2785 lumine
2850 2728 3187 2784 tenebratur.
3237 2722 3448 2781 Natura

1863 2839 1991 2879 vero
2018 2823 2158 2895 ignis
2183 2831 2287 2889 est,
2322 2830 2382 2877 ut
2416 2836 2486 2877 ex
2535 2823 2712 2892 seipso
2762 2829 2819 2878 et
2868 2820 3044 2876 lucem
3072 2818 3350 2884 exhibeat,
3393 2822 3453 2873 et

1865 2919 2357 2974 concremationem
2377 2934 2391 2983 ;
2426 2917 2519 2974 sed
2539 2924 2936 2971 transactorum
2950 2913 3039 2971 illa
3054 2913 3217 2969 ultrix
3232 2911 3447 2967 damma

1865 3017 2118 3071 vitiorum
2150 3012 2643 3070 concremationem
2673 3011 2857 3076 habet,
2905 3017 2961 3064 et
3003 3007 3184 3064 lumen
3209 3021 3315 3063 non
3347 3006 3449 3062 ba-

1868 3108 1979 3163 bet.
2010 3108 2144 3163 Hinc
2171 3114 2255 3163 est
2278 3106 2421 3161 enim
2461 3103 2604 3175 quod
2630 3101 2876 3172 reprobls
2906 3099 3122 3157 Veritas
3155 3097 3323 3155 dicit:
3355 3095 3454 3150 Di-

164 3215 381 3266 ιον-απαξ
410 3201 521 3273 qui,
544 3216 664 3254 cum
684 3199 936 3264 venerint,
959 3194 1211 3251 vanitatis
1232 3199 1523 3264 urguentur
1540 3197 1760 3259 praster-

1865 3203 2057 3257 scedite
2078 3217 2109 3255 a
2134 3215 2234 3266 me,
2261 3197 2548 3262 maledicti,
2564 3197 2621 3251 in
2633 3197 2803 3267 ignem
2828 3203 3101 3259 internum,
3123 3191 3214 3264 qui
3234 3197 3453 3262 paratus

163 3295 245 3349 ita
282 3291 496 3366 (Ecele.
530 3306 606 3358 χι,
646 3289 721 3362 8).
773 3286 912 3343 Hinc
956 3300 1148 3342 rursus
1194 3284 1457 3355 scriptum
1512 3287 1639 3335 est:
1693 3276 1764 3333 In

165 3382 409 3440 omnibus
451 3382 691 3452 operibus
737 3379 840 3434 tuis
882 3392 1171 3433 memorare
1222 3374 1500 3429 novissima
1548 3368 1660 3435 tua,
1712 3377 1763 3424 et

164 3479 223 3533 in
274 3485 529 3531 retentum
573 3488 677 3527 non
716 3470 955 3543 peccabis
1003 3468 1194 3541 (Eceli.
1251 3482 1363 3533 vn,
1413 3464 1527 3536 i0).

241 3565 466 3641 (Horul.
497 3566 592 3621 lib.
643 3581 725 3633 ιχ,
765 3580 815 3620 c.
857 3563 972 3636 62.)
1008 3581 1027 3616 ‹
1055 3561 1195 3617 Hinc
1233 3562 1319 3615 vir
1343 3566 1567 3616 sanctus
1606 3554 1765 3626 petiit

166 3658 462 3716 Donrinum
476 3656 663 3713 dicens
680 3674 694 3711 :
710 3655 927 3709 Dimitte
940 3670 1021 3708 me
1033 3662 1088 3707 ut
1112 3651 1361 3723 plangant
1378 3646 1654 3719 paululum
1669 3644 1764 3697 do-

165 3753 339 3830 lerem
352 3765 522 3806 meum
536 3746 659 3821 (Job
674 3766 727 3814 ι,
742 3746 860 3818 ‘20).
879 3745 1015 3813 Quia
1030 3745 1135 3801 nisi
1147 3759 1176 3799 a
1195 3751 1346 3799 reatu
1360 3742 1531 3811 culpa:
1543 3754 1655 3809 quo
1664 3751 1766 3793 nos

165 3828 460 3918 ligavimus
503 3842 929 3900 misericorditer
957 3837 1313 3899 dimittamur,
1365 3832 1606 3905 perfecte
1631 3828 1766 3885 ﬂere

168 3954 281 3997 non
299 3951 587 4012 possumus
607 3937 708 3993 hoc
733 3933 949 4007 quodin
977 3930 1134 3986 nobis
1157 3928 1289 3999 ipsis
1314 3933 1504 3982 contra
1524 3928 1766 3979 nosmet-

168 4011 325 4106 ipsos
350 4031 612 4090 dolemus.
646 4028 754 4086 Sed
797 4032 927 4082 tunc
955 4023 1224 4080 veraciter
1254 4028 1441 4075 reatus
1471 4014 1645 4072 nostri
1670 4011 1765 4068 do-

171 4128 262 4184 lor
282 4125 578 4199 plangitur,
606 4137 729 4180 cum
776 4120 1067 4177 tenebrosa
1109 4115 1200 4171 illa
1240 4112 1436 4169 inferni
1479 4106 1765 4166 retributio

169 4222 385 4279 intento
436 4220 630 4275 timore
672 4212 998 4288 prmvidetur
1055 4212 1194 4285 (cap.
1265 4207 1379 4279 65).
1430 4204 1588 4263 Unde
1641 4209 1766 4275 apte

168 4311 554 4386 subiungitur:
612 4310 906 4382 Antequam
941 4304 1129 4363 nudam
1180 4311 1229 4359 et
1272 4317 1379 4356 non
1426 4306 1656 4353 revertar
1698 4292 1768 4350 ad

168 4420 369 4465 terram
395 4405 719 4461 tenebrosam
741 4414 787 4459 et
824 4410 1056 4475 apertam
1106 4397 1289 4453 mortis
1330 4393 1572 4466 caligine.
1628 4388 1770 4460 Quid

168 4503 319 4559 enim
370 4507 528 4556 terrae
558 4499 774 4555 nomine
816 4495 1134 4558 tenebrosae,
1185 4490 1289 4548 nisi
1323 4488 1609 4545 tenebrosa
1653 4492 1764 4539 tar-

170 4592 277 4648 tari
308 4590 545 4647 claustra
586 4588 908 4661 signantur?
934 4586 1065 4654 Quae
1108 4591 1327 4640 aeternae
1360 4579 1553 4636 mortis
1585 4574 1763 4643 caligo
1790 4548 1847 4611 Ῑ)

170 4684 370 4758 operit,
398 4683 525 4755 quia
548 4682 834 4739 damnatos
861 4693 1105 4751 quosque
1147 4677 1203 4733 in
1222 4662 1561 4746 perpetuum
1592 4684 1622 4724 a
1652 4668 1763 4725 vita

172 4779 314 4838 lucis
339 4777 614 4851 disiungit.
651 4774 761 4831 Nec
789 4774 1063 4830 immerito
1095 4770 1343 4827 infernus
1369 4777 1512 4822 terra
1537 4762 1764 4827 dicitur,

173 4871 305 4945 quia
324 4870 633 4942 quicunque
661 4866 730 4922 ab
752 4878 815 4922 ea
846 4866 988 4936 capti
1017 4863 1239 4927 fuerint,
1272 4859 1541 4916 stabiliter
1567 4865 1765 4913 tenen-

175 4973 285 5021 tur.
316 4960 594 5033 Scriptum
624 4961 822 5031 quippe
849 4966 971 5014 est:
1017 4954 1296 5013 Generatio
1325 4951 1557 5024 prmterit
1598 4960 1647 5004 et
1673 4965 1763 5021 ge-

174 5054 382 5111 neratio
407 5052 636 5119 advenit,
681 5060 821 5105 terra
859 5064 979 5103 vero
1018 5048 1075 5101 in
1115 5056 1367 5101 wternum
1413 5050 1516 5096 stat
1564 5038 1763 5113 (Eccle.

174 5164 215 5215 ι,
242 5145 323 5217 4).
366 5143 535 5201 Recte
576 5143 743 5216 igitur
770 5138 972 5196 inferni
1021 5139 1256 5196 claustra
1298 5134 1586 5193 tenebrosa
1618 5141 1766 5187 terra

172 5237 551 5303 nominantur,
577 5233 701 5305 quia
726 5247 862 5305 quos
886 5230 1203 5304 puniendos
1229 5228 1524 5298 accipiunt,
1556 5241 1768 5297 nequa-

176 5344 343 5400 quam
390 5341 564 5399 poena:
609 5324 940 5381 transitoria:
965 5322 1053 5377 vel
1091 5318 1529 5393 phantasmatica
1583 5320 1771 5392 imagi-

67 5480 77 5487 _
176 5422 402 5479 natione
430 5419 702 5484 cruciant,
730 5417 825 5473 sed
851 5414 1056 5471 ultione
1082 5413 1254 5471 solida
1294 5419 1569 5484 perpetua:
1609 5410 1765 5466 dam-

177 5509 423 5570 nationis
460 5518 700 5567 servant.
731 5507 863 5577 Qua:
903 5505 1194 5575 aliquando
1236 5514 1417 5561 tamen
1459 5503 1565 5559 loci
1596 5501 1774 5574 appel-

178 5603 386 5659 latione
440 5603 706 5674 signatur,
776 5599 1041 5672 propheta
1122 5604 1431 5662 attestante,
1500 5596 1593 5667 qui
1647 5594 1792 5650 ait:

179 5695 533 5752 Portanerunt
557 5694 895 5764 ignominiam
918 5707 1071 5757 suam
1093 5707 1212 5757 cum
1234 5691 1313 5744 his
1336 5690 1424 5760 qui
1453 5688 1773 5742 descendunt

176 5794 232 5857 in
267 5791 446 5847 lacum
471 5786 689 5865 (Each.
739 5802 910 5856 xxxii,
956 5786 1071 5860 24).
1114 5784 1361 5843 infernus
1384 5797 1516 5857 ergo
1542 5793 1597 5838 et
1628 5791 1773 5839 terra

1865 3304 1941 3352 est
1968 3292 2177 3348 diabolo
2216 3300 2266 3347 et
2289 3290 2489 3362 angelis
2518 3290 2635 3360 ejus
2658 3286 2874 3362 (Matth.
2904 3302 3036 3354 xxv,
3065 3283 3178 3357 41).
3209 3282 3451 3350 Quorum

1866 3405 2053 3446 rursus
2074 3388 2316 3443 omnium
2359 3400 2555 3456 corpus
2584 3384 2647 3457 in.
2669 3382 2829 3437 unius
2872 3392 3103 3452 persona
3141 3375 3455 3450 signiﬁcans

1865 3486 1975 3539 ait:
2014 3483 2196 3555 Ligate
2227 3481 2275 3537 ei
2302 3495 2489 3534 manus
2514 3487 2562 3532 et
2606 3475 2785 3548 pedes,
2816 3483 2863 3529 et
2905 3473 3092 3529 mittite
3118 3485 3238 3526 eum
3279 3470 3335 3523 in
3383 3476 3457 3522 te-

1867 3578 2051 3632 nebras
2088 3575 2371 3631 exteriores
2425 3571 2644 3646 (Matth.
2692 3585 2830 3637 xxtt,
2882 3565 2992 3641 l3).
3021 3564 3157 3634 Quia
3182 3578 3320 3638 quos
3362 3559 3455 3617 illa

1865 3670 2126 3742 gehennae
2175 3666 2392 3723 ﬂamma
2440 3666 2686 3730 devorat,
2746 3678 2778 3718 a
2814 3660 3024 3718 visione
3071 3657 3186 3715 veri
3233 3652 3455 3721 luminis

1867 3748 2055 3825 caecat,
2083 3770 2140 3814 ut
2167 3765 2223 3814 et
2261 3757 2394 3813 loris
2420 3771 2515 3813 eos
2543 3754 2698 3812 dolor
2722 3750 3115 3811 combustionis
3144 3748 3372 3815 cruciet,
3399 3756 3456 3804 et

1866 3854 2014 3910 intus
2038 3866 2197 3925 poena
2225 3851 2486 3907 caecitatis
2512 3849 2767 3905 obscuret
2797 3866 2810 3903 :
2835 3854 3105 3919 quatenus
3129 3846 3219 3918 qui
3244 3841 3455 3900 auctori

1867 3964 1966 4006 suo
2001 3960 2228 4018 corpore
2260 3953 2314 4000 et
2343 3942 2509 4007 corde
2553 3941 2919 4012 deliquerunt,
2949 3938 3112 3995 simul
3142 3951 3370 4009 corpore
3404 3943 3458 3992 et

1868 4043 2029 4101 corde
2057 4039 2370 4112 puniantur,
2396 4044 2453 4093 et
2493 4036 2779 4107 utrobique
2806 4048 3028 4107 poenam
3063 4032 3323 4098 sentiant,
3362 4028 3459 4105 qui

1869 4135 1996 4191 dum
2036 4134 2127 4190 hic
2164 4131 2447 4198 viverent,
2483 4129 2667 4201 pravis
2720 4125 2837 4184 suis
2885 4123 3337 4182 delectationibus
3388 4137 3457 4178 ex

1868 4237 2100 4299 utroque
2125 4224 2459 4292 serviebant,
2476 4231 2531 4278 et
2552 4222 2868 4279 damnatum
2888 4231 3160 4292 quemque
3175 4214 3329 4287 juxta
3345 4228 3460 4298 tuo-

1870 4322 1997 4377 dum
2028 4320 2273 4378 criminis
2308 4317 2596 4374 retributio
2627 4322 2888 4387 sequatur
2916 4310 3156 4368 ultionis.
3186 4309 3309 4382 (cap
3340 4306 3461 4382 65.)

1870 4412 2011 4469 iiinc
2060 4412 2114 4468 in
2164 4411 2456 4484 Babylonis
2504 4407 2852 4465 damnatione
2898 4404 3140 4462 dicitur:
3190 4401 3475 4483 Quantum»

1872 4507 2120 4563 exultavit
2160 4523 2215 4562 se
2262 4514 2309 4560 et
2355 4505 2413 4559 in
2462 4502 2665 4559 deliciis
2686 4501 2810 4573 fuit,
2854 4507 3059 4555 tantum
3105 4496 3227 4553 date
3265 4496 3313 4551 ei
3355 4504 3464 4550 lor-

1874 4612 2048 4656 menta
2085 4608 2132 4654 et
2171 4597 2370 4653 luctum
2402 4596 2583 4669 (Apoc.
2630 4608 2786 4661 xvm,
2833 4591 2911 4667 7).
2938 4589 3007 4647 Et
3047 4588 3212 4663 iudex
3239 4587 3465 4646 veniens

1876 4694 2151 4750 dicturum
2195 4706 2253 4748 se
2298 4688 2632 4745 messoribus
2685 4701 2806 4744 esse
2870 4683 3165 4757 perhibet:
3219 4679 3462 4754 Colligite

1875 4787 2108 4852 zizania,
2173 4795 2220 4839 et
2273 4783 2431 4855 ligate
2483 4800 2544 4837 ea
2601 4778 2871 4852 fasciculis
2920 4776 2991 4833 ad
3048 4774 3477 4832 eomburendum.

1878 4876 2095 4949 (Matth.
2125 4892 2246 4941 xm,
2269 4873 2382 4946 '50).
2412 4871 2727 4929 Fasciculus
2759 4869 3018 4926 nimirum
3050 4868 3117 4927 ad
3146 4866 3465 4923 comburen-

1877 4969 2003 5024 dum
2032 4968 2203 5040 ligare
2230 4974 2339 5039 est,
2378 4967 2479 5023 hos
2504 4965 2594 5036 qui
2639 4973 2843 5021 aeterno
2887 4960 3000 5032 igni
3047 4956 3291 5016 tradendi
3338 4960 3473 5033 sunt.

1875 5076 2037 5132 pares
2080 5058 2303 5131 paribus
2330 5058 2560 5121 sociare.
2593 5065 2651 5111 ut
2679 5071 2818 5126 quos
2855 5051 3049 5110 similis
3086 5049 3241 5120 culpa
3287 5046 3465 5117 inqui-

1876 5159 1990 5217 nat,
2029 5166 2127 5221 par
2149 5151 2312 5205 etiam
2340 5164 2501 5220 poena
2533 5147 2891 5217 constringat,
2917 5151 2974 5199 et
3004 5140 3098 5213 qui
3121 5142 3463 5211 nequaquam

1878 5244 2080 5315 dispari
2114 5243 2398 5315 iniquitate
2438 5240 2628 5313 polluti
2678 5244 2825 5304 sunt,
2866 5246 3211 5305 nequaquam
3258 5225 3465 5301 dispari

1878 5342 2153 5393 tormento
2212 5334 2526 5391 crucientur
2578 5350 2590 5385 :
2645 5336 2912 5402 quatenus
2974 5322 3133 5385 simul
3188 5318 3467 5377 damnatio

1879 5438 2127 5486 conterat
2154 5441 2290 5501 quos
2314 5425 2475 5482 simul
2500 5423 2664 5482 elatio
2690 5419 3008 5479 sublevabat
3037 5437 3049 5473 :
3081 5430 3327 5490 quosque
3353 5427 3463 5471 non

1877 5523 2215 5582 dissimiliter
2235 5519 2481 5576 dilatavit
2501 5516 2749 5584 ambitio,
2779 5531 2887 5572 non
2923 5510 3208 5570 dissimilis
3248 5506 3464 5573 alilictio

1880 5626 2151 5689 angustet,
2190 5623 2247 5670 et
2286 5629 2383 5685 par
2412 5609 2621 5667 cruciet
2670 5607 2889 5663 ﬂamma
2936 5602 3202 5676 supplicii,
3244 5614 3382 5672 quos
3407 5597 3465 5654 in

1881 5714 2004 5783 igne
2048 5709 2276 5765 luxuriae
2322 5722 2420 5777 par
2451 5703 2735 5761 succendit
2778 5701 2994 5757 ﬂamma
3042 5696 3271 5771 peccati.
3312 5680 3488 5752 Sicut.

1879 5780 2023 5867 enim
2070 5804 2124 5859 iu
2152 5803 2311 5861 domo
2340 5797 2519 5858 Patris
2550 5794 2865 5882 mausipues
2893 5791 3075 5852 multa:
3103 5797 3232 5852 sunt
3256 5802 3358 5867 pro
3381 5780 3468 5875 die
