4006 6338
184 379 286 436 901

1367 389 1456 444 DE
1497 389 1838 447 CAVENDIS
1874 392 2109 462 VlTllS,
2148 396 2301 455 ETC.

3356 416 3464 474 902

177 495 297 564 gari
329 495 537 603 volunt,
582 506 745 569 atque
771 508 830 603 ut
872 501 945 557 ita
989 504 1219 561 dixerim
1254 518 1506 578 quaerunt
1533 519 1590 564 ut
1631 528 1773 580 qua:-
1806 518 1850 576 Λ
1882 524 2019 573 nata:
2048 519 2320 576 castitatis
2344 520 2508 576 etiam
2534 522 2659 579 vitae
2685 532 2903 583 atteram
2935 540 3137 599 pascua
3174 528 3457 603 largiatur,

179 598 394 644 rantur.
428 589 537 647 llos
566 608 693 662 ergo
723 595 1000 665 adjutores
1028 608 1228 653 nostra:
1262 603 1527 658 orationis
1554 620 1770 674 quaera-

177 695 342 749 mus,
391 684 491 740 hos
538 695 872 754 protectores
920 691 1091 745 nostri
1144 703 1327 749 reatus
1382 694 1766 751 inveniamus:

171 773 306 843 quia
359 788 424 828 ne
471 776 664 845 punire
713 787 1026 847 peccatores
1077 781 1305 846 debeat,
1351 783 1531 854 rogari
1562 786 1676 839 vult
1716 793 1774 841 et

172 860 295 931 ipse
322 863 413 932 qui
442 862 675 931 judicat,
722 868 864 922 unde
904 879 959 925 et
989 880 1097 925 tam
1143 870 1303 944 longo
1342 883 1584 943 tempore
1623 891 1772 932 com-

168 950 420 1008 minatur
464 953 623 1022 iram,
667 966 721 1012 et
769 968 947 1016 tamen
997 961 1422 1019 misericorditer
1466 975 1768 1036 exspectat.

169 1043 269 1099 Sic
298 1055 481 1102 autem
528 1064 628 1104 nos
680 1050 1050 1108 misericordia
1094 1052 1213 1122 ejus
1244 1053 1503 1123 refoveat,
1536 1066 1593 1112 ut
1622 1057 1771 1113 nullo

164 1138 337 1193 modo
365 1140 697 1213 negligentes
720 1145 908 1201 reddat
935 1164 948 1199 :
982 1147 1062 1203 sic
1086 1157 1309 1217 peccata
1338 1158 1522 1206 nostra
1550 1160 1773 1222 pertur-

161 1228 327 1295 bent,
362 1240 420 1285 ut
448 1246 599 1286 mens
627 1233 679 1287 in
711 1234 1147 1305 desperationem
1184 1254 1291 1294 non
1332 1250 1558 1310 proruat
1589 1259 1601 1295 :
1636 1242 1768 1312 quia

159 1329 221 1375 et
249 1320 295 1376 si
336 1333 728 1391 praesumentes
774 1326 1084 1394 metuimus,
1132 1338 1188 1383 et
1209 1340 1526 1393 metuentes
1581 1348 1768 1405 spera-

158 1428 313 1478 mus,
346 1422 602 1470 teternum
634 1432 857 1487 regnum
900 1419 1063 1475 citius
1108 1420 1355 1492 adepturi
1407 1440 1597 1481 sumus
1619 1467 1636 1493 ,
1670 1427 1763 1483 ubi

155 1515 295 1560 sunt
328 1508 620 1578 hymnidici
660 1511 976 1581 angelorum
1019 1514 1193 1580 chori,
1231 1516 1466 1572 societas
1503 1534 1759 1588 superno-

156 1612 287 1650 rum
312 1598 539 1664 civium,
564 1600 736 1657 dulcis
764 1588 1077 1660 solemnitas
1105 1622 1134 1659 a
1169 1608 1624 1679 peregrinationis
1664 1612 1765 1667 bu-

151 1691 251 1761 jus
284 1694 425 1750 tristi
457 1694 643 1751 labore
687 1699 1046 1755 redeuntium.
1095 1701 1169 1757 lbi
1206 1704 1417 1773 providi
1463 1706 1759 1776 propheta-

153 1802 287 1851 rum
335 1787 519 1853 ebori,
572 1790 644 1845 ibi
695 1788 863 1859 jutlex
914 1793 1281 1863 apostolorum
1329 1811 1622 1864 numerus,
1684 1797 1759 1854 ibi
1802 1818 1809 1825 ·

1877 606 1930 662 id
1962 618 2046 662 est
2072 620 2408 680 peccatorum
2436 630 2760 672 conversum
2789 633 2822 673 a
2848 619 2935 674 via
2959 634 3055 676 sua
3081 621 3225 677 mala
3240 622 3457 693 justum

1875 696 2058 755 facere
2107 701 2401 770 dignetur,
2447 721 2607 775 quem
2658 708 2852 764 merito
2902 711 3056 768 bona:
3110 714 3341 772 actionis
3388 716 3460 773 ad

1874 808 2100 861 regnum
2135 795 2358 850 caeleste
2387 798 2665 866 perducat.
2705 799 3013 874 Videasque
3045 805 3303 862 Dominus
3337 817 3458 863 tan-

1878 890 1990 937 tum
2037 883 2158 938 ﬁdei
2208 896 2409 940 nostrce
2438 888 2707 953 ardorem,
2755 899 2862 945 tam
2904 894 3235 964 pertinacem
3263 896 3455 955 orandi

1872 977 2359 1046 persevcrantiam,
2407 981 2623 1034 tandem
2675 983 3039 1052 miserebitur,
3067 996 3121 1041 et
3142 989 3303 1045 nobis
3330 1005 3459 1061 quo-

1872 1083 1979 1137 que
2026 1068 2171 1125 sicut
2212 1069 2461 1125 volumus
2505 1071 2623 1126 ﬁeri
2670 1074 2950 1142 concedet,
2991 1085 3051 1131 ut
3090 1078 3339 1136 videlicet
3366 1094 3461 1137 ex-

1870 1157 2045 1228 pulsis
2084 1160 2402 1216 vitiosarum
2436 1162 2752 1219 tumultibus
2778 1159 3190 1236 cogitationum,
3215 1170 3458 1228 dimissis

1870 1257 2222 1319 peccatorum
2250 1252 2501 1319 nexibus,
2530 1262 2583 1308 et
2605 1269 2742 1324 pura
2772 1256 2928 1312 nobis
2950 1259 3213 1315 serenitas
3235 1262 3468 1330 mentis,.

1868 1350 1924 1396 et
1969 1343 2233 1413 perfectio
2279 1345 2407 1400 boni
2456 1346 2857 1419 redintegretur
2898 1350 3097 1419 operis.
3142 1350 3209 1405 lii
3250 1353 3452 1423 itaque,

1869 1435 1960 1504 qui
1989 1435 2055 1491 de
2082 1435 2230 1489 nullo
2255 1451 2354 1491 suo
2383 1452 2546 1508 opere
2573 1439 2874 1502 conﬁdunt,
2904 1439 2970 1494 ad
2996 1440 3312 1496 sanctorum
3336 1457 3457 1513 pro-

1869 1526 2160 1583 tectionem
2210 1536 2456 1594 currunt,
2492 1538 2653 1600 atque
2693 1530 2760 1584 ad
2803 1546 2959 1586 sacra
2999 1547 3186 1588 eorum
3225 1548 3456 1604 corpora

1864 1619 2081 1677 ﬂetibus
2130 1624 2410 1689 insistunt,
2452 1627 2749 1697 promereri
2778 1642 2837 1683 se
2868 1629 3079 1684 veniam
3109 1631 3190 1686 eis
3222 1632 3457 1689 interce-

1868 1711 2123 1769 dentibus
2165 1715 2551 1785 deprecantur.
2583 1716 2721 1785 Quid
2751 1732 2880 1788 ergo
2904 1718 2992 1774 isti
3023 1719 3081 1774 in
3110 1720 3216 1775 hac
3244 1720 3456 1777 humili-

1867 1813 1977 1859 tate
2015 1803 2244 1870 faciunt,
2288 1807 2394 1863 nisi
2422 1807 2547 1877 quia
2587 1808 2743 1863 boum
2784 1809 3014 1865 actionis
3052 1811 3298 1867 velamen
3340 1827 3453 1871 non

152 1879 639 1949 innumerabilium
671 1893 970 1957 martyrum
1018 1888 1195 1943 victor
1235 1890 1512 1946 exercitus
1538 1931 1553 1956 ,
1601 1899 1753 1950 tanto
1788 1876 1831 1936 Β
1859 1893 2124 1950 habentes
2155 1895 2364 1966 lapides
2387 1876 2801 1967 amplexantur?

150 1969 274 2026 illic
303 1971 495 2036 limior,
524 1984 730 2043 quanto
754 1976 843 2031 hic
870 1977 1057 2033 durius
1087 1978 1336 2036 alilictus.
1358 1982 1442 2038 ibi
1469 1983 1751 2041 confesso-

156 2076 289 2116 rum
320 2065 624 2119 constantia
669 2068 878 2136 prmmii
927 2069 1008 2123 sui
1057 2070 1405 2142 perceptione
1450 2073 1749 2131 consolata.

146 2153 235 2208 lbi
269 2153 456 2211 ﬁdeles
479 2156 601 2222 viri,
630 2173 768 2228 quos
789 2174 819 2212 a
842 2159 1113 2216 virilitatis
1141 2177 1252 2217 suae
1282 2164 1477 2220 robore
1504 2164 1753 2237 voluptas

148 2246 347 2301 saeculi
378 2247 621 2304 emollire
641 2264 747 2305 non
767 2251 970 2319 potuit.
1002 2252 1077 2308 ibi
1104 2264 1309 2312 sancta:
1329 2256 1606 2325 mulieres,
1631 2273 1753 2329 quis

150 2345 286 2394 cum
333 2340 533 2397 sacculo
573 2351 629 2397 et
681 2358 870 2399 sexum
916 2346 1178 2403 vicerunt.
1212 2346 1287 2404 lbi
1320 2351 1509 2419 pueri,
1541 2352 1634 2421 qui
1662 2352 1753 2409 ltie

147 2453 334 2493 annos
364 2454 496 2495 suos
525 2440 767 2497 moribus
791 2444 1243 2501 transcenderunt
1268 2464 1281 2501 :
1305 2446 1379 2502 ibi
1410 2464 1590 2515 senes,
1611 2466 1752 2522 quos

148 2532 245 2587 hic
265 2542 398 2587 :etas
418 2532 621 2589 debiles
646 2533 897 2601 reddidit,
914 2543 969 2591 et
988 2536 1160 2594 virtus
1181 2539 1363 2609 operis
1386 2557 1491 2596 non
1508 2541 1749 2615 reliquit.

147 2624 476 2692 Qumamus
498 2640 631 2696 ergo
651 2626 1007 2696 bsecpascua,
1036 2628 1091 2682 in
1114 2629 1310 2698 quibus
1327 2646 1451 2687 cum
1477 2642 1751 2691 tantorum

150 2721 355 2777 civium
400 2718 744 2777 sollemnitate
786 2721 1136 2791 gaudeamus.
1168 2722 1286 2794 Ipsa
1319 2739 1417 2781 nos
1453 2725 1750 2785 laetantium

147 2812 422 2868 festivitas
468 2814 676 2879 invitet,
717 2819 773 2865 et
814 2812 862 2865 si
896 2812 1026 2881 quis
1075 2821 1321 2869 nostrum
1355 2818 1750 2873 conscientiam

146 2904 315 2958 habet
344 2905 607 2970 avaritia,
630 2904 905 2974 elationis,
938 2918 1088 2958 vanae
1108 2903 1311 2975 glorias,
1338 2906 1748 2977 indignationis,

143 2994 475 3061 iracundiae,
504 2995 590 3050 vel
632 2996 865 3062 invidus,
892 3008 1283 3052 ceterorumve
1310 2996 1564 3053 vitiorum
1589 2999 1750 3057 sorde

142 3085 445 3156 pollutam,
494 3087 637 3143 sicut
688 3087 882 3142 mulier
918 3088 1188 3145 Capenam
1226 3087 1392 3144 ﬁliam
1429 3089 1594 3147 habet
1628 3104 1749 3163 pre-

142 3178 293 3235 fecto
342 3180 484 3236 male
529 3194 561 3235 ι
618 3181 885 3239 ὀωιηοιιὶο
932 3192 1208 3248 vexatam,
1247 3194 1349 3255 pro
1384 3180 1543 3251 cujus
1584 3198 1746 3240 satia-

143 3275 297 3329 tione
338 3274 569 3346 supplex
605 3274 675 3330 ad
710 3275 1002 3331 Dominum
1042 3284 1228 3331 currat
1260 3293 1274 3328 :
1314 3275 1443 3347 quia
1492 3275 1746 3334 nimirum

143 3369 537 3439 cogitationem
573 3383 674 3424 suo
698 3370 865 3424 corde
896 3370 1233 3440 progenitum
1262 3368 1527 3425 diabolica
1554 3368 1751 3426 toleret

139 3474 266 3518 arte
313 3461 715 3527 dementatam,
756 3462 911 3531 cujus
943 3460 1380 3516 emendationem
1418 3476 1452 3516 a
1490 3461 1582 3531 pio
1606 3461 1749 3520 Con-

143 3556 326 3611 ditare
337 3555 565 3618 crebris,
592 3554 702 3610 into
714 3554 1010 3620 continuis,
1024 3553 1219 3610 debeat
1239 3552 1485 3626 ﬂagitare
1496 3553 1749 3612 lamentis

142 3661 211 3700 ac
242 3643 515 3715 precibus.
545 3641 604 3699 Si
633 3643 756 3714 quis
793 3643 936 3699 bona
961 3658 1083 3714 quae
1124 3643 1294 3715 gessit
1332 3642 1472 3699 forte
1501 3644 1746 3715 periurii,

140 3734 301 3802 furti,
323 3734 688 3806 blasphemiae,
704 3733 1081 3800 detractionis,
1105 3736 1256 3801 rixa,
1271 3735 1356 3789 vel
1374 3735 1541 3791 etiam
1563 3751 1747 3806 carpo

141 3825 351 3899 pot-alis
395 3824 771 3891 immnnditin,
803 3835 1201 3882 caeterorumre
1233 3824 1542 3895 huiusmodi
1581 3837 1733 3898 peste

146 3916 395 3984 fmdavit,
432 3917 601 3972 ﬁliam
633 3918 797 3973 habet
842 3917 1105 3973 immundi
1135 3918 1361 3987 spiritus
1390 3917 1543 3975 furiis
1570 3921 1745 3990 agita-

144 4021 283 4075 tam,
313 4010 441 4080 quia
468 4008 725 4065 videlicet
755 4010 1046 4075 actionem,
1077 4024 1241 4079 quam
1268 4008 1409 4067 bene
1439 4010 1745 4069 laborando

143 4103 435 4168 ediderat,
483 4103 597 4173 jam
648 4102 845 4158 diaboli
900 4102 1179 4158 fraudibus
1236 4103 1404 4158 stulte
1455 4104 1745 4180 serviendo

142 4195 775 4265 disperdiditﬁdeoque
830 4210 1053 4251 necesse
1106 4204 1211 4261 est,
1260 4197 1384 4251 talis
1430 4206 1490 4251 ut
1534 4206 1742 4253 reatum

144 4304 312 4344 suum
340 4289 676 4360 cognoverit,
720 4304 843 4343 mox
876 4288 945 4343 ad
975 4304 1167 4359 preces
1199 4288 1577 4361 lacrymasque
1611 4305 1743 4346 con-

142 4366 344 4453 lugiat,
393 4391 704 4449 sanctorum
757 4380 950 4436 creber
1003 4380 1422 4437 intercessiones
1457 4392 1512 4436 et
1542 4381 1740 4437 auxilia

141 4484 379 4551 quaerat,
432 4476 525 4545 qui
573 4490 672 4546 pro
719 4474 913 4529 anima:
964 4472 1080 4541 ejus
1128 4473 1304 4530 salute
1350 4483 1602 4546 rogantes
1638 4475 1741 4531 Do-

142 4571 302 4628 mino
346 4570 568 4625 dicant:
594 4566 909 4632 Precamur,
959 4566 1186 4623 Domine
1227 4566 1523 4623 miserator
1552 4577 1610 4623 et
1637 4567 1739 4623 mi-

141 4661 405 4726 sericors,
438 4661 668 4731 patiens,
692 4669 746 4715 et
766 4658 948 4715 multa;
970 4659 1354 4724 miserationis,
1379 4659 1593 4716 dimitte
1617 4676 1740 4716 eam

142 4753 291 4825 quia,
320 4751 522 4808 clamat
548 4759 669 4820 post
711 4765 828 4814 nos,
871 4748 1087 4804 dimitte
1130 4759 1341 4804 reatum
1368 4758 1426 4804 et
1450 4751 1588 4806 dona
1613 4766 1739 4819 gra-

146 4847 302 4910 tiam,
356 4843 448 4915 qui
503 4850 748 4898 nostrum
798 4841 991 4896 intimo
1035 4837 1235 4896 affectu
1279 4842 1477 4911 quaerit
1529 4857 1733 4913 pronus

142 4938 484 5009 sntl'ragium.
536 4934 770 4991 Necesse
798 4942 882 4990 est
906 4933 1218 4989 submissus
1269 4930 1576 4987 humilitate
1631 4948 1737 4988 non

142 5047 203 5090 sc
218 5032 335 5103 jam
378 5029 560 5086 ovium
600 5027 992 5093 lsraelitarnm,
1033 5027 1089 5082 id
1123 5035 1208 5084 est
1254 5025 1586 5081 mundarum
1613 5039 1740 5079 con-

136 5127 317 5185 sortio
362 5126 581 5195 dignum
616 5122 823 5192 judieet
868 5123 1193 5184 animarum,
1250 5120 1345 5176 sed
1385 5118 1569 5190 potius
1599 5116 1735 5175 Cain

140 5219 593 5290 comparandum,
640 5226 698 5274 et
740 5216 1060 5273 cmlestibus
1104 5213 1393 5285 indignum
1438 5213 1737 5269 arbitretur

138 5288 285 5371 esse
322 5314 662 5378 muneribus,
701 5326 802 5368 nec
832 5321 1014 5366 tamen
1045 5307 1390 5378 desperando
1416 5320 1445 5360 a
1475 5306 1734 5377 precandi

141 5407 395 5479 quiescat
434 5406 709 5461 instantia.
743 5405 850 5460 Sed
878 5404 931 5458 in
957 5402 1120 5458 dubia
1152 5409 1339 5456 mente
1366 5401 1433 5455 de
1462 5399 1736 5472 largitoris

142 5500 344 5555 summi
393 5499 636 5555 bonitate
675 5496 936 5561 confidat,
983 5494 1109 5564 quia
1149 5492 1242 5562 qui
1265 5492 1333 5548 de
1358 5491 1569 5547 latrone
1599 5505 1733 5547 con-

144 5591 431 5655 fessorem,
472 5591 538 5643 de
576 5594 927 5660 persecutore
963 5582 1302 5656 Apostolum,
1347 5585 1412 5638 de
1449 5582 1734 5655 publicano

140 5682 547 5753 Evangelistam
579 5722 592 5744 ,
655 5681 721 5735 de
774 5680 1043 5750 lapidibus
1110 5676 1286 5747 potuit
1343 5674 1522 5730 facere
1596 5674 1735 5730 ﬁlios

142 5774 400 5834 Abrahae.
438 5773 551 5843 ipse
580 5772 743 5825 etiam
788 5784 981 5825 canem
1028 5766 1556 5837 impudentissimum
1603 5756 1732 5837 cbn:

149 5876 361 5922 vertere
408 5862 710 5919 lsraelitam
753 5861 924 5929 possit
958 5859 1011 5915 in
1052 5872 1233 5922 ovem,
1283 5857 1370 5909 cui
1404 5855 1601 5911 merito
1633 5856 1731 5911 do-

1928 1984 2114 2056 (Ηοηι.
2145 1986 2212 2041 57
2234 1989 2289 2042 in
2312 1986 2540 2061 Evang.)
2578 2008 2596 2039 ι
2638 1988 2744 2045 Sed
2770 2004 2869 2046 nos
2895 1999 3233 2063 peccatores,
3264 1992 3451 2051 multis

1853 2087 1907 2134 et
1947 2079 2203 2138 maximis
2250 2080 2478 2137 involuti
2516 2084 2773 2154 peccatis,
2812 2085 3007 2154 quibus
3038 2084 3293 2159 lacrymis
3322 2102 3449 2159 spe-

1853 2185 1979 2227 rare
2006 2172 2217 2227 veniam
2245 2172 2531 2241 debemus,
2553 2175 2646 2246 qui
2676 2177 2731 2231 in
2754 2175 2847 2232 illo
2874 2180 3155 2235 tremendo
3175 2182 3450 2251 examine,

1853 2277 1979 2318 cum
2010 2278 2138 2336 rege
2164 2274 2353 2321 nostro
2387 2281 2451 2322 ex
2489 2282 2645 2338 aequo
2670 2270 2738 2324 ad
2760 2269 3024 2341 judicium
3051 2288 3159 2329 non
3180 2274 3450 2343 venimus.

1854 2372 1992 2426 quos
2037 2357 2297 2413 nimirum
2335 2360 2577 2416 conditio
2603 2361 2937 2420 inﬁrmitatis
2960 2372 3017 2420 et
3044 2380 3209 2421 causa
3234 2365 3453 2424 inferio-

1854 2463 1943 2502 res
1984 2448 2242 2509 exbibet?
2291 2448 2399 2507 Sed
2450 2450 2680 2508 fortasse
2711 2451 2827 2521 jam
2872 2455 2998 2509 mali
3045 2456 3226 2527 operis
3258 2455 3447 2528 culpas

1854 2538 2209 2604 abscidimus,
2233 2538 2347 2608 jam
2374 2556 2539 2610 prava
2568 2557 2794 2613 quisque
2813 2543 3054 2599 exterius
3078 2543 3445 2601 declinamus:

1857 2628 2103 2698 nunquid
2131 2629 2201 2684 ad
2228 2630 2556 2687 reddendam
2586 2633 2853 2688 rationem
2884 2633 3225 2705 cogitationis
3246 2642 3447 2691 nostra

1853 2722 2198 2781 sufﬁcimus?
2252 2722 2390 2778 Nam
2440 2739 2562 2779 cum
2615 2724 2801 2795 viginti
2856 2724 3093 2781 millibus
3139 2725 3447 2783 venire-oud

1853 2812 2056 2868 bellum
2115 2829 2210 2869 rex
2260 2815 2313 2870 in
2367 2814 2659 2885 Evangelio
2710 2815 2906 2871 dicitur
2962 2814 3115 2888 (Luc.
3162 2833 3277 2885 xiv,
3328 2816 3441 2887 5i),

1851 2914 2042 2961 contra
2091 2920 2252 2975 quem
2296 2906 2525 2961 minime
2570 2903 2769 2962 sufﬁcit
2816 2906 2904 2961 ille
2942 2908 3037 2978 qui
3086 2923 3207 2963 cum
3256 2907 3446 2964 decem

1849 2995 2089 3052 millibus
2116 2997 2284 3062 venit,
2313 2997 2502 3054 decem
2535 2996 2702 3053 millia
2732 2998 2927 3069 quippe
2956 2999 3024 3054 ad
3053 2999 3246 3071 viginti
3274 2998 3445 3059 millia

1849 3090 2102 3162 simplum
2152 3092 2220 3146 ad
2268 3090 2490 3161 duplum
2538 3100 2686 3157 sunt,
2739 3105 2840 3147 nos
2890 3100 3071 3147 autem
3119 3091 3165 3146 si
3204 3090 3439 3148 multum

1849 3179 2199 3252 proficimus;
2222 3181 2310 3236 vix
2333 3181 2607 3238 exteriora
2638 3189 2820 3237 nostra
2847 3194 3012 3251 opera
3036 3180 3091 3235 in
3116 3181 3445 3238 rectitudine

1852 3294 2157 3337 servamus.
2211 3278 2347 3333 Nam
2384 3287 2441 3334 et
2489 3277 2537 3334 si
2573 3277 2688 3348 jam
2722 3276 2936 3332 luxuria
2976 3277 3158 3333 carnis
3204 3276 3443 3335 abscissa

1850 3382 1959 3439 est,
1984 3382 2170 3429 tamen
2199 3373 2378 3429 adhuc
2406 3388 2437 3427 a
2464 3372 2628 3427 corde
2654 3369 2898 3425 funditus
2925 3369 3164 3425 abscissa
3192 3385 3300 3425 non
3333 3380 3438 3426 est.

1849 3465 1944 3522 ille
1978 3472 2161 3522 autem
2186 3463 2641 3535 quijudicaturus
2680 3461 2831 3516 venit
2865 3459 3163 3525 exteriora,
3202 3459 3443 3515 simulet

1851 3556 2111 3613 interiora
2125 3556 2356 3628 iudicat,
2373 3552 2515 3610 facta
2537 3552 2742 3622 pariter
2763 3559 2819 3607 et
2841 3549 3199 3624 cogitationes
3218 3557 3439 3621 pensat:

1849 3668 1975 3709 cum
2014 3653 2177 3722 duplo
2198 3666 2329 3723 ergo
2351 3650 2600 3708 exercitu
2632 3657 2819 3706 contra
2852 3648 3108 3720 simplum
3139 3648 3305 3715 venit,
3349 3647 3442 3720 qui

1849 3761 1970 3809 nos,
2007 3746 2094 3799 vix
2118 3745 2175 3800 in
2206 3744 2321 3800 solo
2345 3758 2508 3814 opere
2534 3749 2891 3813 praeparatos,
2918 3741 3078 3798 simul
3105 3742 3171 3797 de
3196 3756 3363 3813 opere
3386 3749 3443 3797 et

1848 3834 2174 3905 cogitatione
2200 3833 2443 3889 discutit.
2467 3832 2608 3898 Quid
2631 3848 2761 3903 ergo
2787 3833 3054 3904 agendum
3085 3840 3191 3899 est,
3221 3831 3441 3901 fratres,

1848 3928 2033 3983 nisiut
2064 3929 2205 3981 .dum
2255 3941 2378 3981 cum
2430 3925 2628 3995 simple
2673 3924 2920 3981 exercitu
2966 3933 3165 3981 contra
3218 3925 3441 3996 duplum

1846 4020 1994 4077 illius
2034 4018 2283 4076 stn’licere
2320 4034 2428 4075 non
2469 4032 2630 4088 posse
2671 4016 3061 4088 conspicimus,
3095 4015 3222 4071 dum
3261 4015 3443 4077 adhuc

1844 4110 2003 4182 longe
2026 4119 2113 4166 est
2138 4108 2467 4180 legationem
2502 4108 2809 4172 mittamus,
2850 4116 2905 4161 et
2948 4120 3202 4177 rogemus
3229 4119 3293 4161 ea
3321 4120 3442 4176 qua:

1843 4201 1995 4271 pacis
2022 4200 2183 4257 sunt?
2206 4199 2388 4270 Longe
2412 4198 2562 4255 enim
2599 4198 2821 4263 dicitur,
2863 4196 2954 4267 qui
2978 4195 3161 4252 adhuc
3180 4209 3280 4266 per
3298 4194 3441 4265 judi-

1843 4290 1989 4347 cium
2027 4306 2267 4361 prmsens
2297 4304 2406 4346 non
2434 4288 2668 4345 videtur.
2711 4287 2992 4344 Mittamus
3018 4285 3088 4341 ad
3110 4286 3257 4341 hunc
3298 4286 3440 4357 lega-

1846 4384 2044 4440 tionem
2095 4385 2369 4455 lacrymas
2413 4390 2669 4448 nostras,
2723 4380 3006 4437 mittamus
3050 4377 3441 4436 misericordia

1844 4491 2029 4545 opera,
2080 4485 2382 4547 mactemus
2429 4474 2484 4529 in
2535 4487 2631 4528 ara
2677 4471 2796 4541 ejus
2842 4470 3054 4526 hostias
3094 4467 3439 4541 placationis,

1848 4581 2244 4638 cognoscamus
2275 4579 2375 4620 nos
2412 4579 2536 4620 cum
2576 4579 2643 4619 eo
2672 4563 2726 4618 in
2751 4560 2959 4632 judicio
2988 4577 3097 4619 non
3126 4573 3286 4634 posse
3311 4572 3440 4616 con-

1849 4659 2095 4724 tendere,
2132 4672 2423 4728 pensemus
2466 4658 2723 4713 virtutem
2750 4656 2868 4727 ejus
2895 4654 3254 4721 fortitudinis,
3284 4664 3440 4724 roge-

1845 4767 1967 4807 mus
1987 4765 2052 4807 ea
2076 4766 2198 4820 qua:
2212 4750 2371 4820 pacis
2396 4757 2548 4805 sunt.
2576 4747 2706 4804 Haec
2729 4757 2815 4805 est
2840 4756 3029 4807 nostra
3059 4746 3278 4821 legatio,
3317 4761 3440 4817 quis

1842 4858 2025 4916 regem
2068 4842 2370 4898 venientem
2422 4839 2615 4909 placat.
2662 4838 2929 4915 Pensate,
2980 4837 3212 4904 fratres,
3271 4851 3437 4906 quam

1842 4934 2133 5006 benignum
2165 4932 2257 4999 sit,
2290 4932 2434 5002 quod
2464 4932 2511 4987 is
2539 4932 2629 5002 qui
2674 4946 2774 4986 suo
2817 4931 3052 4986 adventu
3087 4927 3231 4983 valet
3259 4926 3438 4998 oppri.

1843 5045 1992 5085 mere
2022 5028 2205 5084 tardat
2232 5027 2445 5083 venire.
2488 5024 2767 5083 Mittamus
2799 5023 2866 5080 ad
2897 5024 3064 5090 hunc,
3094 5031 3154 5078 ut
3175 5020 3433 5088 diximus,

1844 5120 2171 5191 legationem
2196 5128 2441 5175 nostram
2465 5116 2662 5183 flendo,
2690 5115 2999 5183 tribuendo,
3022 5129 3206 5172 sacras
3228 5114 3435 5175 hostias

1843 5211 2140 5269 oli'erendo.
2193 5211 2559 5284 Singulariter
2617 5225 2853 5281 namque
2900 5208 2980 5266 ad
3039 5207 3433 5265 absolutionem

1843 5312 2086 5359 nostram
2109 5302 2315 5359 oblatio
2337 5317 2463 5357 cum
2486 5300 2743 5373 lacrymis
2776 5307 2831 5356 et
2857 5299 3188 5371 benignitate
3214 5299 3431 5367 utentis,

1842 5396 1985 5451 sacri
2029 5393 2219 5452 altaris
2266 5393 2441 5449 hostia
2484 5390 2817 5464 snﬂ‘ragatur
2844 5408 2856 5446 :
2886 5391 3013 5461 quia
3062 5391 3109 5447 is
3146 5390 3237 5461 qui
3276 5390 3331 5445 in
3373 5403 3435 5447 se

1841 5501 2130 5557 resurgens
2175 5501 2205 5539 a
2236 5483 2465 5540 mortuis
2506 5480 2620 5551 jam
2665 5470 2772 5538 non
2818 5482 3067 5549 moritur,
3118 5481 3295 5537 adhuc
3337 5494 3433 5550 per

1838 5579 1979 5636 lianc
2008 5580 2062 5635 in
2092 5593 2190 5634 suo
2218 5577 2478 5648 mysterio
2508 5590 2606 5644 pro
2631 5573 2788 5629 nobis
2820 5574 3014 5630 iterum
3044 5572 3266 5644 patitur.
3295 5569 3430 5629 Nam

1840 5675 2055 5745 quoties
2091 5673 2140 5727 ei
2186 5671 2418 5726 hostiam
2461 5684 2573 5725 suae
2614 5668 2881 5740 passionis
2924 5665 3221 5731 oli'crimus,
3273 5665 3432 5723 tcties

1844 5764 1999 5821 nobis
2057 5763 2123 5817 ad
2178 5760 2570 5817 absolutionem
2627 5768 2869 5814 nostram
2923 5757 3230 5831 passionem
3286 5756 3432 5815 illius

1845 5868 2177 5926 reparamus.
2228 5848 2441 5918 Multos,
2496 5858 2554 5905 ut
2602 5849 2869 5915 arbitror,
2916 5857 3191 5915 vestrum,
3236 5843 3432 5903 fratres
