4006 6338
642 294 748 354 903

1462 287 1796 347 HINCMARI
1833 287 2054 345 RHEM.
2093 283 2415 348 ARCHIEP.
2455 291 2823 350 OPUSCULA
2861 290 3093 351 V'ARIA.
3710 307 3784 363 θυι

641 403 970 469 cbarissimi,
1013 400 1242 474 contigit
1281 413 1440 455 nosse
1482 400 1586 455 hoc
1611 398 1754 470 quod
1784 397 1906 454 volo
1931 399 1998 453 ad
2028 414 2227 454 memo-
2253 406 2302 462 Α
2331 402 2575 459 siderare
2601 404 2862 461 debemus
2883 446 2898 471 ,
2949 403 3079 477 quid
3126 403 3375 463 Dominus
3410 407 3607 479 faceret,
3627 412 3672 471 'si
3693 419 3784 475 τῑιις

647 500 786 556 riam
809 505 1044 553 vestram
1071 493 1341 549 narrando
1361 506 1636 547 revocare.
1660 489 1776 546 Non
1802 491 1957 562 longe
1978 507 2008 545 a
2032 491 2232 547 nostris

642 589 976 660 temporibus
1019 584 1220 641 factum
1256 582 1447 649 fertur,
1478 583 1622 654 quod
1645 583 1864 653 quidam
1893 584 1962 638 ab
1985 582 2232 638 hostibus

642 692 832 753 captus
854 681 1011 753 longe
1042 677 1320 734 traductus
1342 687 1448 732 est.
1480 677 1724 747 Cumque
1754 676 1843 731 diu
1873 684 2153 732 teneretur
2174 676 2230 732 in
2282 660 2287 663 ’

653 773 909 837 vinculis,
950 785 1073 826 eum
1121 786 1260 825 uxor
1307 785 1427 837 sua,
1456 784 1580 826 cum
1609 784 1675 823 ex
1705 769 1893 824 eadem
1920 769 2235 841 captivitate

642 882 750 922 non
800 865 1100 934 reciperet,
1150 862 1482 919 exstinctum
1533 862 1765 931 putavit.
1820 860 1926 917 Pro
1970 876 2078 933 quo
2119 861 2234 932 jam

641 957 791 1015 velut
813 964 1031 1012 mortuo
1053 953 1261 1010 hostias
1300 951 1731 1009 hebdomadibus
1753 951 1982 1023 singulis
2007 955 2237 1009 curabat

641 1049 856 1106 oﬂerre.
883 1045 1052 1117 Cujus
1080 1045 1244 1102 tcties
1266 1043 1482 1100 vincula
1521 1042 1871 1100 solvebantur
1919 1043 1973 1099 in
2011 1044 2239 1115 captivi-

644 1150 781 1207 tate,
832 1139 1048 1210 quoties
1092 1138 1163 1193 ab
1200 1133 1587 1206 ejuspconjuge
1631 1134 1826 1191 oblatae
1867 1133 2096 1191 fuissent
2138 1136 2237 1192 ho-

643 1235 761 1292 stiae
800 1245 899 1302 pro
939 1230 1136 1287 animae
1169 1227 1288 1299 ejus
1329 1228 1686 1286 absolutione.
1728 1226 1866 1284 Nam
1913 1228 2074 1301 longo
2114 1237 2238 1300 post

643 1333 888 1396 tempore
932 1335 1216 1387 reversus,
1265 1320 1542 1375 admirans
1590 1318 1746 1375 valde
1807 1333 1918 1374 sua:
1972 1318 2235 1375 indicavit

644 1414 801 1472 uxori
839 1416 985 1487 quod
1013 1413 1206 1469 diebus
1225 1413 1390 1469 certis
1413 1411 1843 1468 hebdomadibus
1864 1409 2090 1481 singulis
2118 1410 2238 1482 ejus

644 1507 859 1564 vincula
900 1505 1264 1563 solvebantur.
1304 1504 1453 1573 Quos
1481 1504 1599 1560 dies
1635 1504 1756 1576 ejus
1786 1519 1923 1560 uxor
1949 1514 2113 1575 atque
2141 1503 2238 1561 ho-

645 1616 738 1657 ras
770 1600 1091 1665 discutiens,
1119 1607 1250 1655 tunc
1272 1613 1399 1654 eum
1421 1598 1737 1669 recognovit
1756 1597 2087 1664 absolutum,
2111 1612 2235 1654 cum

645 1704 746 1764 pro
782 1704 849 1746 eo
887 1688 1216 1746 sacriﬁcium
1258 1687 1582 1744 meminerat
1619 1688 1885 1744 oblatum.
1915 1671 2055 1745 Hinc
2082 1703 2236 1762 ergo,

2332 495 2658 553 dissidentes
2677 537 2693 562 ,
2720 497 2764 551 si
2796 494 2993 552 fabulis
3017 508 3299 563 vacantes,
3338 500 3381 555 si
3421 503 3519 559 risu
3550 504 3786 579 dissolutos,

2332 586 2418 641 vel
2465 585 2575 642 alio
2626 587 2867 658 quolibet
2914 587 3120 643 scelere
3175 589 3422 659 reperiret
3465 592 3689 663 irretitus,
3727 605 3789 673 qui

2332 676 2541 733 hostias
2569 692 2688 749 quae
2720 677 2822 732 sibi
2870 676 3280 732 immolarentur
3317 691 3532 737 ementes
3572 685 3616 739 in
3657 692 3791 759 templo

2332 768 2467 825 vidit
2494 776 2550 824 et
2575 768 2860 824 eliminare
2890 768 3183 825 lestiuavit.
3217 769 3319 825 Sed
3364 781 3415 825 et
3456 788 3541 828 nos
3579 778 3793 839 recolentes

2335 860 2599 931 scriptum
2629 878 2644 915 :
2676 858 2835 917 Zelus
2860 862 3049 916 domus
3076 871 3181 916 tua:
3210 864 3419 918 comedit
3456 881 3527 921 me
3569 866 3726 938 (Joan.
3746 890 3793 942 ιι,

2339 954 2431 1027 17)
2449 993 2467 1019 ,
2497 951 2677 1008 zelare
2711 952 2971 1008 debemus
2997 953 3215 1009 domum
3246 952 3336 1009 Dei
3356 995 3370 1019 ,
3397 962 3466 1023 et,
3493 968 3700 1026 quantum
3720 977 3795 1032 pos-

2337 1060 2563 1111 sumus,
2606 1057 2677 1099 ne
2725 1042 2852 1114 quid
2901 1043 2956 1098 in
2981 1058 3045 1098 ea
3083 1058 3308 1116 pravum
3333 1055 3532 1116 geratur
3552 1049 3794 1109 insistamus.

2337 1135 2395 1193 Si
2436 1136 2733 1192 viderimus
2774 1134 2997 1191 fratrem
3038 1136 3132 1207 qui
3172 1136 3239 1191 ad
3284 1137 3485 1194 domum
3523 1140 3603 1198 Dei
3637 1146 3798 1213 pertinet

2337 1227 2590 1299 superbia
2617 1228 2914 1296 tumidum,
2960 1228 3007 1285 si
3048 1229 3467 1288 detractionibus
3500 1244 3747 1303 assuetum,
3769 1239 3798 1295 ti

2337 1319 2595 1375 ebrietati
2622 1319 2950 1375 servientem
2974 1359 2990 1386 ,
3020 1320 3065 1377 si
3093 1320 3303 1374 luxuria
3329 1330 3642 1391 enervatum,
3672 1326 3706 1381 si
3732 1326 3799 1383 in-

2339 1409 2536 1465 cundia
2563 1410 2838 1466 turbidum
2857 1450 2874 1477 ,
2902 1410 2948 1466 si
2977 1409 3083 1467 alio
3108 1411 3358 1482 cuiquam
3382 1411 3504 1467 vitio
3524 1412 3798 1483 substraturi,

2341 1502 2656 1559 Studeamus
2681 1502 2737 1560 iu
2777 1512 3041 1573 quantum
3067 1501 3298 1561 facultas
3340 1505 3557 1575 suppetit
3588 1508 3798 1577 castigare,

2338 1594 2543 1667 polluta
2570 1609 2636 1650 ac
2661 1609 2918 1665 perversa
2945 1596 3220 1665 corrigere
3246 1612 3260 1651 :
3285 1602 3343 1651 et
3366 1596 3412 1651 si
3433 1610 3576 1667 quem
3600 1598 3654 1653 de
3674 1598 3800 1655 talibus

2342 1684 2639 1744 emendare
2666 1687 2954 1757 nequimus
2972 1728 2988 1754 ,
3014 1702 3121 1743 non
3147 1687 3267 1745 sine
3294 1688 3542 1745 acerrimo
3564 1691 3802 1746 mentissus

646 1781 847 1838 fratres
870 1781 1202 1846 charissimi,
1248 1780 1377 1837 hinc
1421 1789 1571 1837 certa
1613 1781 2049 1839 consideratione
2086 1781 2238 1838 eolli-
2264 1771 2316 1837 Β
2342 1777 2517 1836 tinere
2556 1777 2773 1844 dolore,
2816 1784 2875 1834 et
2919 1778 3158 1834 maxime
3206 1778 3261 1835 in
3290 1779 3402 1849 ipsa
3429 1779 3571 1835 domo
3593 1778 3800 1847 orationis,

646 1873 781 1947 gite,
811 1872 993 1930 oblata
1037 1887 1071 1928 a
1105 1871 1263 1929 nobis
1296 1873 1473 1928 hostia
1512 1886 1668 1928 sacra
1709 1882 1972 1943 quantum
1999 1873 2053 1929 in
2083 1875 2240 1932 nobis

648 1966 859 2024 solvere
889 1964 1070 2023 valeat
1098 1964 1386 2037 ligaturam
1414 1965 1617 2032 cordis,
1661 1965 1708 2021 si
1750 1965 1933 2022 oblata
1969 1967 2038 2023 ab
2066 1967 2239 2025 altero

645 2055 821 2126 potuit
848 2054 903 2110 in
932 2054 1105 2112 altero
1129 2054 1340 2110 solvere
1364 2054 1578 2111 vincula
1603 2056 1864 2127 corporis.
1895 2076 1915 2109 ι
1944 2055 2036 2129 (In
2056 2057 2240 2113 eadem

645 2145 886 2215 humilia,
908 2147 1001 2202 sub
1029 2147 1209 2221 ﬁnem)
1242 2165 1256 2201 :
1287 2165 1307 2198 ι
1328 2146 1620 2218 Relinquat
1638 2162 1770 2219 ergo
1794 2148 1976 2204 omnia
2008 2149 2101 2220 qui
2135 2164 2236 2219 po-

649 2246 796 2294 test:
831 2239 924 2310 qui
966 2248 1147 2296 autem
1184 2240 1494 2311 relinquere
1517 2254 1626 2295 non
1654 2249 1854 2312 potest,
1888 2257 2014 2298 cum
2057 2242 2235 2300 adhuc

646 2345 744 2387 rex
769 2330 930 2402 longe
952 2339 1061 2399 est,
1091 2329 1418 2403 legationem
1446 2332 1647 2399 mittat,
1676 2332 2064 2407 lacrymarum,
2101 2335 2241 2392 elec-

648 2438 1018 2497 mosynarum,
1068 2426 1371 2481 hostiarum
1413 2441 1640 2483 munera
1683 2427 1897 2485 oll'crat.
1940 2430 2068 2486 Vult
2093 2431 2239 2487 enim

646 2512 853 2586 placari
893 2515 1168 2586 precibus,
1204 2517 1295 2588 qui
1341 2518 1446 2573 scit
1485 2518 1611 2589 quia
1668 2521 1874 2589 portari
1922 2537 2027 2577 non
2069 2523 2241 2592 possit

647 2604 839 2660 iratus.
867 2602 1020 2673 Quod
1044 2605 1223 2662 adhuc
1252 2622 1461 2663 moram
1488 2605 1623 2663 facit
1657 2608 1865 2677 venire,
1914 2610 2239 2683 legationem

647 2694 797 2765 pacis
817 2695 1068 2752 sustinet.
1094 2694 1349 2753 Venisset
1361 2687 1484 2768 jam
1499 2697 1729 2771 jamque
1745 2700 1791 2757 si
1811 2700 1995 2768 vellet,
2014 2714 2239 2760 cunctos

646 2804 776 2847 suos
802 2790 1151 2848 adversarios
1180 2791 1528 2848 trucidasset.
1562 2792 1671 2849 Sed
1696 2803 1753 2850 et
1781 2811 1947 2866 quam
1983 2796 2241 2854 terribilis

644 2883 829 2937 veniet
856 2881 1080 2949 indicat,
1105 2891 1163 2939 et
1185 2891 1366 2939 tamen
1401 2883 1472 2939 ad
1502 2885 1825 2941 veniendum
1866 2888 2069 2955 tardat,
2109 2889 2238 2960 quia

645 2989 754 3029 non
784 2972 900 3028 vult
926 2973 1176 3030 invenire
1212 2989 1351 3045 quos
1389 2976 1598 3045 puniat,
1635 2986 1693 3032 et
1720 2977 1813 3048 qui
1842 2992 1940 3048 per
1962 2978 2098 3034 iram
2128 2995 2238 3036 non

2342 1874 2434 1931 ubi
2461 1871 2677 1929 Domini
2706 1882 3060 1929 consecratur
3082 1887 3303 1944 corpus,
3328 1873 3414 1929 ubi
3440 1873 3703 1945 angelorum
3719 1889 3802 1944 pre

2341 1967 2515 2024 sentia
2542 1974 2759 2037 semper
2800 1966 2990 2055 adesse
3034 1980 3141 2021 non
3180 1965 3450 2022 dubitatur
3470 2006 3484 2031 ,
3516 1982 3577 2022 ne
3611 1964 3707 2038 quid
3733 1965 3802 2022 iae-

2338 2065 2491 2128 ptum
2532 2055 2627 2113 fiat
2644 2098 2660 2124 ,
2691 2072 2761 2111 ne
2787 2055 2915 2127 quid
2937 2056 3082 2127 quod
3106 2064 3349 2113 nostram
3388 2056 3698 2113 fraternarum
3721 2072 3802 2111 or:-

2342 2147 2545 2204 tiouem
2572 2147 2866 2219 impediat,
2895 2146 3026 2204 totis
3048 2148 3261 2204 viribus
3285 2162 3517 2220 agamus.
3541 2147 3645 2204 [lac
3661 2156 3803 2219 propter
3896 2142 3897 2157 ¹

2340 2238 2461 2296 illos
2506 2239 2745 2296 diximus
2805 2238 2923 2309 qui,
2959 2237 3251 2295 ecclesiam
3295 2238 3543 2313 ingressi,
3579 2256 3663 2296 non
3692 2240 3801 2295 solun

2339 2331 2697 2389 intentionem
2726 2331 2918 2387 orandi
2946 2330 3255 2403 negligunt,
3286 2346 3467 2387 verum
3500 2331 3639 2387 etiam
3669 2345 3716 2387 es
3744 2345 3803 2402 pm
3896 2396 3897 2403 η

2340 2423 2540 2495 quibus
2560 2436 2723 2479 orare
2741 2421 3043 2499 debuerant
3068 2429 3291 2493 augent,
3320 2422 3527 2494 insuper
3543 2429 3592 2478 et
3608 2428 3804 2492 arguentes

2341 2530 2401 2572 se
2443 2529 2545 2586 pro
2589 2511 2897 2583 hujusmodi
2942 2512 3177 2569 stultitia
3214 2513 3461 2569 eonvitiis
3492 2512 3694 2582 odiisque
3712 2510 3803 2564 inse-
3896 2518 3897 2579 j

2340 2615 2602 2679 quuntur,
2625 2607 2885 2662 addentes
2906 2604 3157 2662 videlicet
3178 2604 3433 2678 peccatis,
3449 2612 3639 2676 peccata
3655 2599 3803 2673 αριωέ
3896 2660 3897 2669 χ

2341 2696 2444 2753 sibi
2467 2694 2650 2751 funem
2678 2696 3053 2769 longissimum
3076 2696 3296 2751 incauta
3316 2710 3495 2751 eorum
3519 2691 3803 2766 augmentatio—
3896 2718 3897 2769 ί

2342 2802 2411 2844 ne
2437 2794 2707 2853 texeutes,
2737 2764 2841 2844 nec
2868 2786 3125 2852 timentes
3146 2801 3219 2845 ex
3242 2800 3308 2842 eo
3328 2785 3545 2843 districti
3562 2764 3805 2854 indiuisus:-
3896 2764 3897 2819 Ὗ

2341 2876 2644 2934 minutione
2670 2877 2942 2933 damnari.
2971 2874 3085 2935 Nec
3113 2877 3250 2935 latet
3274 2878 3462 2935 crebro
3485 2876 3669 2950 angelos
3685 2873 3805 2930 electu
3896 2870 3897 2887 ‘

2342 2968 2601 3026 invisibili
2627 2971 2819 3027 adesse
2840 2969 3153 3041 praesentia,
3175 2976 3238 3025 ut
3256 2984 3348 3027 eos
3366 2968 3448 3026 vel
3464 2969 3529 3027 ab
3543 2963 3804 3025 hostist

646 3074 827 3136 potest
865 3065 1018 3131 ferri,
1066 3081 1167 3138 per
1221 3068 1507 3139 postulatae
1554 3069 1705 3139 pacis
1756 3071 1875 3125 vult
1915 3071 2236 3142 legationem

2344 3059 2637 3118 defendant
2654 3060 2887 3129 insidiis,
2909 3060 2998 3117 vel
3019 3062 3247 3134 majoris
3266 3062 3494 3120 ctelestis
3514 3059 3713 3118 desiderii
3729 3071 3805 3129 gn-

645 3132 874 3228 placari.
919 3132 1124 3215 Lavate
1166 3174 1317 3232 ergo,
1364 3160 1561 3218 fratres
1606 3132 2237 3238 charissimi,lacryn1is

2346 3152 2418 3207 tia
2433 3151 2739 3219 sustollant,
2761 3153 3018 3223 Apostolo
3039 3132 3458 3224 attestante,qui
3478 3149 3806 3238 aitszme

650 3249 893 3307 maculas
942 3259 1330 3324 peccatorum,
1383 3253 1743 3327 eleemosynis
1791 3257 2015 3329 tergite,
2070 3258 2242 3315 sacris

648 3340 842 3398 hostiis
867 3341 1103 3413 expiate.
1128 3361 1148 3395 ι
1170 3341 1464 3415 (Dialogor.
1490 3341 1585 3400 lib.
1610 3358 1685 3410 tv,
1703 3361 1750 3400 c.
1768 3344 1883 3418 58.)
1903 3364 1922 3397 ι
1948 3346 2073 3403 Haec
2095 3363 2243 3403 nam-

649 3448 756 3504 que
781 3432 1129 3507 singulariter
1158 3434 1380 3490 victima
1412 3435 1482 3489 ab
1511 3442 1716 3497 aeterno
1751 3437 1972 3492 interitu
2001 3438 2242 3494 animam

647 3527 862 3593 salvat,
919 3540 1042 3596 quae
1091 3525 1238 3582 illam
1298 3535 1528 3583 mortem
1586 3528 1743 3584 nobis
1801 3528 2078 3602 Unigeniti
2145 3547 2242 3603 per

652 3616 976 3689 mysterium
1020 3624 1256 3688 reparat.
1316 3617 1420 3687 Qui
1473 3620 1600 3675 licet
1647 3636 1875 3692 surgens
1925 3637 1956 3676 a
2010 3626 2241 3683 mortuis

640 3705 759 3778 jam
784 3724 891 3764 non
924 3709 1175 3776 moritur,
1204 3717 1261 3766 et
1282 3712 1512 3768 mors'ei
1540 3712 1681 3767 ultra
1709 3728 1819 3770 non
1847 3714 2237 3783 dominabitur,

647 3809 831 3856 tamen
865 3801 920 3857 in
951 3815 1010 3857 se
1033 3800 1151 3872 ipso
1178 3803 1561 3859 immortaliter
1585 3804 1795 3871 vivens,
1832 3820 1935 3876 pro
1962 3806 2120 3864 nobis
2144 3808 2240 3864 ite-

649 3907 771 3949 rum
802 3894 857 3949 in
895 3895 999 3950 hoc
1046 3894 1310 3966 mysterio
1351 3910 1523 3953 sacrae
1570 3896 1860 3955 oblationis
1905 3898 2235 3955 immolatur.

644 3984 779 4056 Ejus
809 3986 1007 4058 quippe
1037 3985 1113 4042 ibi
1156 4001 1353 4057 corpus
1387 3988 1639 4056 sumitur,
1674 3977 1793 4061 ejus
1820 4005 1951 4046 caro
1971 3990 2027 4046 in
2054 3991 2239 4063 populi

647 4077 877 4135 salutem
920 4078 1177 4150 partitur,
1207 4080 1326 4151 ejus
1359 4081 1581 4150 sanguis
1606 4096 1715 4138 non
1746 4082 1801 4137 in
1823 4097 2017 4139 manus
2046 4084 2240 4144 inlide-

642 4167 801 4235 linm,
832 4167 926 4223 sed
955 4166 1010 4223 in
1040 4182 1137 4224 ora
1166 4168 1405 4226 ﬁdelium
1436 4169 1701 4227 funditur.
1753 4172 1889 4230 Hinc
1927 4191 2058 4248 ergo
2096 4191 2235 4248 pen-

643 4274 833 4317 semus
874 4260 1036 4331 quale
1071 4261 1142 4317 sit
1188 4260 1538 4335 sacriﬁcium,
1587 4263 1732 4335 quod
1761 4280 1860 4336 pro
1898 4267 2238 4326 absolutione

642 4360 832 4407 nostra
876 4350 1183 4421 passionem
1230 4353 1495 4425 unigeniti
1544 4354 1668 4411 Filii
1700 4372 1916 4430 semper
1965 4361 2232 4418 imitatur.

640 4439 775 4510 Quis
824 4442 973 4497 enim
1020 4440 1257 4498 ﬁdelium
1301 4444 1507 4501 habere
1533 4445 1754 4502 dubium
1787 4451 1979 4518 possit,
2024 4452 2078 4507 in
2118 4454 2232 4524 ipsa

640 4531 1029 4588 immolationis
1076 4534 1206 4589 hora
1248 4535 1315 4589 ad
1364 4537 1668 4593 sacerdotis
1694 4555 1880 4597 vocem
1908 4542 2075 4599 ctelos
2106 4560 2231 4614 ape-

640 4622 762 4688 riri,
807 4623 859 4678 in
898 4623 991 4681 illo
1016 4623 1145 4681 Jesu
1174 4625 1375 4683 Christi
1406 4630 1667 4700 mysterio
1692 4632 2232 4703 angelorunrchoros

638 4714 853 4783 adesse,
873 4717 1098 4773 summis
1115 4716 1222 4774 ima
1245 4719 1465 4787 sociari,
1487 4730 1703 4779 terrena
1722 4724 2035 4782 cmlestibus
2051 4726 2228 4799 jungi,

638 4825 809 4864 unum
863 4810 1133 4882 quoddam
1178 4828 1249 4868 ex
1295 4814 1601 4874 visibilibus
1658 4829 1822 4891 atque
1869 4820 2233 4880 invisibilibus

636 4902 795 4959 fieri?
817 4922 836 4957 ο

707 4994 865 5052 Unde
910 5013 1241 5072 magnopere
1291 5001 1450 5059 nobis
1516 5012 1602 5060 est
1656 5007 2043 5064 attendendum
2107 5025 2232 5068 cum

635 5099 839 5156 quanta
881 5089 1225 5146 reverentia.
1269 5099 1325 5147 et
1370 5107 1493 5149 cum
1534 5104 1738 5169 quanto
1780 5100 1977 5157 timore
2016 5116 2079 5158 ac
2120 5111 2232 5159 tre-

636 5196 821 5247 more,
850 5183 1050 5240 divinis
1079 5190 1358 5260 mysteriis
1386 5188 1647 5244 debemus
1686 5189 1979 5259 assistere,
2020 5208 2083 5247 ac
2117 5199 2228 5249 sol-

635 5272 785 5332 licite
815 5277 1137 5346 observare,
1170 5297 1240 5337 ne
1267 5282 1398 5354 quid
1425 5281 1671 5353 ineptum
1702 5284 1902 5340 ibidem
1935 5300 2225 5357 geramus,

634 5381 706 5423 ne
730 5383 855 5424 cum
880 5369 1177 5427 Corinthiis
1202 5373 1271 5429 ab
1300 5374 1560 5445 Apostolo
1604 5374 1928 5431 audiamus:
1970 5374 2228 5448 Nunquid

636 5460 819 5518 domos
846 5480 950 5520 non
973 5466 1172 5522 habetis
1196 5467 1267 5521 ad
1293 5470 1497 5540 agenda
1540 5468 1626 5524 vel
1665 5469 1932 5540 loquenda
1957 5477 2230 5541 tempora-

636 5549 709 5607 lia
730 5593 746 5617 ,
771 5563 865 5608 aut
893 5552 1189 5612 Ecclesium
1223 5556 1317 5612 Dei
1342 5560 1675 5615 contemnitis
1699 5560 1724 5614 ?
1769 5559 1825 5633 (Ι
1846 5559 1970 5616 Cor.
2000 5577 2055 5617 tu
2077 5602 2093 5628 ,
2118 5562 2222 5634 εἳ)

639 5654 696 5699 et
720 5645 855 5702 adeo
885 5662 1008 5703 cum
1056 5648 1292 5706 Iudaeis:
1344 5650 1581 5708 Dilectus
1615 5669 1762 5709 meus
1807 5655 1862 5711 in
1905 5655 2061 5711 doma
2106 5670 2224 5713 mea

642 5732 763 5790 fecit
790 5739 985 5794 scelera
1012 5739 1178 5795 multa
1216 5741 1237 5805 (
1258 5740 1372 5797 Jer.
1414 5759 1506 5812 XI,
1550 5743 1682 5813 15).
1736 5745 1804 5806 Et
1830 5745 2060 5806 sollicite
2085 5761 2219 5805 con-
2276 5726 2293 5743 ⁸

2344 3260 2435 3300 nes
2456 3252 2578 3300 sunt
2598 3243 3039 3299 administratorii
3065 3246 3309 3316 spiritus,
3326 3247 3388 3301 in
3412 3244 3699 3301 ntinisteriste
3715 3236 3807 3294 nisti
3896 3240 3897 3275 ἕ

2340 3346 2556 3408 propter
2578 3353 2667 3392 eos
2688 3338 2780 3410 qui
2815 3336 3179 3394 hmeditatens
3217 3342 3425 3413 capiunt
3448 3338 3615 3397 salutis
3630 3337 3653 3390 2
3671 3340 3687 3408 (
3702 3331 3805 3390 Hebr.
3896 3320 3897 3337 ¹

2343 3446 2363 3484 ι
2385 3471 2400 3497 ,
2425 3429 2541 3502 η.)
2567 3429 2802 3486 Maxime
2832 3438 3013 3487 tamen
3045 3432 3280 3503 angelici
3307 3433 3457 3490 nobis
3478 3431 3667 3504 spiritus
3686 3425 3808 3481 adesse
3896 3446 3897 3453 η

2342 3521 2602 3578 credendi
2626 3530 2789 3589 sunt,
2813 3537 2940 3578 cum
2968 3523 3171 3580 divinis
3210 3526 3508 3597 specialiter
3538 3521 3807 3590 mancipauit

2341 3612 2639 3682 obsequiis,
2666 3611 2720 3668 id
2744 3622 2855 3679 est,
2881 3627 3004 3669 cum
3027 3613 3318 3672 ecclesiam
3345 3614 3554 3688 ingressi
3570 3652 3584 3680 ,
3603 3610 3669 3667 rei
3690 3606 3807 3663 lectio-

2342 3704 2503 3762 nibus
2549 3705 2726 3761 sacris
2748 3719 2938 3761 aurem
2964 3708 3469 3773 accommodamus,
3493 3706 3568 3763 vel
3593 3696 3807 3777 psalmodi!

2341 3809 2562 3867 operam
2602 3797 2825 3863 damus,
2863 3796 2951 3853 vel
2993 3794 3234 3854 orationi
3272 3788 3806 3859 incumbimus,maxint

2341 3898 2526 3944 autem
2572 3904 2696 3945 cum
2742 3888 3035 3945 missarum
3081 3889 3348 3947 solemnia
3387 3875 3807 3947 celebramusmndt

2339 3990 2397 4039 et
2435 3982 2692 4039 admonet
2731 3982 3063 4054 Apostolus:
3094 3981 3294 4040 Mulier
3336 3984 3391 4038 in
3431 3979 3621 4038 ecclesia
3653 3973 3808 4029 sulm

2339 4093 2497 4147 super
2519 4086 2674 4147 caput
2701 4076 2891 4132 habere
2912 4086 3125 4149 propter
3148 4077 3361 4149 angelos
3388 4076 3458 4150 (1
3484 4073 3594 4130 Cor.
3618 4085 3687 4135 st,
3708 4061 3804 4133 10).
3896 4068 3897 4105 ἶ

2338 4176 2397 4224 et
2439 4170 2703 4239 propheta
2745 4169 2823 4224 ait
2856 4186 2869 4223 :
2917 4167 2987 4224 In
3028 4179 3311 4242 conspectu
3337 4167 3629 4239 angelos-ut
3660 4155 3806 4232 βοείη
3896 4172 3897 4183 ‘

2339 4264 2434 4319 tibi
2463 4263 2651 4335 (I’sal.
2679 4278 2933 4330 cxxxvu,
2967 4261 3060 4337 1).
3092 4262 3209 4321 Nec
3242 4262 3468 4320 dubitari
3493 4260 3629 4321 licet,
3651 4252 3716 4321 ubi
3734 4260 3808 4303 on-

2338 4357 2488 4428 poris
2515 4366 2571 4413 et
2595 4358 2875 4429 sanguinis
2905 4356 3175 4413 Dominici
3214 4356 3467 4430 mysteria
3500 4358 3725 4426 geruntur,
3753 4355 3809 4395 sn-
3896 4380 3897 4391 η

2342 4464 2634 4519 pernorum
2667 4449 2867 4504 civium
2901 4448 3094 4505 adesse
3122 4458 3420 4506 conventus
3438 4486 3454 4513 ,
3478 4444 3559 4516 qui
3586 4445 3808 4499 monumen-

2342 4551 2455 4598 tum
2484 4557 2593 4614 quo
2629 4557 2831 4614 corpus
2869 4542 3045 4614 ipsum
3084 4541 3397 4600 venerabile
3434 4540 3638 4614 positum
3668 4530 3808 4587 luem,

2339 4644 2396 4691 et
2440 4633 2585 4691 unde
2626 4635 2964 4703 resurgendo
3003 4635 3376 4702 abscesserat,
3418 4642 3518 4687 tam
3553 4620 3714 4684 sedulis
3735 4628 3807 4671 ser-

2339 4736 2473 4782 vant
2521 4726 2790 4783 escubiis.
2847 4724 3004 4782 Unde
3050 4726 3283 4785 solerter
3322 4723 3619 4783 studendum
3655 4722 3740 4776 est.
3771 4711 3807 4760 Ill

2341 4832 2466 4875 cum
2489 4819 2777 4875 ecclesiam
2799 4817 2887 4875 vel
2913 4818 2983 4874 ad
3010 4817 3210 4875 divina:
3238 4819 3409 4875 laudis
3431 4814 3590 4872 debita
3614 4799 3804 4866 ωινωὼ.

2334 4909 2422 4965 vel
2467 4910 2678 4983 agenda
2723 4910 3013 4965 missarum
3063 4908 3325 4966 solemnia
3362 4909 3629 4968 intramus,
3661 4901 3806 4964 δίπυροι

2336 5000 2597 5071 angelicae
2636 5000 2941 5071 praesentia
2971 5014 3274 5071 memores,
3299 5014 3422 5057 cum
3448 4997 3619 5052 timore
3640 4998 3682 5044 et
3700 4994 3806 5037 vene-

2335 5093 2548 5147 ratione
2586 5092 2930 5162 competenti
2975 5090 3195 5148 cteleste
3239 5089 3581 5161 complcamus
3618 5074 3803 5138 udicium:

2338 5187 2393 5242 in
2419 5185 2726 5255 exemplum
2766 5184 3093 5241 l‘etninarum
3132 5185 3244 5242 Deo
3281 5185 3601 5241 derutarum,
3631 5183 3721 5243 (ἰυκ
3748 5176 3805 5255 Ψ

2334 5280 2654 5351 parentibus
2682 5280 2752 5335 ad
2780 5288 3193 5339 monumentum
3222 5277 3426 5350 angelis
3448 5271 3647 5331 timuisse
3666 5279 3712 5318 sc
3730 5254 3805 5351 sul-

2334 5348 2445 5430 tum
2472 5374 2768 5431 declinasse
2799 5387 3090 5432 narrantur
3116 5376 3170 5431 in
3198 5348 3390 5430 terram
3419 5370 3571 5446 ('Lsc.
3595 5372 3718 5459 ut".
3732 5348 3800 5459 Ξ
3896 5418 3897 5429 χ

2334 5468 2443 5526 Sed
2471 5478 2526 5526 et
2555 5470 2711 5525 nobis
2741 5468 2980 5542 typicum
3009 5471 3252 5541 praebent
3275 5444 3587 5535 exemplum,
3611 5464 3659 5509 ut
3678 5448 3713 5504 si
3732 5444 3800 5499 Do:

2333 5564 2543 5620 mitium
2584 5562 2865 5628 invenire,
2911 5563 2956 5617 si
3007 5560 3319 5632 angelorum
3364 5552 3684 5613 desideramus
3710 5542 3801 5632 ρτὲ

2334 5656 2506 5715 sentin
2537 5625 2869 5719 confortari,
2895 5655 3212 5727 abjiciamus
3236 5664 3393 5722 opera
3432 5625 3802 5727 tenebraﬂ'nlv.“

2334 5749 2624 5807 induamur
2649 5763 2802 5805 arma
2840 5747 3006 5816 lucis,
3042 5750 3181 5807 sicut
3220 5745 3275 5803 in
3310 5744 3395 5800 die
3420 5740 3614 5799 honeste
3634 5715 3801 5786 θεων
