3906 5744
110 411 200 470 9οὸ

1245 398 1336 456 DE
1371 394 1717 457 CAVENDIS
1751 394 1954 454 Vl'l'IIS
1983 438 1999 465 ,
2037 399 2191 458 ETC.

3233 408 3339 466 906

103 540 227 583 mus.
274 520 432 577 Decet
487 526 666 574 autem
717 531 848 583 nos,
903 514 1048 573 sicut
1097 527 1325 585 operum
1374 515 1643 570 bonorum
1671 517 2063 583 Apeccatores
2095 518 2352 588 gerimus,
2403 528 2461 575 et
2505 519 2609 591 ipsi
2656 520 2977 580 circumdati
3025 524 3340 585 inﬁrmitate

103 615 209 670 luce
259 610 521 683 lulgidos,
566 609 641 663 ita
685 608 852 664 etiam
903 605 1229 676 spiritalium
1272 604 1654 675 operationum

108 707 314 763 refertos
338 704 509 775 gratia
527 743 542 769 ,
570 702 858 757 Dominum
885 713 1155 771 quaerere.
1190 698 1345 756 Unde
1372 699 1509 754 bene
1538 713 1656 753 mu-

101 798 271 860 lieres,
314 809 432 863 qure
478 791 716 847 diluculo
771 792 839 845 ad
890 798 1300 844 monumentum
1352 795 1653 854 venerant,

101 896 316 945 aromata
345 900 467 956 quae
492 891 826 956 paraverant
852 897 1037 938 secum
1066 890 1317 951 portasse
1346 879 1656 935 referuntur

103 981 252 1054 (Luc.
280 994 443 1043 xxiv,
478 980 503 1033 1
530 977 573 1048 ).
608 977 867 1032 Aromata
892 975 1097 1030 etenim
1129 983 1313 1029 nostra
1341 987 1503 1027 voces
1528 979 1658 1027 sunt

98 1071 364 1133 orationis,
412 1070 610 1138 quibus
652 1067 922 1122 desideria
975 1065 1160 1120 cordis
1212 1065 1382 1120 nostri
1427 1064 1656 1120 Domino

95 1158 551 1224 cornnrendamus,
602 1166 900 1213 attestnnte
955 1157 1202 1227 apostolo
1257 1155 1508 1221 Joanne,
1562 1154 1655 1225 qui

94 1252 421 1307 mundissima
465 1261 781 1308 sanctormn
829 1251 1130 1321 praecordia
1176 1250 1403 1320 mystice
1442 1245 1654 1302 descri-

91 1343 241 1399 hens:
274 1342 554 1399 Habebunt
572 1385 587 1408 ,
614 1344 823 1412 inquit,
851 1343 1060 1414 phialas
1087 1359 1277 1397 aureas
1310 1341 1492 1413 plenas
1528 1340 1657 1394 odo-

90 1444 420 1487 rumentorum
446 1474 463 1499 ,
511 1450 628 1506 qua:
666 1445 786 1488 sunt
817 1435 1081 1488 orationes
1109 1441 1413 1487 sanctorum
1445 1430 1652 1503 (Apoc.

92 1523 249 1591 v,8).
299 1522 429 1589 Qure
471 1524 617 1576 enim
667 1522 854 1578 Graece
903 1530 1181 1587 aromata,
1230 1521 1421 1576 Latine
1460 1519 1657 1574 odora-

88 1620 247 1667 menta
275 1622 567 1668 vocantur.
601 1613 848 1668 Diluculo
879 1613 1043 1684 igitur
1081 1619 1326 1667 aromata
1363 1611 1431 1665 ad
1471 1624 1657 1664 monu«

89 1715 303 1759 mentum
333 1706 555 1760 Domini
587 1706 695 1760 huc
722 1720 897 1775 usque
930 1704 1187 1769 ferimus,
1214 1720 1339 1759 cum
1381 1714 1656 1757 memores

86 1796 327 1863 passionis
377 1811 445 1850 ac
491 1796 729 1860 mortis,
766 1810 929 1865 quam
971 1810 1069 1866 pro
1110 1794 1272 1850 nobis
1301 1792 1570 1862 suscepit,
1599 1799 1656 1844 et

1754 613 2043 676 propterea
2068 607 2363 677 debemus,
2405 611 2546 667 sicut
2572 626 2670 683 pro
2697 614 2899 684 populi,
2930 616 3004 671 ita
3034 625 3089 672 et
3119 633 3218 688 pro
3245 634 3342 675 no-

1755 697 1886 752 stris
1912 711 2141 754 exorare
2163 700 2419 771 peccatis.
2450 701 2772 761 Assistentes
2795 715 2973 763 autem
2996 710 3344 768 considerare

1756 786 1973 853 debent,
1996 789 2232 860 qualiter
2250 801 2500 862 oporteat
2522 809 2616 851 eos
2643 795 2699 851 in
2726 810 3017 870 conspectu
3044 801 3347 859 divinitatis

1755 887 1812 933 et
1839 879 2153 951 angelorum
2179 881 2297 952 ejus
2327 884 2583 940 assistere
2609 904 2622 941 :
2649 889 2776 957 quia
2806 890 3086 959 Dominus,
3122 894 3213 966 qui
3242 895 3345 949 hu-

1756 972 1904 1028 milia
1929 975 2150 1045 respicit
2170 984 2224 1031 et
2249 975 2356 1031 alta
2383 991 2412 1031 a
2442 977 2600 1050 longe
2628 984 2936 1053 cognoscit,
2977 1001 3083 1041 non
3111 988 3344 1044 attendit

1757 1067 1823 1121 ad
1850 1068 2119 1137 pretiosas
2142 1079 2323 1126 vestes
2354 1080 2410 1127 et
2441 1074 2508 1127 ad
2540 1075 2827 1133 saeculares
2855 1094 3080 1152 pompas
3101 1122 3117 1149 ,
3148 1083 3347 1155 quibus

1757 1157 1983 1226 quilibet
2027 1168 2137 1215 tam
2177 1162 2279 1217 viri
2322 1179 2484 1234 quam
2518 1163 2730 1222 femina:
2760 1184 2820 1224 se
2847 1187 3114 1229 exornare
3148 1176 3344 1239 solent,

1756 1252 1850 1304 sed
1896 1250 1962 1304 ad
2008 1267 2104 1306 cor
2148 1254 2441 1310 contritum
2481 1264 2539 1309 et
2577 1256 2937 1316 humiliatum.
2986 1262 3348 1330 Quantislibet

1756 1339 1900 1393 enim
1931 1342 2047 1395 auri
2077 1350 2136 1397 et
2166 1345 2374 1414 argenti
2420 1345 2651 1402 molibus
2694 1349 3088 1416 circumdetur,
3125 1355 3349 1425 quibus-

1755 1429 1886 1486 libet
1914 1434 2167 1502 pretiosis
2194 1437 2436 1493 vestibus
2468 1440 2723 1495 induatur
2752 1458 2902 1508 caro,
2932 1447 3062 1514 quid
3088 1456 3176 1502 est
3201 1447 3349 1503 aliud

1755 1521 1861 1577 nisi
1889 1523 2055 1577 caro?
2096 1524 2212 1580 Non
2260 1542 2389 1598 ergo
2430 1529 2692 1588 debemus
2719 1536 3000 1592 attendere
3025 1538 3155 1608 quid
3183 1538 3348 1595 liabe-

1755 1627 1910 1678 mus,
1952 1614 2047 1669 sed
2088 1615 2216 1685 quid
2257 1617 2445 1673 simus.
2496 1619 2763 1691 Propheta
2812 1625 2957 1680 enim
2996 1627 3171 1683 dicit:
3217 1625 3349 1683 Vere

1759 1700 1936 1771 fenum
1964 1713 2040 1758 est
2065 1707 2321 1776 populus,
2364 1718 2414 1763 et
2459 1712 2628 1766 omnis
2673 1730 2797 1768 caro
2845 1716 3058 1785 fenum,
3092 1727 3142 1772 et
3174 1716 3348 1789 gloria

1757 1798 1872 1868 ejus
1896 1800 2030 1854 sicut
2057 1803 2156 1870 ﬂos
2183 1801 2291 1870 feni
2317 1802 2450 1873 (lsa.
2480 1820 2565 1870 xc,
2596 1807 2672 1878 6).
2701 1806 2984 1866 Multitudo
3006 1811 3149 1867 enim
3174 1828 3344 1884 gene-

84 1885 337 1939 actionum
378 1884 656 1940 bonarum
704 1885 973 1955 proximis
1024 1884 1161 1940 foris
1180 1885 1359 1939 lucem
1392 1891 1654 1937 monstra-
1685 1872 1731 1933 Β
1758 1890 1834 1944 ris
1866 1891 2085 1946 humani
2105 1933 2121 1958 ,
2153 1909 2274 1963 (μίας
2303 1908 2400 1963 ρει·
2427 1898 2767 1955 nativitatem
2803 1902 3027 1958 virescit
3054 1903 3106 1958 in
3136 1918 3302 1960 came
3324 1947 3343 1970 ,

82 1992 225 2041 mus,
271 1986 327 2032 et
381 1979 661 2033 suavitate
714 1994 866 2048 purae
914 1979 1347 2049 compunctionis
1393 1978 1539 2031 intus
1591 1976 1645 2030 in

80 2064 224 2120 corde
247 2064 549 2123 ferremus.
576 2068 733 2136 Quod
759 2078 814 2122 et
834 2068 1089 2133 omnibus
1118 2069 1289 2133 horis,
1316 2078 1374 2123 et
1404 2076 1650 2138 tempore

81 2157 292 2211 maxime
368 2157 496 2213 ﬁeri
580 2169 798 2230 oportet
866 2176 991 2215 cum
1078 2159 1364 2216 ecclesiam
1436 2157 1649 2216 oraturi

79 2230 411 2315 ingredimur,
441 2264 569 2304 cum
604 2251 986 2321 appropiamus
1024 2251 1182 2305 altari
1227 2251 1492 2307 Dominici
1532 2267 1649 2306 cor-

73 2334 205 2400 poris
247 2344 303 2390 et
341 2338 633 2408 sanguinis
663 2342 918 2411 mysteria
948 2341 1238 2410 sumpturi.
1274 2340 1331 2395 Si
1361 2340 1506 2396 enim
1537 2356 1651 2395 mu-

72 2425 216 2484 lieres
245 2437 396 2485 tanta
428 2447 573 2487 cura
601 2447 799 2503 corpus
833 2433 1043 2490 Domini
1070 2434 1645 2504 mortuiquterebant,

71 2532 254 2588 quanto
280 2525 460 2594 magis
490 2525 904 2589 convenimus,
934 2527 1027 2594 qui
1068 2542 1193 2581 eum
1223 2541 1282 2580 re
1313 2526 1589 2582 urresisse
1615 2541 1647 2581 a

70 2626 256 2681 morte,
301 2618 394 2687 qui
429 2618 505 2672 ad
548 2617 715 2673 corios
761 2619 1102 2684 ascendisse,
1151 2618 1242 2688 qui
1292 2618 1532 2688 potentia
1574 2616 1649 2673 di-

70 2706 192 2761 vinxe
219 2707 534 2778 majestatis
558 2709 756 2777 ubique
781 2717 1104 2779 praesentem
1124 2723 1247 2763 esse
1272 2707 1645 2778 cognovimus,

68 2808 174 2850 ctam
202 2798 354 2853 omni
387 2799 704 2854 reverentia
733 2798 852 2867 ejus
876 2808 1064 2854 astare
1087 2798 1499 2867 conspectibus,
1530 2794 1649 2864 ejus

66 2886 280 2955 mystica
314 2888 650 2945 celebrare?
678 2887 822 2944 Bene
861 2895 1042 2942 autem
1086 2887 1321 2941 dicitur:
1367 2884 1650 2941 Portantes

60 2991 167 3041 qua
192 2989 531 3047 paraverant
561 2989 826 3036 aromata.
852 2981 1114 3035 Aromata
1143 2995 1406 3051 namque,
1433 2994 1556 3050 qua!
1579 2979 1649 3034 ad

60 3062 369 3137 obsequium
400 3070 627 3126 Domini
654 3080 961 3140 portamus,
989 3072 1139 3142 prius
1163 3087 1386 3142 parasse
1409 3079 1526 3136 est,
1554 3087 1651 3126 cor

60 3167 174 3211 ante
196 3168 419 3229 tempus
446 3163 717 3219 orationis
762 3179 792 3217 a
829 3164 1181 3232 supervacuis
1223 3176 1529 3235 expurgare
1564 3179 1650 3219 co.
1681 3204 1703 3235 λ

56 3249 410 3315 gitationibus
428 3294 446 3318 ,
479 3262 541 3308 ut
566 3254 619 3308 in
647 3255 762 3324 ipso
788 3263 1029 3325 tempore
1051 3256 1241 3313 orandi
1265 3256 1343 3309 nil
1370 3256 1648 3311 sordidum

57 3350 225 3396 mente
248 3344 542 3415 recipere,
569 3344 646 3399 nil
674 3361 859 3400 rerum
885 3346 1186 3402 labentium
1211 3347 1473 3417 cogitare,
1504 3346 1647 3401 nulla

48 3438 241 3495 praeter
271 3448 338 3487 ea
361 3449 497 3503 qua:
526 3449 836 3503 precamur,
865 3444 921 3489 et
948 3435 1123 3505 ipsum
1149 3435 1235 3490 cui
1260 3436 1649 3507 supplicamus,

52 3522 371 3582 meminisse
398 3527 748 3593 noverimus,
767 3526 925 3598 juxta
949 3527 1067 3598 ejus
1091 3529 1397 3598 exemplum
1424 3529 1514 3601 qui
1542 3529 1646 3585 ait:

49 3608 308 3669 Paratum
341 3633 447 3670 cor
476 3633 649 3671 meum
680 3617 820 3672 Deus
840 3659 855 3684 ,
882 3628 1129 3689 paratum
1170 3635 1263 3674 cor
1284 3636 1455 3675 meum
1477 3636 1497 3675 :
1531 3637 1656 3675 can-

44 3703 190 3772 tabo,
218 3707 511 3776 psalmum
536 3709 709 3764 dicam
736 3709 964 3765 Domino
992 3710 1156 3781 (Luc.
1188 3726 1350 3777 xxiv,
1388 3713 1411 3765 1
1440 3713 1479 3784 ).
1511 3712 1650 3769 Nam

42 3797 134 3864 qui
160 3798 230 3852 ad
258 3800 623 3856 adorandum
656 3801 941 3859 ecclesiam
972 3794 1280 3875 ingressus,
1313 3806 1457 3861 inter
1488 3808 1653 3864 verba

38 3888 309 3945 orationis
356 3893 824 3949 consuetudinem
870 3893 1156 3963 superﬂuae
1192 3896 1539 3967 cogitationis
1583 3897 1655 3953 ab

38 3979 221 4037 animo
262 3980 554 4052 repellere
589 3984 812 4057 negligit
836 4026 850 4052 ,
877 3974 1036 4055 quasi
1077 3987 1364 4044 Dominum
1397 3990 1657 4060 qutesitu-

33 4082 123 4124 rus
154 4072 351 4127 minus
384 4084 590 4143 parata
623 4091 806 4131 secum
839 4087 1087 4134 aromata
1120 4079 1262 4135 tulit.

100 4160 352 4219 Ministri
386 4165 597 4236 quippe
637 4168 811 4222 sancti
849 4168 1037 4225 altaris
1065 4171 1323 4227 debemus
1350 4172 1652 4240 attendere,

29 4255 174 4319 quod
214 4255 425 4310 divina
456 4271 590 4312 voce
626 4258 961 4329 praecipitur,
1006 4268 1066 4315 ut
1111 4261 1166 4315 in
1209 4262 1392 4317 Aaron
1437 4272 1657 4334 pectore

30 4343 312 4400 rationale
340 4344 555 4415 judicii
595 4348 745 4404 vittis
778 4349 1069 4421 ligantibus
1094 4353 1437 4423 lmprimatur
1472 4372 1485 4409 :
1526 4370 1659 4425 qua-

27 4444 190 4492 tenus
219 4438 598 4497 sacerdotale
622 4457 718 4497 cor
743 4459 1088 4516 nequaquam
1116 4447 1474 4518 cogitationes
1498 4447 1658 4506 ﬂuxas

22 4527 391 4595 possideant,
439 4531 538 4587 sed
562 4532 702 4588 ratio
729 4533 844 4589 sola
869 4535 1241 4607 constringat,
1284 4553 1354 4596 ne
1397 4540 1657 4597 indiscre-

25 4624 138 4670 tum
182 4608 342 4690 ‘quid
386 4618 492 4698 vel
544 4621 734 4679 inutile
792 4625 966 4681 sacris
1018 4628 1296 4698 mysteriis
1337 4630 1656 4687 assistentes

19 4696 349 4780 cogitemus
383 4696 400 4765 Ξ
449 4712 576 4781 quia
617 4716 684 4770 ad
725 4717 1034 4788 exemplum
1074 4696 1196 4775 aliis
1238 4722 1547 4791 constituti,
1587 4736 1656 4777 ex

20 4799 307 4865 gravitate
359 4798 505 4855 vitae
544 4817 760 4876 semper
796 4805 1055 4863 debemus
1087 4798 1371 4863 ostendere
1398 4822 1656 4880 quantam

19 4892 308 4948 mtionem
340 4900 639 4962 portemus
676 4896 732 4966 in
770 4904 1011 4964 pectore.
1054 4896 1113 4952 In
1158 4913 1265 4968 quo
1296 4899 1458 4955 etiam
1485 4903 1658 4958 ratio-

19 4982 127 5035 nali
164 4982 500 5054 vigilanter
522 4983 867 5058 adjungitur,
906 4997 967 5043 ut
1002 4988 1283 5044 duodecim
1319 4992 1659 5060 patriarcha-

19 5084 135 5122 rum
167 5072 433 5125 nomina
467 5069 857 5133 describantur.
892 5077 1210 5148 Adscriptos
1240 5080 1440 5136 etenim
1473 5095 1657 5155 patres

19 5168 247 5230 semper
275 5159 339 5214 in
374 5168 604 5229 pectore
622 5166 799 5231 ferre,
842 5176 926 5221 est
966 5168 1310 5239 antiquorum
1346 5171 1509 5231 vitam
1540 5179 1657 5237 sine

28 5250 474 5305 ntermissione
496 5258 755 5324 cogitare.
804 5255 941 5313 Nam
977 5269 1106 5316 tunc
1140 5263 1392 5319 sacerdos
1420 5267 1655 5340 irrepre-

19 5339 396 5396 iensibiliter
427 5343 687 5419 graditur,
745 5362 879 5403 cum
925 5349 1170 5420 exempla
1212 5361 1426 5422 patrum
1455 5339 1660 5430 praece-

19 5428 270 5485 lentium
301 5428 695 5501 indesinenter
720 5441 991 5509 intuetur,
1015 5457 1139 5497 cum
1160 5428 1475 5504 sanctorum
1498 5456 1660 5511 vesti-

19 5520 83 5584 gia
119 5520 258 5576 sine
298 5522 627 5591 cessatione
664 5530 1021 5599 considerat,
1069 5540 1124 5589 et
1168 5534 1524 5607 cogitationes
1555 5546 1661 5604 illi-

19 5609 141 5665 :itas
165 5607 488 5681 deprimit,
508 5630 577 5676 ne
595 5635 769 5682 extra
791 5621 997 5678 ordinis
1017 5621 1242 5679 limitem
1263 5620 1446 5696 operis
1465 5638 1660 5705 pedem

19 5701 193 5744 antht
258 5700 390 5734 ξέν’
426 5710 478 5744 pr
508 5706 560 5744 in
589 5717 691 5744 ιι-..
722 5713 856 5744 ..ε-ι..
885 5724 1217 5744 ..πη-...ηηηηι
1249 5722 1422 5744 ...η-ε-
1446 5700 1484 5744 .“
1623 5734 1635 5744 .

1757 1991 1857 2046 per
1880 1988 2109 2036 mortem
2135 1984 2334 2038 arescit
2360 1984 2412 2038 in
2436 1985 2655 2054 pulvere
2671 2030 2686 2054 ,
2729 1987 2913 2044 fenum
2946 1993 3145 2047 dicitur
3173 2003 3341 2051 recte.

1755 2067 2008 2125 Feminas
2030 2071 2178 2126 en‘im
2208 2082 2430 2130 sanctus
2460 2075 2650 2131 Petrus
2680 2079 2934 2135 admonet
2973 2092 3027 2136 ut
3069 2084 3126 2137 in
3157 2084 3346 2140 timore

1755 2170 1957 2214 castam
2002 2166 2443 2222 conversationem
2494 2183 2646 2222 suam
2692 2172 3143 2230 considerantibus
3193 2192 3346 2231 mon-

1753 2258 1934 2306 strent.
1967 2251 2205 2317 Quarum
2236 2272 2339 2312 non
2374 2258 2440 2311 sit
2475 2261 2795 2317 extrinsecus
2823 2265 3131 2335 capillorum
3166 2269 3346 2340 impli-

1753 2342 1893 2395 catio
1913 2380 1929 2407 ,
1957 2351 2050 2397 aut
2080 2346 2429 2402 circumdatis
2455 2352 2609 2418 auri,
2638 2363 2730 2406 aut
2759 2355 3050 2411 indumenti
3074 2361 3348 2417 vestimen-

1754 2439 1926 2486 torum
1955 2434 2147 2489 cultus.
2190 2436 2297 2493 Sed
2325 2441 2416 2509 qui
2439 2441 2775 2499 absconditus
2800 2457 2875 2500 est
2902 2449 3077 2504 cordis
3104 2452 3259 2507 homo
3287 2455 3347 2508 in

1754 2521 2248 2595 incorruptibilitate
2277 2531 2438 2599 quieti
2465 2540 2514 2585 et
2541 2534 2762 2589 modesti
2793 2539 3027 2607 spiritus,
3061 2541 3153 2613 qui
3183 2552 3258 2597 est
3289 2544 3348 2598 in

1755 2624 2031 2682 conspectu
2055 2615 2157 2670 Dei
2184 2617 2434 2691 locuples.
2469 2621 2561 2677 Sic
2594 2625 2731 2679 enim
2758 2626 3046 2699 aliquando
3072 2643 3121 2688 et
3146 2645 3347 2691 sanctte

1753 2703 1998 2759 mulieres
2041 2719 2308 2777 sperantes
2346 2713 2403 2766 in
2435 2712 2661 2770 Domino
2707 2724 2965 2777 ornabant
3005 2742 3061 2780 se
3097 2727 3347 2798 subjecta:

1752 2796 1978 2864 propriis
2004 2797 2148 2863 viris,
2184 2800 2317 2855 sicut
2340 2800 2477 2857 Sara
2505 2805 2769 2863 obediebat
2797 2812 3039 2881 Abralur,
3072 2796 3347 2875 dominum

1753 2901 1871 2940 eum
1902 2902 2111 2954 vocans,
2142 2891 2294 2960 cujus
2316 2904 2447 2948 sunt
2473 2896 2600 2964 ﬁlia:
2634 2898 3015 2971 benefacientes
3050 2917 3101 2963 et
3139 2926 3243 2967 non
3281 2914 3349 2967 ti-

1754 2988 1949 3033 mentes
1981 2979 2146 3034 ullam
2168 2985 2612 3051 perturbationem
2642 2989 2692 3062 (1
2721 2988 2867 3048 Petr.
2894 3012 2978 3063 tu,
3011 2988 3088 3072 2).

1828 3067 1966 3124 Sunt
1986 3071 2171 3140 etiam,
2198 3075 2291 3144 qui
2314 3076 2583 3136 intrantes
2602 3083 2889 3141 ecclesiam
2918 3103 3024 3145 non
3045 3067 3119 3147 ide
3146 3105 3343 3152 ornatu

1720 3172 1729 3194 θ
1754 3159 2007 3226 vestium,
2030 3176 2131 3217 nec
2157 3164 2210 3217 in
2232 3165 2473 3235 quaiibet
2497 3184 2690 3243 pompa
2717 3173 3047 3247 gloriantur;
3073 3184 3165 3237 sed
3188 3187 3347 3255 quasi

1755 3247 2033 3304 humiliter
2069 3252 2254 3308 multis
2288 3256 2640 3325 psalmodiam
2675 3264 2760 3320 vel
2797 3268 3100 3325 orationem
3136 3247 3343 3330 sermo-

1751 3342 1912 3399 nibus
1942 3348 2256 3417 compositis
2281 3351 2605 3425 prolongant
2630 3373 2645 3411 :
2669 3372 2795 3414 cum
2824 3360 2965 3417 sicut
2990 3362 3180 3421 beatus
3207 3369 3348 3425 dici:
3392 3406 3398 3410 -
3492 3378 3497 3382 ‘

1750 3434 2047 3507 Gregorius
2070 3478 2087 3506 ,
2134 3442 2401 3499 veraciter
2438 3456 2527 3501 est
2570 3462 2729 3506 orare
2765 3467 2982 3511 amaros
3009 3457 3064 3512 in
3094 3461 3343 3519 oratione

1752 3531 2004 3600 gemitus,
2032 3540 2089 3588 et
2108 3547 2217 3590 non
2240 3536 2407 3592 verba
2432 3543 2730 3611 composita
2757 3561 3031 3607 resonare.
3057 3550 3131 3608 At
3150 3564 3340 3611 contra

1752 3620 1810 3675 hi
1859 3622 1952 3690 qui
1992 3634 2122 3679 sunt
2161 3640 2258 3682 ore
2285 3629 2503 3698 quidem
2543 3644 2795 3703 orantes,
2841 3641 2935 3695 sed
2978 3652 3159 3700 mente
3205 3645 3342 3703 foris

1751 3721 2041 3783 vagantes,
2083 3719 2229 3773 omni
2262 3723 2519 3779 orationis
2548 3725 2725 3783 fructu
2754 3731 3058 3802 privantur,
3090 3745 3344 3809 putantes

1755 3818 1786 3859 a
1814 3803 1926 3861 Deo
1954 3821 2114 3876 prece
2132 3811 2401 3880 exaudiri,
2430 3815 2555 3884 quia
2584 3832 2687 3874 nec
2720 3819 2821 3890 ipsi
2851 3824 2944 3892 qui
2986 3803 3217 3883 fundunt
3252 3847 3347 3885 au-

1755 3898 1927 3961 diunt.
1973 3900 2127 3968 Quod
2169 3904 2378 3974 antiqui
2416 3908 2590 3965 hostis
2614 3909 2874 3969 instinctu
2914 3916 3029 3972 ﬁeri
3064 3922 3186 3990 quis
3221 3924 3343 3978 ani-

1754 3992 2097 4049 madvertere
2126 3999 2396 4065 nequeat?
2424 3999 2614 4057 Sciens
2642 4004 2787 4058 enim
2815 4006 3103 4066 utilitatem
3127 4015 3345 4082 orandi,

1755 4089 1812 4137 et
1838 4081 2082 4139 invidens
2109 4085 2417 4144 hominibus
2441 4091 2672 4161 gratiam
2703 4093 3061 4166 impetrandi,
3104 4102 3350 4162 immittit

1755 4172 2094 4230 orationibus
2133 4176 2449 4235 multimoda
2495 4181 2879 4252 cogitationum
2919 4187 3117 4246 levium
3157 4202 3212 4248 et
3251 4195 3351 4250 ali-'-

1756 4265 1975 4336 quando
2003 4268 2163 4324 etiam
2198 4270 2439 4340 turpium
2476 4275 2898 4348 nocentiumque
2925 4280 3305 4351 phantasmata
3329 4330 3346 4353 ,

1758 4355 1955 4426 quibus
1979 4359 2285 4417 orationem
2325 4362 2619 4434 impediat,
2672 4368 2807 4424 adeo
2853 4379 2913 4426 ut
2957 4387 3348 4447 nonnunquam

1759 4447 1897 4504 tales
1938 4457 2224 4522 tantosque
2265 4453 2684 4513 discurrentium
2722 4461 3106 4531 cogitationum
3154 4466 3352 4526 ﬂuctus

1681 4573 1732 4633 Β
1758 4541 2017 4611 prostrati
2055 4541 2109 4596 in
2143 4544 2391 4600 oratione
2432 4546 2756 4618 toleremus,
2785 4554 2971 4623 quales
3000 4572 3102 4614 nec
3126 4560 3183 4616 in
3209 4559 3352 4619 lecto

1757 4633 1999 4705 resupini
2038 4633 2284 4705 jacentes
2333 4639 2568 4698 tolerare
2609 4644 2881 4703 novimus.
2929 4648 3084 4706 Unde
3128 4670 3356 4713 necesse

1756 4732 1860 4791 est,
1891 4733 1950 4779 ut
1977 4727 2221 4798 agnitum
2252 4730 2493 4786 animum
2519 4734 2589 4791 ab
2613 4734 2920 4805 hujusmodi
2944 4743 3180 4814 nebulis,
3217 4760 3357 4816 quas

1758 4817 1933 4874 hostis
1958 4833 2247 4891 aspergere
2271 4824 2491 4893 gaudet,
2520 4827 2574 4882 in
2606 4837 2868 4898 quantum
2893 4848 3179 4902 possumus
3203 4852 3357 4894 sere-

1759 4907 1964 4974 nando,
1985 4918 2042 4964 et
2068 4910 2143 4980 pii
2168 4909 2474 4969 defensoris
2498 4926 2817 4989 perpetuum
2847 4920 3138 4991 ﬂagitando
3166 4929 3358 4997 praasi-

1764 4997 1934 5064 dium,
1959 5000 2051 5069 qui
2072 5010 2265 5073 potens
2286 5013 2369 5060 est
2387 5009 2683 5076 quamlibet
2703 5009 2938 5080 indignis
2958 5017 3356 5087 peccatoribus,

1765 5096 1819 5143 et
1843 5103 1978 5158 pure
2002 5092 2191 5147 orandi
2215 5101 2271 5149 et
2294 5096 2533 5166 perfecte
2562 5100 2884 5168 impetrandi
2915 5107 3209 5162 concedere
3234 5124 3361 5180 gra-

1765 5179 1918 5247 tiam,
1947 5182 1994 5237 si
2022 5197 2053 5237 a
2079 5188 2349 5253 precando
2376 5202 2483 5243 non
2516 5201 2814 5251 cessamus.
2843 5189 3124 5252 imitantes
3152 5179 3358 5256 caecum

1766 5273 1915 5330 illum
1934 5314 1949 5340 ,
1977 5274 2044 5330 de
2073 5293 2180 5348 quo
2210 5278 2262 5332 in
2290 5280 2584 5350 Evangelio
2613 5279 2815 5334 dicitur
2842 5298 2856 5334 :
2894 5282 3031 5349 Quia
3057 5289 3220 5343 multo
3244 5308 3360 5345 nta-

1765 5365 1842 5435 gis
1868 5365 2229 5423 clamabat:F
2231 5369 2290 5423 ili
2315 5369 2514 5439 David,
2544 5371 2792 5427 miserere
2813 5374 2919 5427 mei
2939 5375 3131 5446 (Marc.
3160 5397 3213 5445 χ,
3241 5381 3358 5455 48).

1765 5456 1899 5525 Quia
1930 5466 2136 5527 quanto
2162 5459 2409 5530 graviore
2444 5461 2677 5516 tumultu
2718 5461 3116 5528 cogitationum
3157 5485 3358 5527 cama-

1764 5547 1894 5604 lium
1934 5550 2247 5620 premimur,
2296 5558 2448 5605 tanto
2491 5548 2733 5608 orationi
2777 5549 3037 5613 insistere
3082 5560 3362 5639 ardentius

1763 5642 2040 5701 debemus.
2072 5645 2208 5712 Quia
2236 5644 2492 5701 nimirum
2521 5659 2748 5705 necesse
2775 5654 2904 5716 est,
2944 5659 3007 5707 ut
3039 5635 3144 5711 vox
3176 5635 3366 5715 cordis
