4006 6338
615 411 719 466 907

1444 405 1793 463 ΙΙΙΝΕΜΛΠΙ.
1815 406 2029 464 RHEM.
2069 405 2225 462 ARCI

2327 407 2388 464 P.
2434 407 2804 467 OPUSCULA
2850 413 3082 468 VAlllA.
3732 429 3803 486 903

621 530 687 584 ad
719 529 835 599 pias
866 541 1027 582 aures
1071 522 1281 580 Domini
1314 521 1598 577 nimietate
1640 537 1752 577 sum
1792 520 2214 593 importunitatis
2243 526 2289 583 Λ
2321 525 2604 592 superavit
2655 527 2880 582 recedit.
2933 527 3025 583 Sic
3063 538 3116 583 et
3146 531 3239 599 qui
3270 539 3457 600 certat,
3503 534 3551 592 in
3587 536 3806 603 luctamine

621 627 891 689 erumpat.
925 615 1059 669 Nam
1091 628 1234 682 saepe
1261 612 1313 665 in
1347 611 1464 682 ipso
1490 612 1757 669 orationis
1786 620 1984 667 nostra:
2011 609 2215 665 sacriﬁ-

622 709 710 765 cio
750 707 1072 778 importunae
1113 716 1174 757 se
1212 700 1567 772 cogitationes
1613 700 1899 772 ingerunt,
1948 715 2069 769 qua:
2112 699 2216 754 hoc

624 817 818 874 rapere
864 799 951 855 vel
998 794 1273 852 maculare
1320 792 1566 858 valeant,
1611 791 1755 862 quod
1803 792 1856 845 in
1904 790 2060 845 nobis
2106 790 2217 845 Deo

623 892 811 953 flentes
859 884 1222 943 immolamus.
1275 881 1382 938 Sed
1429 881 1474 937 si
1524 880 1667 936 Deus
1716 880 1770 935 in
1819 879 2065 935 oratione
2110 893 2218 934 non

625 980 921 1051 quaeritur,
959 977 1120 1033 citius
1166 975 1382 1030 animus
1411 974 1465 1028 in
1495 972 1742 1029 oratione
1783 971 2055 1028 lassatur:
2090 971 2216 1040 quia

625 1088 747 1128 cum
776 1071 867 1126 ilia
898 1070 1127 1140 quisque
1153 1066 1413 1140 postulat,
1443 1081 1562 1135 qua:
1588 1064 1820 1120 fortasse
1843 1063 2000 1134 juxta
2036 1063 2221 1119 occul-

628 1172 739 1218 tum
776 1160 1044 1231 judicium
1092 1159 1236 1215 Deus
1281 1159 1521 1212 tribuere
1568 1166 1804 1220 recusat,
1855 1157 1954 1227 ipsi
2004 1170 2220 1227 quoque

624 1257 777 1314 venit
800 1257 855 1312 in
887 1255 1105 1312 fastidio
1131 1254 1221 1324 qui
1256 1269 1360 1307 non
1385 1251 1500 1306 vult
1526 1252 1656 1308 dare
1683 1252 1827 1321 quod
1851 1260 2082 1305 amatur.
2114 1249 2220 1304 Sed

627 1361 686 1402 se
714 1346 886 1416 magis
909 1344 1168 1401 Dominus
1194 1357 1358 1413 quam
1385 1356 1448 1396 ea
1476 1356 1597 1411 quze
1621 1341 1861 1396 condidit
1887 1339 1998 1394 vult
2024 1338 2220 1404 amari,

627 1449 683 1496 et
714 1447 917 1495 aeterna
949 1437 1128 1509 potius
1153 1452 1316 1506 quam
1352 1443 1563 1489 terrena
1595 1432 1886 1505 postulari,
1920 1432 2059 1488 sicut
2087 1431 2222 1487 serio

627 1536 781 1601 ptum
808 1537 893 1584 est
922 1547 935 1582 :
967 1527 1198 1593 Quatrite
1224 1541 1440 1595 regnum
1470 1524 1594 1586 Dei,
1638 1533 1684 1578 et
1729 1525 1840 1578 Ita'c
1880 1524 2057 1577 omnia
2082 1521 2225 1592 adji-

630 1623 838 1676 cientur
862 1619 1003 1674 vobis
1035 1616 1250 1691 (Matth.
1280 1632 1356 1680 v1,
1383 1616 1497 1686 '55).
1538 1615 1643 1682 Qui
1686 1615 1831 1669 enim
1874 1630 1980 1669 non
2017 1613 2094 1668 ait
2129 1614 2225 1667 da-

628 1713 854 1776 buntur,
886 1710 981 1765 sed
1014 1707 1339 1778 adjicientnr
1363 1706 1544 1769 vobis,
1580 1706 1825 1777 profecto
1853 1705 2052 1760 indicat
2078 1703 2225 1759 aliud

628 1815 750 1856 esse
779 1800 923 1871 quod
952 1797 1325 1871 principaliter
1352 1796 1533 1861 datur,
1562 1795 1706 1849 aliud
1734 1796 1876 1865 quod
1909 1793 2224 1863 superaddi-

629 1900 721 1945 tnr
746 1908 759 1944 :
787 1890 913 1960 quia
945 1889 1100 1944 nobis
1131 1889 1184 1943 in
1214 1887 1516 1943 intentione
1541 1887 1840 1949 :eternitas,
1882 1888 1934 1939 in
1970 1900 2069 1940 usu
2094 1900 2223 1939 vero
2254 1879 2298 1938 Β

630 1974 1004 2052 temporalitas
1034 1994 1153 2036 esse
1181 1979 1361 2044 debet,
1391 1988 1445 2033 et
1472 1979 1600 2033 illud
1632 1979 1793 2034 datur
1818 1997 1847 2032 a
1878 1976 2008 2041 Deo,
2035 1985 2089 2032 et
2120 1977 2225 2031 hoc

631 2074 891 2128 nimirum
918 2088 985 2127 ex
1016 2070 1343 2126 abundantia
1377 2070 1593 2123 additur
1621 2084 1804 2139 super,
1840 2077 1895 2122 et
1925 2077 2104 2122 tamen
2131 2067 2227 2121 ho-

631 2165 809 2221 mines
836 2178 1000 2234 smpe,
1024 2163 1151 2219 dum
1174 2164 1313 2219 bona
1341 2161 1657 2232 temporalia
1682 2161 1955 2231 postulant
1972 2201 1987 2226 ,
2018 2167 2222 2214 :eterna

631 2269 761 2309 vero
788 2253 1009 2325 prtemia
1037 2267 1144 2307 non
1175 2251 1495 2321 requirunt,
1538 2259 1730 2321 petunt
1764 2251 1907 2321 quod
1949 2249 2222 2318 adjicitur,

631 2354 687 2399 et
716 2344 844 2399 illud
882 2358 987 2398 non
1025 2343 1338 2399 desiderant
1375 2341 1464 2397 ubi
1503 2341 1789 2411 adjiciantur
1826 2361 1839 2397 :
1886 2357 1989 2396 nec
2015 2341 2225 2394 lucrum

632 2452 745 2491 suae
770 2436 1046 2506 petitionis
1067 2449 1188 2491 esse
1213 2435 1495 2505 deputant,
1522 2434 1565 2489 si
1591 2434 1682 2489 hic
1707 2442 1834 2489 sunt
1860 2432 2227 2503 temporaliter

630 2540 919 2597 pauperes,
956 2535 1010 2581 et
1036 2525 1146 2580 illic
1183 2524 1516 2581 beatitudine
1553 2523 1749 2579 divites
1774 2525 2110 2579 intetcrnum
2148 2522 2226 2576 vi-

633 2630 797 2684 vant;
844 2619 935 2676 sed
962 2618 1092 2676 solis
1119 2628 1175 2673 ut
1202 2618 1403 2674 dictum
1433 2625 1517 2673 est
1545 2616 1848 2672 visibilibns
1876 2616 2100 2681 intenti,
2141 2614 2235 2668 la-.

630 2712 763 2766 bore
800 2710 1179 2782 postulationis
1218 2716 1452 2765 rcmtunt
1489 2707 1781 2763 invisibilia
1825 2708 2076 2762 mercari.
2121 2705 2226 2772 Qui

632 2806 677 2859 si
708 2820 940 2875 superna
970 2810 1299 2873 quaererent,
1328 2802 1439 2872 jam
1467 2816 1588 2855 cum
1616 2799 1792 2855 fructu
1818 2799 2057 2855 laborem
2086 2796 2224 2851 acci-

633 2905 823 2973 perent
856 2914 868 2949 :
905 2895 1031 2966 quia
1060 2909 1183 2949 cum
1215 2907 1368 2947 mens
1394 2892 1449 2946 in
1481 2892 1732 2961 precibus
1762 2891 1829 2945 ad
1868 2890 2107 2945 auctoris
2141 2887 2224 2943 sui

631 2989 867 3059 speciem
896 2986 1143 3052 anhelat,
1185 2985 1383 3041 divinis
1427 2985 1710 3040 desideriis
1755 2982 2084 3038 inﬂammata
2131 2998 2226 3037 su-

630 3079 819 3150 pernis
849 3077 1214 3148 conjungitur,
1252 3077 1319 3131 ab
1350 3074 1702 3131 inferioribus
1732 3086 2036 3145 separatur,
2068 3090 2221 3130 amo—

634 3183 748 3223 rem
772 3166 1000 3222 fervoris
1022 3168 1103 3221 sui
1128 3166 1299 3236 aperit
1325 3175 1384 3220 ut
1404 3160 1599 3235 capiat,
1625 3176 1680 3220 et
1702 3166 1918 3236 capiens
1942 3166 1992 3218 in
2011 3164 2223 3220 ﬁannna

631 3256 961 3326 amorisjam
987 3271 1202 3312 sursum
1232 3255 1311 3310 ire
1332 3265 1414 3311 est
1440 3275 1451 3310 :
1478 3257 1712 3327 dumque
1736 3272 1930 3327 magno
1955 3256 2227 3311 desiderio
2254 3257 2297 3318 C

634 3350 701 3405 ad
729 3348 971 3405 coelestia
1011 3348 1204 3413 inhiat,
1241 3347 1381 3402 miro
1406 3348 1566 3403 modo
1588 3348 1690 3403 hoc
1716 3349 1888 3417 ipsum
1916 3347 2060 3416 quod
2087 3348 2225 3402 acci-

632 3457 762 3513 pere
791 3442 988 3512 qumrit
1015 3442 1264 3511 degustat
1290 3439 1625 3511 (Moralium,
1673 3439 1766 3494 lib.
1809 3457 1899 3494 XVI
1920 3480 1935 3506 ,
1963 3458 2077 3509 cap.
2112 3441 2225 3512 19).

636 3532 789 3588 Unde
831 3533 1107 3587 Abraham
1142 3529 1295 3602 (Cen.
1328 3546 1418 3597 xv,
1446 3530 1555 3601 ll),
1582 3546 1704 3586 cum
1732 3531 1800 3586 ad
1827 3546 2077 3587 occasum
2102 3533 2229 3587 solis

634 3622 961 3678 sacriﬁcium
994 3620 1248 3687 offerret,
1288 3621 1605 3676 insiSIentes
1646 3636 1776 3677 aves
1808 3621 2059 3692 pertulit,
2094 3636 2229 3691 quas

637 3714 879 3769 studiose
905 3726 974 3768 ne
1001 3712 1239 3768 oblatum
1270 3712 1596 3767 sacriﬁcimn
1629 3722 1883 3783 raperent
1910 3712 2108 3782 abegit.
2138 3711 2229 3767 Sic

634 3823 754 3862 nos.
788 3808 913 3862 dum
947 3807 999 3861 in
1028 3802 1125 3860 ara
1148 3806 1328 3861 cordis
1375 3806 1752 3861 holocaustum
1784 3807 1895 3861 Deo
1927 3806 2224 3870 offerimus,

637 3899 705 3951 ab
731 3898 1025 3952 immundis
1071 3898 1173 3952 hoc
1227 3896 1537 3952 volucribus
1581 3898 1977 3963 custodiamus,
2011 3913 2078 3952 ne
2111 3914 2226 3950 ma-

638 3990 768 4062 ligni
806 3991 1028 4060 spiritus
1067 3999 1121 4045 ct
1145 4005 1417 4059 perversa:
1454 3990 1806 4060 COgitationes
1840 3990 2049 4059 rapiant
2084 3989 2226 4058 quod

636 4098 793 4140 mens
837 4092 1022 4140 nostra
1072 4082 1270 4138 offerre
1322 4082 1554 4137 Domino
1604 4079 1810 4157 utiliter
1855 4088 2055 4149 Sperat.
2091 4100 2108 4132 ι
2163 4080 2230 4133 Et

637 4176 779 4231 sicut
816 4170 955 4246 apud
998 4176 1151 4232 lsaac
1193 4174 1461 4246 Al10pbyli
1511 4172 1737 4229 effossos
1779 4182 1971 4242 puteos
2015 4176 2225 4242 replere

636 4268 885 4323 nituntur
914 4266 1070 4339 (Gen.
1101 4268 1276 4339 xxvi),
1303 4267 1375 4320 ita
1406 4265 1662 4319 nimirum
1690 4265 1951 4320 immundi
1980 4265 2223 4334 spiritus,

637 4367 760 4414 cum
812 4375 911 4415 nos
957 4356 1197 4414 studiose
1226 4373 1322 4412 cor
1351 4356 1536 4412 fodere
1572 4356 1933 4425 conspiciunt,
1969 4371 2066 4425 per
2096 4371 2225 4411 con-

637 4458 818 4521 gestas
849 4448 1006 4503 nobis
1046 4447 1407 4502 tentationum
1445 4446 1803 4517 cogitationes
1832 4447 2052 4516 rapiunt
2079 4447 2222 4517 quod

638 4557 794 4595 mens
822 4548 1004 4595 nostra
1028 4538 1226 4595 offerre
1254 4555 1312 4594 se
1340 4539 1569 4596 Domino
1596 4549 1780 4610 sperat
1809 4539 2035 4594 utiliter.
2071 4539 2224 4595 Unde

636 4643 792 4685 mens
817 4629 1127 4685 evacnanda
1162 4638 1268 4695 est,
1302 4629 1744 4700 incessanterque
1773 4628 2047 4697 fodienda,
2084 4647 2154 4687 ne
2177 4632 2223 4687 si
2255 4606 2303 4665 D

637 4717 944 4774 indiscussa
984 4718 1328 4789 relinquitur,
1363 4735 1535 4790 usque
1567 4721 1632 4776 ad
1662 4720 1911 4777 timorem
1940 4738 2231 4793 perverso-

639 4826 760 4867 rnm
804 4825 1026 4883 operum
1073 4812 1572 4884 cogitationnmque
1613 4828 1778 4884 super
1815 4829 1914 4869 nos
1962 4824 2105 4870 terra
2136 4831 2231 4871 eu-

634 4902 887 4961 muletur.
923 4903 1108 4978 (Hom.
1155 4905 1221 4961 14
1266 4906 1321 4961 in
1348 4905 1567 4980 Ezeclt.)
1605 4906 1710 4963 «Et
1747 4906 1935 4975 Iacob,
1980 4909 2073 4980 qui
2106 4924 2231 4966 cum

639 4997 830 5069 angelo
879 4999 1160 5054 contendit
1208 4998 1364 5071 (Cen.
1400 5003 1603 5071 χχιιι),
1646 5000 2073 5073 uniuscujusque
2106 5019 2231 5075 per-

639 5091 765 5146 fecti
794 5092 897 5147 viri
926 5100 980 5148 et
1009 5092 1062 5147 in
1096 5093 1557 5164 contemplatione
1588 5094 1751 5165 positi
1779 5096 2016 5150 animam
2043 5098 2227 5166 expri-

638 5184 738 5238 mit
764 5202 777 5239 :
806 5184 933 5255 quia
985 5185 1237 5241 videlicet
1279 5184 1486 5252 anima,
1514 5201 1638 5242 cum
1666 5188 2021 5259 contemplari
2047 5188 2229 5244 Domi-

639 5292 768 5331 mnn
816 5277 1042 5343 nititur,
1097 5277 1246 5334 velut
1295 5277 1352 5333 in
1398 5278 1633 5348 quodam
1687 5280 1988 5335 certamine
2031 5282 2228 5351 posita,

636 5369 799 5425 modo
820 5369 974 5441 quasi
1002 5379 1322 5440 exsuperat,
1351 5371 1477 5441 quia
1501 5370 1851 5443 intelligendo
1872 5381 1927 5426 et
1950 5374 2233 5429 sentiendo

639 5460 707 5515 de
754 5460 1227 5533 incircumscripto
1265 5461 1471 5518 lumine
1517 5460 1722 5532 aliquid
1753 5461 2043 5533 degustat:
2071 5464 2233 5518 modo

640 5568 771 5609 vero
806 5554 1134 5622 succumbit,
1163 5555 1292 5627 quia
1322 5564 1378 5611 et
1401 5554 1738 5629 degustando
1771 5558 1970 5612 iterum
2008 5556 2228 5613 deﬁcit:

642 5648 793 5714 quasi
839 5662 970 5704 vero
991 5648 1229 5705 vincitur
1272 5649 1519 5720 angelus,
1553 5651 1779 5721 quando
1826 5650 2103 5707 intellectu
2148 5651 2232 5706 in-

642 5737 777 5792 timo
824 5739 1248 5811 apprehenditur
1287 5741 1450 5797 Deus.
1481 5761 1500 5797 ι
1531 5741 1639 5799 Sed
1688 5752 1868 5799 tamen
1913 5744 1979 5799 ad
2027 5753 2230 5800 semet-

645 5827 818 5896 ipsam
840 5831 1088 5900 protinus
1115 5834 1515 5901 reverberatur,
1545 5844 1708 5906 atque
1735 5836 1802 5890 ab
1831 5854 1892 5892 ea
1926 5838 2046 5893 lucc
2067 5852 2229 5908 quam

2316 615 2609 686 aliquando
2638 628 2881 689 superat,
2919 618 3209 690 aliquando
3243 638 3371 679 vero
3396 642 3460 681 eo
3483 641 3593 682 cum
3612 644 3699 699 quo
3719 649 3806 691 con.

2317 708 2488 763 tendit
2528 723 2589 764 se
2627 709 2935 767 inferiorem
2968 711 3191 768 invenit.
3219 715 3435 782 (Morel.
3473 717 3805 794 lib.utu,cap.

2320 800 2456 869 10):
2489 820 2507 852 ί
2561 802 2712 857 Unde
2732 815 2787 858 et
2828 803 2879 857 in
2930 804 3140 875 psalmo
3179 807 3416 862 dicitur:
3445 808 3672 866 Exaudivi
3706 825 3742 868 te
3773 818 3807 870 in

2317 889 2622 945 abscondito
2647 895 2965 963 tempestatis
2982 894 3101 966 (Ps.
3125 912 3294 963 Lxxx,
3316 898 3393 970 8).
3416 900 3700 959 Abscondila
3717 914 3809 960 tem-

2317 991 2503 1051 pestas
2539 991 2644 1050 est,
2676 1000 2799 1039 cum
2824 985 2877 1039 in
2906 988 3072 1043 corde
3094 989 3331 1045 contrito
3355 992 3698 1063 cogitationum
3716 1005 3808 1051 tem-

2320 1072 2588 1140 poralium
2630 1073 2825 1130 ﬂuctus
2870 1076 3261 1143 intumescunt,
3302 1096 3423 1135 cum
3465 1091 3630 1137 contra
3667 1088 3808 1143 amoris

2321 1165 2491 1218 sancti
2529 1165 2706 1220 studia
2740 1181 2992 1223 curarum
3023 1171 3363 1225 smculariunt
3406 1188 3463 1228 se
3503 1177 3722 1232 tumultus
3742 1179 3807 1233 illi-
3898 1204 3899 1215 ι

2322 1252 2471 1308 dunt.
2532 1254 2591 1309 In
2640 1256 2960 1313 abscondito
3012 1275 3149 1332 ergo
3200 1266 3528 1333 tempestatis
3568 1269 3807 1333 exauditur,

2321 1348 2449 1492 grtia
2493 1348 2702 1406 clamor
2744 1353 3087 1424 deprecantis
3116 1365 3202 1412 est
3233 1358 3349 1413 hate
3389 1360 3496 1430 ipsa
3535 1362 3808 1420 tribulationis

2361 1441 2616 1492 uctuatio.

2361 1441 2616 1497 uctuatio.

2917 1578 3144 1638 CAPUT
3200 1584 3312 1639 VII.

2325 1681 2404 1738 De
2445 1687 2620 1767 pravis
2662 1690 3085 1767 cogitationibus,
3134 1695 3413 1766 cordisque
3456 1700 3696 1765 munditia,
3716 1714 3750 1756 et
3768 1708 3810 1760 de

2398 1761 2640 1840 (imitate
2670 1761 2790 1830 conj
2797 1762 2955 1830 ugali,
2978 1773 3024 1816 et
3048 1761 3468 1840 reconciliatione
3495 1786 3600 1822 cum
3624 1761 3805 1840 proximo.

2400 1824 2553 1909 Quod
2582 1829 2645 1881 iis
2670 1824 2785 1899 post
2812 1824 3027 1909 mortem
3061 1834 3294 1909 aliorum
3328 1850 3442 1890 rota
3475 1824 3807 1909 prosim

2398 1896 2452 1948 iu
2476 1898 2577 1950 vita
2606 1896 2940 1955 meruerunt:
2968 1904 3134 1973 deque
3160 1907 3367 1961 direrso
3398 1896 3691 1964 morientium
3714 1916 3805 1967 exitu

2396 1975 2550 2036 atque
2578 1979 2742 2024 statu.

2395 2083 2465 2138 Et
2498 2084 2778 2141 sciendum
2812 2087 2971 2144 nobis
3001 2095 3104 2154 cst,
3132 2091 3260 2161 quia
3294 2094 3483 2163 triplex
3512 2106 3586 2149 cst
3605 2098 3805 2166 cogitatio-

2325 2189 2454 2228 num
2493 2189 2727 2246 nequam
2774 2178 2988 2233 modus.
3038 2179 3193 2236 Unus
3232 2197 3437 2249 earum,
3479 2199 3586 2254 qua:
3620 2185 3804 2239 delibera-

2330 2264 2476 2320 tione
2503 2274 2559 2319 et
2588 2266 2870 2336 proposito
2900 2270 3159 2337 peccandi
3213 2281 3449 2327 mentem
3493 2275 3803 2327 contaminant:

2327 2374 2462 2428 quas
2510 2360 2924 2431 cogitatationes
2968 2363 3014 2418 si
3046 2365 3194 2434 jnsta
3237 2368 3613 2424 animadversio
3648 2370 3804 2425 districti

2320 2451 2521 2522 judicis
2569 2454 2811 2524 respicit,
2864 2471 2971 2510 non
3014 2467 3142 2512 sunt
3177 2458 3293 2527 jam
3334 2462 3654 2531 cogitationes
3679 2461 3802 2527 ειιιιη,

2328 2541 2419 2596 sed
2459 2558 2728 2613 operum:
2759 2546 2885 2617 quia
2930 2548 3030 2602 etsi
3082 2564 3268 2604 rerum
3321 2553 3582 2606 tarditates
3607 2550 3803 2619 furisprco

2328 2640 2447 2687 cata
2489 2632 2765 2701 diﬁerunt,
2813 2638 2958 2693 intus
3003 2638 3106 2695 hoc
3144 2641 3495 2697 confessionis
3525 2657 3661 2712 opere
3682 2641 3803 2695 volun-

2328 2727 2457 2781 tatis
2483 2726 2706 2784 eﬁectns
2733 2730 3108 2801 impleverunt.
3140 2736 3217 2789 De
3242 2737 3487 2806 qualibus
3513 2738 3719 2807 scriptum
3739 2744 3801 2796 est.

2329 2814 2524 2872 Manus
2568 2820 2622 2873 in
2667 2837 2827 2875 manu
2861 2839 2962 2876 non
3003 2825 3101 2878 erit
3149 2828 3395 2883 innocens
3428 2826 3800 2899 malus(Pror.n,

2326 2908 2449 2977 2|):
2475 2910 2601 2979 quia
2630 2912 2674 2966 si
2710 2912 2908 2967 malum
2944 2915 3089 2985 quod
3133 2918 3248 2972 vult
3275 2934 3342 2974 ex
3371 2919 3703 2974 deliberatione
3721 2931 3801 2970 con-

2326 2994 2581 3055 fessionis
2627 3016 2731 3056 non
2784 3004 2965 3074 explet
3008 3006 3060 3060 in
3105 3010 3440 3079 operatione,
3470 3010 3667 3080 complet
3685 3018 3800 3062 tamen

2327 3089 2458 3144 illud
2486 3092 2538 3146 in
2566 3093 2859 3151 voluntatis
2900 3096 3314 3157 deliberatione.
3359 3103 3500 3158 Alius
3534 3117 3700 3162 earum,
3726 3113 3801 3169 qua:
3898 3168 3899 3179 χ

2329 3182 2689 3240 delectatione
2736 3188 2953 3258 quidem
3008 3195 3219 3260 peccati
3276 3205 3502 3250 mentem
3546 3194 3799 3263 perturbant,

2331 3289 2432 3328 nec
2460 3283 2637 3332 tamen
2669 3279 2735 3332 ad
2768 3282 3026 3348 peccandi
3055 3299 3381 3341 consensum
3411 3288 3699 3357 pertrahunt.
3715 3280 3802 3335 Ter-

2332 3365 2438 3419 tius
2484 3381 2694 3433 earum,
2751 3384 2872 3438 quae
2933 3374 3164 3428 naturali
3218 3384 3366 3430 motu
3410 3386 3615 3431 mentem
3655 3386 3799 3445 percur-

2330 3466 2534 3523 rentes,
2575 3475 2681 3514 non
2735 3469 2845 3515 tam
2899 3462 3037 3518 hanc
3075 3465 3141 3519 ad
3188 3469 3451 3536 patranda
3488 3468 3598 3521 vitia
3632 3463 3799 3523 illiciunt,

2332 3560 2492 3621 quam
2520 3568 2549 3606 a
2582 3553 2737 3608 bonis
2762 3570 2884 3625 quae
2911 3557 3153 3627 cogitare
3177 3561 3363 3615 debuit
3390 3560 3649 3630 impediunt
3667 3575 3678 3610 :
3696 3550 3799 3608 veluti

2331 3651 2414 3697 est
2436 3658 2556 3698 cum
2580 3644 2960 3714 phantasmata
2982 3663 3189 3714 rerum,
3218 3666 3337 3721 qua:
3361 3648 3617 3721 aliquando
3631 3656 3800 3715 superva-

2331 3747 2431 3787 cue
2454 3743 2603 3804 gesta
2647 3734 2728 3788 vel
2769 3736 2912 3791 dicta
2955 3737 3234 3805 novimus,
3263 3740 3328 3795 ad
3358 3738 3639 3795 memoriam
3659 3729 3797 3789 reduci-

2332 3840 2484 3893 mus;
2531 3842 2761 3896 quarum
2806 3829 2997 3884 crebra
3039 3832 3373 3895 retractatio,
3412 3830 3553 3901 quasi
3580 3829 3796 3897 importuna

2331 3930 2642 3970 muscarum
2693 3917 3031 3987 improbitas,
3075 3920 3264 3977 oculos
3303 3922 3473 3977 cordis
3513 3911 3796 3974 circumvolare

2331 4020 2395 4059 ac
2422 4006 2718 4075 spiritalem
2743 4006 2863 4076 ejus
2898 4010 3073 4063 aciem
3106 4010 3405 4082 inquietare
3427 4010 3578 4081 magis
3600 4018 3720 4075 quam
3738 4015 3795 4051 tx-

2332 4098 2501 4153 citare
2529 4100 2829 4155 consuevit.
2862 4100 3007 4155 Nihil
3035 4102 3239 4173 quippe
3274 4104 3422 4159 nobis
3447 4112 3521 4158 est
3551 4100 3681 4155 corde
3700 4093 3794 4163 fug»

2331 4188 2467 4253 eius,
2498 4191 2641 4259 quod
2672 4206 2702 4244 a
2728 4192 2882 4247 nobis
2913 4194 3073 4249 toties
3101 4197 3326 4261 recedit,
3350 4196 3544 4265 quoties
3566 4206 3643 4263 per
3664 4195 3793 4258 prata!

2330 4281 2684 4351 cogitationes
2726 4281 2929 4337 deﬁnit.
2958 4282 3097 4340 Ilinc
3120 4287 3323 4341 etenim
3355 4285 3605 4341 Psalmista
3625 4280 3679 4332 ait
3701 4272 3795 4328 :Car

2329 4390 2500 4428 meum
2544 4374 2817 4446 dereliquit
2851 4393 2932 4430 me
2967 4375 3138 4448 (Psal.
3184 4395 3372 4444 xxxnt,
3402 4379 3516 4450 i5);
3555 4375 3654 4430 ltinr
3683 4369 3793 4422 adse-

2333 4464 2621 4533 metipsmn
2646 4466 2862 4521 rediens
2885 4467 3016 4522 dicit
3043 4485 3058 4522 :
3082 4467 3287 4524 Invenit
3308 4485 3473 4523 servus
3490 4478 3592 4521 tuus
3609 4477 3678 4516 τον
3695 4467 3791 4511 suum

2334 4564 2387 4608 ut
2413 4565 2524 4609 oret
2552 4566 2620 4610 te.
2648 4556 2783 4611 Cum
2810 4572 2941 4628 ergo
2962 4560 3221 4631 cogitatio
3240 4576 3334 4632 per
3352 4557 3616 4616 custodiam
3641 4547 3790 4605 restria

2335 4648 2499 4719 gitur,
2545 4664 2643 4704 cor
2669 4650 2812 4719 quod
2851 4649 3038 4721 fugere
3077 4652 3356 4707 consuevit
3386 4641 3790 4706 invenitur.Acun'

2337 4740 2440 4795 etis
2463 4748 2643 4794 autem
2669 4741 2753 4795 his
2775 4741 3160 4808 cogitationum
3192 4757 3414 4813 nequam
3433 4738 3670 4811 generibus
3687 4727 3790 4786 casti-

2336 4829 2448 4900 gari
2479 4832 2685 4886 monuit
2715 4831 2967 4886 Salomon
2989 4849 3110 4887 cum
3134 4834 3264 4888 dleit
3289 4853 3301 4888 :
3329 4832 3473 4888 Omni
3491 4826 3681 4883 custodia
3697 4834 3789 4874 sem

2336 4938 2428 4975 cor
2448 4932 2617 4987 tuum,
2641 4923 2887 4993 quoniam
2909 4940 2974 4977 ea:
2992 4925 3102 4994 ipso
3126 4925 3230 4979 vita
3249 4923 3464 4995 procedit
3483 4918 3632 4993 (Prov.
3652 4908 3786 4975 nam

2338 5014 2501 5084 Cujus
2532 5018 2738 5071 monita
2769 5026 3083 5086 sequentes,
3114 5031 3334 5089 agamus
3366 5013 3575 5073 solliciti,
3598 5016 3640 5062 ut
3659 5004 3691 5058 si
3707 4996 3787 5070 φειδ

2336 5123 2603 5163 consensu
2626 5110 2973 5179 perpetrandi
2998 5109 3252 5166 facinoris
3279 5111 3332 5165 in
3353 5107 3516 5164 animo
3537 5095 3784 5168 deliquimus.

2336 5203 2445 5255 cita
2478 5202 2580 5256 hoc
2608 5200 2947 5256 confessione
2983 5210 3039 5257 et
3077 5202 3254 5275 dignis
3289 5195 3585 5273 poenitentia:
3604 5184 3786 5276 fructth

2339 5289 2735 5361 abstergamus.
2786 5291 2841 5346 Si
2893 5291 3249 5349 delectatione
3287 5287 3523 5364 peccandi
3549 5297 3628 5338 nos
3652 5281 3783 5364 tenta"

2339 5384 2692 5448 senserimus,
2715 5398 2839 5439 mox
2865 5399 2984 5439 eam
3005 5362 3400 5441 delectationem
3420 5377 3595 5437 crebris
3610 5362 3784 5442 Ρτθείδυδ

2341 5487 2406 5528 ac
2446 5473 2723 5544 lacrymis,
2771 5475 2977 5530 crebrae
3025 5474 3393 5532 amaritudinis
3428 5474 3639 5543 perpetua
3663 5465 3782 5544 reme

2336 5540 2575 5619 datione'
2588 5565 2868 5635 pellamus.
2915 5566 2982 5621 Et
3023 5567 3067 5622 si
3118 5584 3215 5624 nos
3256 5565 3389 5623 solos
3417 5540 3475 5617 ad
3503 5561 3614 5615 hanc
3635 5540 3780 5621 ΡΥ⁰Ρ¹¹¹⁴

2336 5655 2565 5711 sandum
2589 5654 2834 5710 sufﬁcere
2858 5670 2963 5711 non
2987 5670 3148 5727 posse
3172 5656 3464 5717 viderimus,
3490 5648 3666 5702 fratrum
3684 5642 3779 5703 ‘1"3‘

2337 5761 2521 5801 ramus
2566 5747 2787 5812 “Milia,
2825 5756 2885 5801 ιιι
2925 5747 3069 5817 quod
3108 5747 3304 5803 nostris
3343 5742 3525 5798 viribus
3563 5727 3776 5817 nequimus.

2337 5836 2552 5894 illorum
2591 5837 2815 5895 consilio
2845 5846 2902 5895 et
2930 5813 3312 5897 intercessione
3345 5842 3596 5892 sumamus.
3620 5813 3775 5876 Multum
