4006 6338
184 441 300 497 909

1352 431 1442 487 DE
1476 425 1822 486 CAVENDIS
1858 425 2088 494 VlTllS,
2127 429 2283 486 ETC.

3340 432 3442 489 9l0
3508 434 3511 437 λ

176 552 329 607 enim
366 548 500 603 ualet
538 546 832 617 deprecatio
856 545 992 615 justi
1023 543 1239 598 assidua
1275 541 1416 615 (Jac.
1447 556 1500 605 v,
1531 539 1620 609 16)
1646 554 1661 604 ;
1701 543 1759 592 et
1785 535 1915 599 Ain
1944 537 2260 609 virginibus,
2290 547 2345 595 et
2370 540 2566 607 viduis,
2594 549 2649 597 et
2676 542 3075 599 continentibus
3097 583 3113 610 ,
3144 543 3249 599 ‘sed
3274 545 3439 618 etiam

179 642 331 698 sicut
357 639 496 694 idem
522 636 780 707 praemisit
811 654 824 689 :
854 633 1041 689 Oratio
1067 634 1193 703 ﬁdei
1220 632 1440 687 salvabit
1466 631 1763 698 inﬁmum,

178 741 234 785 et
260 730 506 785 alleuabit
541 745 659 782 eum
691 727 966 790 Dorntnus,
990 736 1039 780 et
1066 727 1112 781 si
1140 727 1194 780 in
1229 725 1454 795 peccatis
1479 724 1544 779 sit
1589 721 1767 776 dimit-

180 832 368 876 tentur
411 821 458 875 ei
499 820 673 891 (ibid.,
726 819 846 890 15).
887 819 954 873 Et
998 819 1123 888 quia
1163 818 1516 888 supervacuis
1569 815 1768 886 cogita-

184 913 432 968 tionibus
455 913 521 966 ad
552 912 820 981 integrum
867 925 1056 965 carere
1105 925 1212 965 non
1255 909 1521 973 valemus,
1570 907 1671 961 has
1711 906 1768 960 in

1863 627 2088 682 castitas
2120 636 2206 683 est
2231 628 2528 700 conjugalis
2565 631 2619 685 in
2658 632 2899 703 legitime
2937 633 3242 704 conjugatis
3274 644 3330 691 et
3366 637 3443 692 le-

1865 717 2053 789 gitima
2107 717 2234 787 jura
2297 722 2530 792 conjugii
2592 726 3058 781 conservantibus.
3126 725 3439 798 (Pastoral.

1864 817 2007 878 part.
2038 824 2125 875 ut,
2159 825 2280 880 cap.
2306 810 2421 882 ‘28.)
2470 831 2491 864 ‹
2555 813 2759 878 Quibus
2806 824 2987 873 tamen
3036 817 3180 873 scire
3217 833 3445 875 necesse

1865 910 1969 964 est,
2008 901 2135 970 quia
2174 898 2529 972 suscipienda
2580 905 2748 974 prolis
2793 920 2953 960 causa
2998 908 3266 965 habentur
3310 925 3443 966 con-

184 1010 456 1070 quantum
494 1015 780 1071 possumus
814 1000 1152 1055 immissione
1188 1000 1452 1055 bonarum
1484 995 1766 1067 cogitatio-
1860 989 2060 1061 juncti,
2095 999 2297 1049 etcum
2325 995 2694 1052 immoderata:
2738 998 3101 1054 commistioni
3142 1000 3439 1056 servientes

185 1110 361 1158 num,
409 1103 465 1149 et
509 1094 742 1149 maxime
782 1094 1050 1164 frequenti
1099 1094 1500 1164 Scripturarum
1543 1091 1769 1144 medita-

188 1184 345 1239 tione
366 1183 631 1255 fugemus,
650 1184 804 1254 juxta
830 1184 1133 1253 exemplum
1158 1183 1460 1239 Psalmistae
1485 1184 1577 1251 qui
1601 1181 1764 1235 dicit:

191 1273 471 1338 Quomodo
493 1273 656 1328 dilexi
690 1273 851 1343 legem
874 1285 1039 1338 tuam,
1076 1273 1326 1327 Domine!
1351 1281 1457 1327 tota
1483 1272 1569 1326 die
1597 1271 1769 1325 medi-

190 1364 328 1417 tatio
364 1380 478 1417 mea
508 1374 581 1418 est
613 1362 785 1434 (Psal.
824 1380 1018 1430 cxvnl,
1045 1365 1158 1435 97).
1193 1364 1451 1420 Petamus
1480 1377 1769 1433 supernam

193 1455 581 1529 clementiam,
633 1457 776 1524 quod
823 1463 906 1511 est
941 1471 1070 1510 vere
1117 1456 1169 1510 in
1213 1457 1431 1511 nomine
1474 1452 1772 1509 Salvatoris

192 1554 406 1616 petere,
448 1554 508 1599 ut
550 1561 647 1602 cor
675 1555 923 1601 nostrum
968 1546 1147 1618 rigore
1184 1547 1432 1601 odiorum
1476 1542 1771 1611 constringi

192 1652 307 1703 non
340 1636 643 1705 permittat,
688 1637 780 1691 sed
822 1637 1051 1706 gratiam
1094 1636 1253 1693 nobis
1290 1651 1442 1707 purze
1470 1633 1773 1690 dilectionis

195 1724 490 1780 infundat:
519 1733 579 1781 ut
629 1724 964 1781 inﬁdelitatis
1009 1741 1107 1780 nos
1147 1725 1373 1781 interire
1414 1724 1632 1779 venenis
1664 1738 1772 1777 non

195 1818 367 1881 sinat,
407 1817 504 1872 sed
540 1816 908 1874 fortitudinem
956 1817 1079 1872 ﬁdei
1115 1825 1304 1871 contra
1354 1817 1525 1872 hostis
1563 1814 1771 1884 antiqui

1866 1083 2270 1151 propagationis
2295 1083 2583 1138 articulum
2611 1086 2666 1139 in
2714 1100 2870 1140 usum
2915 1087 3247 1143 transferunt
3292 1089 3444 1143 volu-

1872 1173 2064 1241 ptatis,
2092 1176 2430 1243 perpendant
2470 1175 2613 1245 quod
2649 1175 2855 1230 libidini
2894 1177 3194 1232 servientes
3239 1179 3440 1242 nimiae,

1871 1262 1926 1316 in
1955 1264 2072 1331 ipso
2109 1264 2359 1336 conjugio
2385 1264 2620 1336 conjugii
2664 1264 2789 1334 jura
2838 1269 3245 1325 transcendunt.
3297 1270 3448 1325 Unde

1871 1368 2090 1411 necesse
2134 1365 2236 1422 est,
2281 1364 2341 1411 ut
2387 1357 2594 1413 crebris
2639 1359 2997 1424 orationibus,
3028 1368 3084 1415 et
3114 1361 3448 1429 quotidianis

1871 1443 2253 1517 eleemosynis,
2300 1447 2518 1502 deleant
2562 1449 2705 1518 quod
2753 1450 3035 1519 pulchram
3079 1451 3285 1521 eoqu
3329 1466 3451 1521 spe-

1873 1535 2009 1590 ciem
2062 1537 2308 1593 admistis
2332 1538 2694 1607 voluptatibus
2738 1540 2963 1595 foedant.
3005 1540 3145 1597 Hinc
3181 1550 3264 1596 est
3304 1543 3449 1611 quod

1872 1627 2079 1696 peritus
2102 1628 2380 1683 medicinae
2405 1628 2644 1685 caelestis
2687 1631 2996 1700 Apostolus,
3038 1647 3146 1688 non
3175 1638 3286 1686 tam
3318 1648 3451 1687 sana
3476 1683 3480 1687 ι

1874 1714 2131 1782 instituit,
2182 1732 2345 1785 quam
2399 1718 2630 1774 inﬁrmis
2680 1719 3074 1777 medicamenta
3130 1724 3457 1778 monstravit

1877 1804 2063 1861 dicens
2089 1824 2101 1860 :
2131 1807 2209 1861 De
2233 1794 2419 1877 quibus
2460 1810 2742 1880 scripsistis
2766 1811 2915 1877 milii,
2939 1811 3133 1867 bonum
3153 1823 3228 1868 est
3249 1813 3452 1868 homini

198 1919 534 1964 tentamenta
572 1910 863 1974 concedat;
920 1918 978 1963 ut
1013 1924 1112 1963 nos
1146 1909 1528 1978 desperatione
1567 1906 1777 1961 futuro-
1804 1891 1851 1951 Β
1879 1897 2149 1952 mulierem
2195 1914 2297 1953 non
2336 1910 2547 1970 tangere
2574 1914 2592 1953 :
2613 1913 2822 1971 propter
2848 1903 3247 1972 fornicationem
3276 1917 3453 1960 autem

197 2014 321 2052 rum
368 2008 513 2055 retro
552 2000 823 2069 respicere
863 2016 970 2054 non
1015 1999 1314 2069 permittat,
1360 1998 1456 2054 sed
1485 2012 1635 2068 spem
1660 2010 1774 2052 cae-

197 2088 414 2143 lestium
446 2089 728 2151 bonorum,
750 2105 847 2159 per
866 2104 1026 2157 quam
1048 2088 1340 2157 prmsentia
1362 2088 1588 2142 adversa
1616 2083 1776 2140 simul

194 2188 255 2233 et
302 2195 562 2250 prospera
606 2188 954 2234 contemnere
997 2179 1288 2248 possimus,
1345 2175 1777 2232 misericorditer

215 2271 441 2326 tribuat.
488 2270 678 2326 Cordis
721 2284 936 2341 quoque
981 2271 1136 2325 nobis
1183 2269 1504 2324 munditiam
1546 2275 1602 2322 et
1647 2267 1776 2321 boni

208 2365 395 2435 operis
417 2362 711 2419 eﬁicaciam
738 2372 977 2433 praestet.
1009 2362 1232 2415 Multum
1271 2371 1451 2415 autem
1466 2359 1621 2429 juvat
1648 2373 1775 2412 ora-

202 2456 366 2511 tionis
399 2455 625 2524 puritas,
652 2455 695 2508 si
718 2456 771 2508 in
798 2454 941 2508 omni
990 2453 1111 2509 loco
1156 2452 1243 2507 vel
1275 2460 1538 2521 tempore
1580 2466 1678 2505 nos
1708 2451 1776 2505 ab

201 2548 414 2603 actibus
461 2555 822 2617 temperemus
870 2546 1089 2609 illicitis,
1142 2545 1187 2600 si
1228 2559 1443 2613 semper
1481 2545 1548 2598 ab
1588 2543 1777 2597 otiosis

201 2637 746 2695 sermocinationibus
793 2638 1037 2691 auditum
1086 2635 1291 2706 pariter
1344 2635 1670 2704 castigemus
1723 2641 1778 2686 ct

198 2727 464 2797 linguam,
498 2728 541 2783 si
570 2728 623 2781 in
651 2727 766 2797 lege
805 2725 1018 2780 Domini
1059 2724 1339 2779 ambulare
1376 2733 1432 2780 et
1469 2723 1776 2778 testimonia

199 2818 324 2888 ejus
369 2831 743 2872 assuescamus
787 2825 897 2870 toto
935 2816 1097 2870 corde
1146 2830 1385 2870 servare.
1435 2814 1778 2882 Quaecunque

200 2908 355 2973 enim
400 2907 595 2978 saepius
642 2921 821 2978 agere,
864 2907 945 2962 vel
979 2906 1146 2976 loqui,
1179 2915 1274 2960 aut
1302 2906 1490 2959 audire
1519 2905 1773 2967 solemus,

198 2998 396 3054 eadem
448 3012 667 3052 necesse
714 3006 799 3051 est
843 2998 1057 3066 saepius,
1104 2998 1171 3051 ad
1199 2997 1437 3050 animum
1468 2995 1622 3064 quasi
1651 2994 1779 3047 soli-

205 3102 321 3149 tam
367 3090 746 3159 propriamque
800 3097 1082 3143 recurrant
1131 3089 1197 3143 ad
1248 3091 1452 3143 sedem.
1510 3088 1662 3142 Sicut
1712 3086 1781 3141 ad

204 3181 489 3235 volutabra
537 3181 707 3249 porci,
764 3179 1025 3237 columba:
1075 3190 1256 3234 autem
1304 3195 1437 3249 pura
1477 3188 1529 3233 et
1559 3178 1777 3247 limpida

1879 1991 2232 2061 unusquisque
2254 2008 2406 2045 suam
2427 2009 2642 2048 uxorem
2662 1994 2867 2059 habeat,
2882 2005 2931 2049 et
2951 2012 3279 2067 unaquaeque
3301 2012 3457 2050 suum

1878 2083 2049 2137 uirum
2073 2084 2260 2140 habeat
2291 2084 2345 2157 (Ι
2372 2083 2495 2140 Cor.
2520 2102 2618 2150 vn,
2653 2086 2728 2157 1').
2761 2087 2863 2154 Qui
2905 2089 3055 2144 enim
3081 2087 3457 2144 fornicationis

1880 2182 2083 2229 metum
2117 2177 2666 2246 praemisit,profecto
2716 2194 2823 2233 non
2868 2179 3140 2235 stantibus
3185 2186 3455 2249 praecepta

1879 2265 2148 2333 contulit;
2177 2269 2274 2324 sed
2301 2284 2368 2323 ne
2397 2268 2625 2325 fortasse
2659 2270 2712 2324 in
2742 2280 2940 2326 terram
2988 2282 3224 2336 ruerent,
3255 2271 3455 2327 lectum

1880 2356 2198 2413 cadentibus
2222 2359 2483 2413 extendit.
2520 2358 2670 2415 Unde
2706 2360 2884 2416 adhuc
2912 2358 3310 2416 inﬁrmantibus
3328 2362 3458 2417 sub-

1881 2448 2005 2504 dit:
2039 2446 2207 2503 Uxori
2248 2452 2324 2503 vir
2375 2450 2604 2505 debitum
2652 2450 2864 2515 reddat,
2908 2451 3150 2505 similiter
3190 2461 3364 2506 autem
3407 2459 3461 2505 et

1882 2558 2021 2597 uxor
2068 2536 2384 2614 uiro'(ibid.,
2441 2542 2515 2611 6).
2549 2543 2753 2609 Quibus
2803 2545 2928 2599 dum
2967 2545 3021 2598 in
3053 2559 3249 2614 magna
3286 2544 3458 2597 hone-

1881 2641 2022 2688 state
2058 2632 2288 2704 conjugii
2332 2634 2534 2703 aliquid
2577 2634 2645 2689 de
2683 2633 2961 2704 voluptate
2998 2634 3311 2705 largiretur,
3358 2633 3459 2687 ad-

1877 2725 2056 2796 junxit
2081 2743 2110 2778 :-
2132 2724 2246 2779 Hoc
2275 2735 2447 2779 autem
2468 2726 2585 2779 dico
2605 2727 2890 2780 secundum
2922 2725 3317 2796 indulgentiam,
3348 2741 3453 2778 non

1882 2820 2168 2874 secundum
2224 2820 2520 2889 imperium.
2573 2819 2739 2889 Culpa
2788 2819 2983 2889 quippe
3032 2834 3152 2874 esse
3210 2819 3454 2873 innuitur

1883 2908 2026 2976 quod
2080 2907 2344 2977 indulgeri
2388 2908 2731 2978 perhibetur;
2767 2908 2861 2963 sed
2915 2922 3036 2981 qua:
3095 2915 3246 2962 tanto
3294 2907 3456 2962 citius

1885 2998 2182 3063 relaxatur,
2208 3006 2413 3068 quanto
2442 3014 2548 3054 non
2580 3014 2677 3067 per
2700 2998 2840 3053 hanc
2879 2999 3122 3054 illicitum
3169 2999 3298 3067 quid
3325 3014 3456 3068 aga-

1888 3098 1992 3153 tur,
2024 3089 2067 3143 si
2096 3089 2196 3143 hoc
2223 3090 2363 3157 quod
2393 3097 2479 3143 est
2528 3087 2734 3143 licitum
2781 3088 2882 3144 sub
2929 3089 3297 3144 moderamine
3344 3104 3487 3143 non-

1883 3186 2119 3234 tenetur.
2152 3178 2338 3249 (Ibid)
2372 3177 2523 3232 Unde
2545 3192 2668 3233 cum
2708 3179 2818 3232 Deo
2860 3172 3167 3247 deprecaiio
3193 3176 3454 3241 funditur,

202 3271 387 3342 solent
449 3240 789 3339 frequentare
848 3270 1047 3325 ﬂuenta
1073 3310 1088 3336 ,
1138 3272 1213 3326 ita
1261 3240 1617 3342 cogitationes
1680 3270 1781 3324 im-
1808 3240 1851 3302 Ο
1886 3240 2223 3336 nequaquam
2253 3265 2371 3320 talis
2400 3264 2688 3336 conjugum
2719 3268 2825 3320 vita
2868 3266 3174 3321 damnatur.
3225 3267 3303 3321 De
3349 3240 3457 3335 qua

206 3364 424 3418 munda:
467 3362 733 3432 impuram
780 3371 1015 3417 mentem
1052 3365 1393 3433 perturbant,
1424 3371 1479 3415 et
1509 3361 1781 3431 spiritales

202 3451 566 3523 cogitationes
613 3459 819 3506 castam
868 3458 1103 3507 mentem
1154 3450 1513 3507 sanctiﬁcant.
1574 3449 1641 3503 Et
1688 3464 1782 3504 cn-

202 3541 411 3597 stodito
460 3540 652 3605 corde,
700 3538 856 3608 juxta
904 3540 1048 3608 quod
1102 3539 1382 3610 Scriptura
1416 3539 1589 3595 dicit:
1621 3537 1782 3593 Omni

204 3622 449 3685 custodia
486 3647 632 3685 serua
664 3647 753 3684 cor
790 3639 937 3683 tuum
961 3670 976 3697 ,
1015 3631 1262 3700 quoniam
1290 3646 1355 3685 ea:
1384 3631 1496 3700 ipso
1528 3630 1630 3684 vita
1658 3645 1782 3698 pro-

203 3722 368 3785 cedit,
392 3736 611 3776 necesse
633 3730 717 3775 est
731 3736 828 3775 nos
848 3722 1006 3776 etiam
1033 3733 1260 3791 corpora
1275 3722 1331 3775 in
1351 3720 1783 3775 sanctiﬁcatione

207 3824 264 3868 et
309 3814 570 3868 munditia
619 3814 912 3868 custodire.
955 3811 1237 3867 Custodito
1280 3826 1510 3881 namque
1543 3820 1596 3866 et
1627 3826 1784 3863 mun-

206 3906 340 3960 dato
369 3918 399 3956 a
430 3888 571 3957 [luxu
613 3902 840 3957 luxuria:
887 3915 1133 3972 corpore,
1184 3915 1405 3956 necesse
1439 3906 1523 3954 est
1552 3909 1609 3952 ut
1638 3899 1782 3953 bona

204 4008 373 4062 opera
401 3994 816 4063 subsequantur,
842 3992 979 4047 sicut
1006 3991 1263 4046 Dominus
1284 3990 1538 4060 praecepit
1559 3989 1779 4043 dicens:

207 4085 329 4138 Sint
355 4083 518 4136 lumbi
567 4084 720 4137 vestri
766 4083 1029 4151 pra’cincli
1078 4090 1125 4136 et
1176 4080 1400 4135 lucerna:
1451 4079 1688 4134 ardentes
1727 4079 1784 4134 in

208 4174 453 4227 manibus
508 4176 688 4227 vestris
739 4171 889 4242 (Luc.
940 4187 1045 4237 xu,
1072 4172 1183 4242 55).
1227 4170 1411 4243 (llam.
1452 4168 1565 4243 13.]
1612 4188 1630 4220 ι
1668 4170 1797 4223 Duo.

206 4274 391 4317 autem
426 4271 548 4317 sunt
575 4277 693 4333 quae
726 4261 1002 4331 jubentur,
1026 4268 1079 4315 et
1110 4260 1319 4315 lmnbos
1349 4259 1701 4329 restringere,
1729 4264 1786 4311 et

208 4355 462 4409 lucernas
492 4362 696 4418 tenere,
728 4363 787 4408 ut
813 4361 867 4408 et
899 4352 1156 4407 munditia
1186 4352 1256 4406 sit
1282 4350 1548 4406 castitatis
1578 4349 1633 4403 in
1662 4362 1786 4403 cor-

205 4459 371 4516 pore,
408 4452 462 4498 ct
490 4443 671 4499 lumen
706 4443 953 4498 veritatis
981 4444 1034 4497 in
1064 4442 1395 4512 operatione.
1434 4437 1785 4509 Rcdemptori

204 4535 413 4590 etenim
446 4542 633 4588 nostro
666 4549 829 4587 unum
858 4533 975 4588 sine
1003 4532 1171 4588 altero
1199 4532 1413 4601 placere
1441 4544 1782 4601 nequaquam

205 4634 408 4699 potest,
442 4627 485 4679 si
518 4633 611 4679 aut
634 4625 680 4678 is
709 4624 799 4694 qui
821 4624 960 4679 bona
990 4624 1120 4695 agit,
1148 4625 1323 4679 adhuc
1347 4622 1573 4677 luxuria:
1603 4621 1785 4691 inqui-

208 4724 466 4770 namenta
490 4730 594 4770 non
624 4714 952 4784 deserit,_aut
977 4714 1023 4769 is
1048 4715 1140 4785 qui
1169 4715 1419 4769 castitate
1447 4713 1784 4782 prmeminet,

210 4806 445 4881 necdum
476 4820 532 4861 se
556 4820 654 4875 per
692 4806 833 4859 bona
885 4817 1049 4872 opera
1106 4811 1343 4858 exercet.
1398 4801 1509 4857 Nec
1563 4801 1788 4857 castitas

209 4911 347 4965 ergo
382 4910 576 4964 magna
604 4902 686 4948 est
713 4892 832 4947 sine
856 4892 999 4947 bono
1029 4906 1226 4961 opere,
1258 4906 1359 4946 nec
1406 4906 1542 4962 opus
1584 4892 1788 4946 bonum

208 4997 301 5043 est
330 4988 531 5057 aliquid
560 4987 677 5041 sine
699 4984 966 5040 castitate.
1003 5002 1023 5035 ι
1066 4982 1207 5050 Quid
1254 4983 1397 5037 enim
1447 4982 1521 5037 illi
1569 4982 1790 5052 prodest

211 5079 309 5148 qui
338 5092 397 5131 se
422 5075 635 5130 diabolo
661 5083 717 5129 et
744 5090 840 5129 sua
869 5072 1033 5128 donat
1061 5072 1190 5137 Deo,
1215 5088 1338 5128 cum
1382 5072 1662 5143 Scriptura
1710 5073 1807 5128 di-'

210 5180 305 5227 cat
333 5185 347 5223 :
384 5169 630 5223 Miserere
649 5167 839 5221 anima:
863 5174 967 5219 tua:
991 5164 1198 5234 placens
1223 5164 1371 5219 Deo?
1410 5164 1609 5236 (Eccli.
1659 5180 1791 5231 xxx,

208 5261 307 5315 24.
331 5260 351 5331 )
387 5257 768 5314 Misericordia:
791 5254 936 5310 enim
963 5269 1126 5323 opera
1157 5254 1385 5325 quisque
1416 5270 1444 5308 a
1470 5270 1528 5309 se
1553 5255 1791 5325 incipere

212 5357 397 5421 debet,
434 5364 491 5409 ut
536 5354 688 5426 prius
741 5367 802 5407 se
847 5351 958 5405 Deo
998 5360 1051 5405 et
1077 5360 1267 5419 postea
1299 5365 1397 5403 sua
1426 5348 1654 5403 Domino
1688 5349 1790 5402 tri-

210 5447 368 5512 buat,
394 5447 547 5517 juxta
591 5447 735 5515 quod
787 5442 1072 5513 Scriptura
1119 5441 1364 5510 prmcipit
1416 5458 1429 5495 :
1487 5439 1700 5493 Declina
1757 5455 1791 5491 a

210 5537 359 5591 malo
384 5548 433 5592 et
475 5537 559 5606 fac
579 5537 789 5603 bonum,
817 5545 864 5591 et
895 5545 1017 5589 tunc
1071 5531 1384 5587 inliabitabis
1438 5532 1495 5584 in
1539 5528 1791 5583 socculum

209 5630 397 5685 swculi
462 5632 518 5684 in
581 5630 735 5683 domo
785 5627 1018 5692 Domini,
1067 5626 1123 5679 in
1167 5622 1539 5694 longitudinem
1587 5621 1790 5674 dierum

213 5722 392 5794 (Psal.
426 5739 612 5787 xxxvi,
635 5721 745 5793 27).
962 5784 965 5789 λ

293 5816 364 5870 Et
392 5816 666 5872 sciendum
691 5815 845 5871 nobis
868 5825 970 5883 est,
986 5813 1107 5884 quia
1131 5829 1237 5869 non
1266 5809 1436 5867 solum
1460 5816 1542 5864 est
1566 5808 1789 5864 castitas

1883 3356 2260 3426 deprecatione
2285 3367 2496 3424 quoque
2523 3354 2721 3410 Paulus
2747 3355 3001 3410 admonet
3023 3354 3209 3409 dicens
3233 3372 3247 3408 :
3279 3353 3462 3409 Nolite

1883 3447 2136 3515 fraudare
2174 3447 2410 3511 inuicem,
2440 3447 2541 3502 nisi
2579 3448 2714 3517 forte
2753 3463 2818 3501 ea:
2847 3463 3099 3501 consensu
3129 3445 3198 3500 ad
3231 3454 3456 3515 tempus,

1882 3549 1937 3593 ut
1960 3539 2146 3593 vacetis
2165 3538 2390 3592 orationi
2421 3537 2472 3608 (I
2495 3536 2617 3592 Cor.
2635 3538 2820 3607 vn,."i).
2860 3557 2878 3589 ι
2909 3536 3185 3605 Quatenus
3212 3536 3463 3593 mundio-

1886 3625 1973 3685 res
2001 3637 2056 3683 et
2085 3628 2247 3684 corde
2270 3638 2325 3684 et
2350 3643 2597 3698 corpore,
2629 3627 2796 3684 abluti
2821 3629 2981 3684 etiam
3003 3642 3167 3685 carne
3192 3638 3248 3684 et
3285 3627 3455 3684 vesti-

1883 3721 1985 3776 bus
2014 3735 2176 3789 aqua,
2208 3720 2277 3774 ad
2310 3720 2743 3775 communionem
2797 3722 3040 3790 corporis
3084 3728 3141 3775 et
3184 3719 3461 3791 sanguinis

1884 3808 2098 3864 Domini
2124 3809 2359 3874 veniant,
2385 3824 2453 3864 ne
2478 3809 2595 3878 ipsa
2632 3809 3023 3865 inaestimabilis
3062 3811 3305 3882 mysterii
3346 3827 3463 3865 ma-

1885 3902 2163 3970 gnitudine
2183 3908 2495 3971 graventur.
2524 3898 2657 3955 Nam
2678 3911 2733 3955 et
2759 3902 3014 3956 Dominus
3042 3902 3097 3955 in
3123 3902 3250 3956 Sina
3279 3914 3463 3960 monte

1884 3992 2164 4049 locuturus
2188 3994 2254 4045 ad
2281 3991 2725 4061 populum,prius
2751 3992 2996 4053 eumdein
3021 3991 3272 4061 populum
3300 3993 3468 4048 absti-
3526 4034 3529 4035 ν

1886 4100 2017 4142 nere
2042 4100 2072 4138 a
2108 4083 2422 4138 mulieribus
2452 4082 2705 4151 prmcepit
2734 4080 2931 4152 (Exod.
2956 4080 3091 4152 xix),
3114 4090 3169 4138 et
3195 4084 3262 4137 ad
3291 4083 3459 4138 David

1887 4177 1954 4232 de
1985 4175 2168 4247 pueris
2199 4174 2311 4230 suis
2332 4189 2365 4229 a
2389 4173 2667 4229 sacerdote
2693 4172 2912 4237 dicitur,
2952 4181 3012 4226 ut
3052 4172 3098 4227 si
3142 4188 3174 4226 a
3218 4172 3463 4227 mulieri-

1885 4266 1989 4322 bus
2024 4264 2211 4322 mundi
2242 4270 2447 4330 essent,
2507 4276 2674 4333 panes
2718 4261 3101 4331 propositionis
3148 4262 3460 4331 acciperent

1888 4356 1942 4428 (Ι
1982 4355 2114 4427 Reg.
2156 4368 2269 4421 xxi,
2300 4354 2356 4426 4)
2390 4371 2404 4409 :
2435 4368 2571 4424 quos
2614 4353 2833 4408 omnino
2862 4368 2969 4407 non
2998 4354 3325 4423 acciperent,
3355 4354 3463 4411 nisi

1886 4448 2037 4518 prius
2060 4448 2286 4502 mundos
2305 4461 2426 4501 esse
2445 4445 2614 4500 David
2630 4460 2661 4499 a
2676 4444 2991 4500 mulieribus
3018 4443 3299 4500 fateretur.
3335 4444 3465 4501 Om-

1892 4553 1988 4593 nes
2008 4545 2186 4591 autem
2227 4537 2281 4591 in
2311 4534 2717 4600 communione,
2741 4534 2942 4589 mundo
2962 4533 3125 4590 corde
3151 4542 3207 4591 et
3237 4549 3469 4605 corpore

1894 4626 2178 4696 puriﬁcato
2202 4627 2372 4682 sacris
2394 4625 2663 4697 mysteriis
2689 4625 3031 4692 assistentes,
3063 4641 3284 4683 necesse
3303 4637 3471 4685 estut

1896 4718 2255 4786 nosmetipsos
2300 4717 2415 4771 Deo
2462 4717 2514 4770 in
2546 4717 2722 4771 cordis
2763 4717 3090 4773 contritione
3143 4726 3467 4787 mactemus,

1897 4809 2022 4877 quia
2052 4807 2144 4877 qui
2177 4805 2445 4875 passionis
2472 4805 2762 4860 Dominica:
2809 4807 3065 4876 mysteria
3105 4807 3462 4871 celebramus,

1898 4900 2155 4956 debemus
2196 4898 2395 4952 imitari
2438 4897 2580 4966 quod
2626 4897 2854 4967 agimus.
2880 4897 3032 4952 Tunc
3061 4913 3192 4967 ergo
3216 4912 3344 4955 vere
3370 4914 3472 4970 pro

1900 4989 2054 5043 nobis
2083 4989 2259 5044 hostia
2287 4988 2411 5053 erit,
2440 5002 2563 5041 cum
2590 5002 2692 5042 nos
2720 4988 2864 5057 ipsos
2887 4988 3118 5042 hostiam
3146 4986 3356 5043 fecerit.

1971 5082 2140 5154 (Dial.
2172 5080 2265 5136 lib.
2294 5098 2371 5146 IV,
2403 5097 2452 5136 c.
2482 5081 2594 5151 59.)
2635 5100 2653 5132 ι
2687 5080 2790 5136 Sed
2839 5080 2980 5135 inter
3028 5081 3143 5135 haec
3189 5080 3489 5147 sciendum,

1897 5184 1998 5239 est,
2027 5175 2155 5245 quia
2180 5174 2266 5230 ille
2298 5184 2441 5229 recte
2468 5175 2549 5228 sui
2601 5172 2784 5228 delicti
2829 5172 3043 5226 veniam
3095 5171 3346 5241 postulat,
3370 5173 3493 5242 qui1
3549 5231 3552 5234 ,

1897 5266 2045 5335 prius
2070 5266 2171 5319 hoc
2196 5265 2338 5334 quod
2370 5263 2422 5317 in
2468 5264 2584 5333 ipso
2624 5261 2952 5332 delinquitur
3001 5261 3226 5316 relaxat.
3275 5261 3495 5330 Munus,

1898 5358 2042 5414 enim
2072 5373 2176 5412 non
2204 5357 2500 5428 accipitur,
2535 5355 2639 5410 nisi
2680 5363 2806 5410 ante
2854 5355 3120 5411 discordia
3167 5357 3236 5410 ab
3287 5357 3492 5424 animo

1898 5449 2152 5520 pellatur,
2179 5449 2391 5503 dicente
2414 5445 2687 5503 Vcritate:
2716 5444 2775 5501 Si
2816 5447 2975 5516 o/I'ers
3002 5464 3191 5501 munus
3220 5458 3369 5501 tuum
3399 5447 3471 5501 ad
3482 5476 3487 5499 ς

1899 5542 2096 5605 altare,
2126 5550 2172 5593 et
2199 5539 2269 5592 ibi
2299 5538 2597 5592 recordatus
2627 5537 2788 5607 fueris
2816 5539 2939 5608 quia
2970 5537 3274 5607 [ratertuus
3318 5539 3492 5593 habet.

1897 5632 2097 5703 aliquid
2140 5630 2412 5684 adversum
2453 5638 2522 5693 te,
2573 5627 2802 5700 relinque
2843 5629 2914 5683 ibi
2954 5646 3142 5684 munus
3179 5639 3326 5684 tuum
3352 5643 3473 5709 ante

1897 5723 2085 5785 altare,
2129 5728 2177 5772 et
2229 5719 2355 5772 vade
2399 5719 2546 5787 prius
2594 5717 2918 5772 reconciliari
2962 5719 3118 5788 fratri
3153 5728 3242 5772 tuo
3270 5728 3318 5774 et
3348 5729 3472 5774 tunc

1897 5813 2099 5883 veniens
2123 5808 2306 5883 o/feres
2332 5826 2518 5873 manus
2552 5818 2698 5863 luunt
2727 5808 2940 5882 (Matt/1.
2969 5825 3025 5876 ν,
3052 5809 3162 5881 25).
3194 5809 3308 5878 Qua
3336 5810 3387 5863 in
3415 5824 3473 5871 re
