4006 6338
604 437 700 494 9η

1422 427 1756 486 HINCMARI
1795 422 2011 482 RHEM.
2051 419 2374 478 ARCHlEP.
2418 420 2789 479 OPUSCULA
2830 419 3062 477 VARIA.
3705 411 3781 471 9η

605 552 944 627 pensandum
983 558 1089 616 est,
1120 562 1244 605 cum
1281 546 1461 602 omnis
1485 544 1643 615 culpa
1674 556 1899 627 munere
1926 514 2192 600 solvatur,
2220 537 2269 594 A
2298 532 2790 627 prteordinati,'sed
2816 546 3044 607 propter
3063 536 3198 593 mala
3236 537 3436 610 aliqua,
3458 544 3630 610 quam
3646 544 3787 610 polluit

607 626 983 716 quam-gravis
1001 648 1085 697 est
1108 638 1265 710 culpa
1292 636 1595 699 discordiae,
1617 650 1718 704 pro
1740 626 1847 704 qua
1873 644 1974 686 nec
1999 643 2197 685 munus

611 738 897 810 accipitur.
931 735 1203 791 Debemus
1239 732 1425 801 itaque
1448 729 1522 784 ad
1567 726 1875 797 proximum
1898 765 1915 790 ,
1946 721 2197 795 quamvis

610 831 772 901 longe
825 827 1082 900 positum,
1127 824 1393 896 longeque
1451 819 1814 889 disiunctum,
1858 825 2042 872 mente
2094 813 2199 877 ire,

609 922 770 990 eique
795 918 1036 973 animum
1061 916 1314 979 subdere,
1342 912 1650 969 humilitate
1677 909 1827 964 illum
1862 922 1925 961 ac
1959 906 2196 961 bemvo-

612 1013 776 1068 lentia
802 1011 1044 1082 placare,
1073 1016 1135 1064 ut
1164 1007 1373 1065 scilicet
1402 1004 1663 1061 Conditor
1690 1011 1898 1066 noster,
1935 999 2061 1053 dmn
2095 996 2203 1051 taie

611 1101 872 1173 placitum
915 1107 1117 1156 nostra:
1161 1097 1360 1153 mentis
1405 1093 1703 1165 aspexerit,
1736 1107 1767 1147 a
1818 1099 2045 1161 peccato
2102 1104 2203 1143 nos

610 1191 789 1248 solvat
815 1190 909 1262 qui
935 1203 1132 1245 munus
1152 1202 1254 1259 pro
1279 1186 1436 1258 culpa
1477 1185 1662 1241 sumit.
1706 1182 1967 1239 Veritatis
2018 1189 2202 1235 autem

614 1299 750 1341 voce
777 1274 1098 1349 attestante,
1128 1281 1418 1339 didicimus
1461 1279 1589 1349 quia
1635 1292 1825 1333 servus
1871 1274 1964 1346 qui
2016 1273 2206 1328 decem

615 1374 784 1431 millia
835 1373 1034 1430 talenta
1085 1372 1338 1439 debebat,
1392 1385 1516 1426 eum
1575 1368 1951 1440 paenitentiam
1998 1371 2206 1436 ageret,

617 1463 1010 1522 absolutionem
1063 1462 1229 1520 debiti
1284 1477 1316 1517 a
1364 1461 1583 1517 domino
1631 1458 1840 1530 accepit
1867 1497 1885 1524 ,
1933 1456 2028 1512 sed
2079 1455 2208 1524 quia

617 1572 884 1616 conservo
908 1571 1006 1613 suo
1041 1562 1261 1612 centum
1298 1554 1400 1609 sibi
1436 1551 1689 1610 denarios
1718 1550 1934 1606 debenti
1964 1547 2210 1603 debitum

616 1666 727 1709 non
753 1650 981 1716 dimisit,
1004 1658 1061 1705 et
1089 1650 1193 1705 hoc
1220 1658 1305 1705 est
1326 1648 1514 1721 jussus
1553 1645 1698 1716 exigi
1744 1643 1889 1714 quod
1934 1642 1984 1698 ei
2031 1640 2213 1696 fuerat

614 1740 730 1812 jam
760 1739 1045 1796 dimissum
1102 1738 1321 1805 (Matth.
1351 1738 1532 1809 xvnl).
1584 1736 1662 1792 Ex
1710 1735 1908 1806 quibus
1958 1731 2213 1788 videlicet

619 1830 781 1889 dictis
805 1840 1022 1889 constat
1050 1831 1199 1903 quia,
1246 1830 1295 1887 si
1334 1830 1439 1886 hoc
1464 1829 1607 1900 quod
1645 1829 1698 1883 in
1731 1842 1830 1883 nos
1876 1824 2210 1894 delinquitur

2301 625 2371 681 de
2396 642 2628 697 corpore
2652 638 2881 695 exeunt,
2918 644 3017 699 per
3047 622 3282 686 mortem
3312 634 3544 690 severius
3561 638 3791 710 castigata

2300 718 2648 786 excipiuntur
2670 716 2902 774 ﬂammis
2924 719 3067 791 ignis
3095 724 3415 792 purgatorii.
3435 737 3485 781 et
3505 727 3580 781 vel
3595 733 3792 798 usquead

2301 809 2445 863 diem
2468 808 2663 879 iudicii
2691 810 2850 882 longa
2893 812 3299 868 examinatione
3328 815 3394 868 de
3425 816 3647 872 vitiorum
3680 822 3794 877 sorde

2302 903 2661 967 mumlantur,
2689 903 2775 958 vel
2803 912 2953 959 certe
2976 905 3082 975 piis
3117 906 3419 961 amicorum
3445 908 3652 966 ﬁdelium
3670 916 3795 984 preci-

2302 992 2427 1055 lms,
2455 992 2837 1066 eleemosynis,
2875 993 3096 1063 ieiuniis
3118 1036 3134 1062 ,
3164 995 3402 1065 ﬂetibus,
3427 1008 3479 1054 et
3517 1003 3676 1058 hostias
3695 1005 3795 1059 saluo

2307 1084 2442 1138 taris
2468 1083 2833 1141 oblationibus
2857 1087 3086 1143 absoluti
3120 1089 3334 1158 pinnis,
3375 1102 3430 1146 et
3463 1093 3555 1163 ipsi
3587 1097 3644 1150 ad
3665 1097 3796 1155 beato-

2306 1188 2426 1227 rmn
2454 1177 2774 1243 perveniunt
2804 1178 3065 1247 requiem.
3109 1177 3217 1235 Sed
3247 1181 3387 1236 inter
3412 1183 3520 1240 lucc
3540 1191 3794 1256 pensandum

2306 1275 2414 1330 est,
2457 1266 2602 1335 quod
2651 1268 2818 1322 tutior
2866 1269 2953 1322 via
2989 1270 3103 1335 sit,
3136 1279 3199 1325 ut
3227 1272 3427 1327 bonum
3472 1277 3600 1345 quod
3630 1278 3797 1349 quisque

2309 1364 2434 1427 post
2458 1366 2686 1413 mortem
2715 1373 2867 1415 suam
2914 1371 3100 1429 sperat
3139 1363 3226 1433 agi
3273 1379 3370 1433 per
3409 1364 3563 1431 alios,
3591 1377 3690 1438 agat
3719 1369 3798 1439 ipse

2309 1448 2436 1503 dum
2466 1450 2602 1504 vivit
2643 1466 2743 1520 pro
2774 1468 2852 1506 se.
2883 1451 3102 1509 Beatius
3126 1455 3328 1526 quippe
3354 1466 3436 1513 est
3456 1457 3655 1514 liberum
3674 1463 3795 1526 exire,

2310 1554 2474 1609 quam
2522 1552 2646 1609 post
2689 1541 2906 1598 vincula
2950 1543 3266 1600 libertatem
3311 1562 3557 1616 quaerere.
3601 1550 3799 1609 Debemus

2310 1629 2495 1699 itaque
2518 1646 2767 1700 praesens
2795 1633 3076 1700 smculum,
3101 1635 3190 1691 vel
3224 1638 3352 1707 quia
3374 1637 3482 1706 jam
3518 1643 3797 1710 oornspicimus

2311 1720 2634 1789 deﬂuxisse,
2660 1734 2771 1780 tota
2800 1735 2981 1781 mente
3016 1738 3406 1795 contemnere;
3435 1733 3703 1800 quotidiana
3725 1735 3797 1791 Deo

2313 1816 2675 1888 laerymarum
2720 1820 2992 1874 sacriﬁcia
3019 1860 3034 1884 ,
3082 1822 3428 1890 quotidianas
3463 1825 3622 1879 carnis
3657 1824 3795 1894 ejuset

616 1937 687 1977 ex
711 1922 875 1978 corde
902 1937 1009 1977 non
1043 1886 1390 1985 dimittimus,
1419 1886 1651 1975 etlillud
1696 1932 1885 1973 rursus
1939 1914 2209 1985 exigimur
2241 1886 2286 1946 Β
2315 1886 2598 1977 sanguinis
2628 1909 2832 1963 hostias
2860 1886 3166 1976 immolare,
3201 1912 3254 1965 in
3284 1913 3509 1969 assiduis
3530 1886 3796 1971 etiam'tleti-

617 2010 763 2081 quod
793 2010 949 2066 nobis
974 2008 1088 2080 jam
1138 2025 1237 2081 per
1280 2008 1658 2081 paenitentiam
1707 2007 1992 2062 dimissum
2043 2003 2212 2060 fuisse

619 2102 1009 2172 gaudebamus.
1034 2101 1200 2174 Igitur
1224 2103 1351 2157 dum
1383 2116 1478 2173 per
1507 2099 1779 2155 indultum
1802 2097 2066 2168 temporis
2086 2111 2212 2168 spa-

622 2191 758 2247 tium
786 2190 934 2257 licet,
959 2190 1088 2246 dum
1112 2188 1281 2259 iudex
1326 2190 1577 2255 sustinet,
1625 2190 1750 2245 dum
1796 2187 2210 2244 conversionem

620 2292 864 2339 nostram
894 2283 941 2339 is
961 2282 1054 2354 qui
1077 2281 1265 2353 culpas
1290 2281 1569 2336 examinat
1593 2286 1893 2349 exspectat,
1914 2276 2212 2333 eonllemus

620 2377 678 2433 in
702 2376 956 2449 lacrymis
984 2375 1235 2432 duritiem
1264 2373 1487 2439 mentis,
1517 2370 1814 2427 formemus
1838 2370 1892 2425 in
1937 2367 2204 2440 proximis

622 2470 855 2541 gratiam
882 2468 1252 2541 benignitatis,
1281 2475 1337 2524 et
1361 2464 1589 2521 ﬁdenter
1618 2464 1772 2529 dico,
1800 2462 1928 2541 quia
1977 2458 2205 2516 salutari

627 2540 806 2616 hostia
833 2575 933 2631 per
958 2540 1188 2615 mortem
1234 2573 1344 2614 non
1392 2553 1776 2627 indigebimus,
1812 2551 1856 2608 si
1895 2540 2024 2607 ante
2066 2563 2213 2604 mor-

627 2660 739 2708 tem
769 2649 881 2705 Deo
906 2648 1006 2720 ipsi
1033 2648 1210 2705 hostia
1241 2646 1525 2704 fuerimus.
1561 2665 1581 2697 ι

697 2739 764 2794 Et
793 2739 1074 2795 sciendum
1102 2738 1259 2794 nobis
1300 2746 1419 2804 est,
1467 2752 1575 2807 qua
1625 2735 1732 2791 illis
1785 2748 1943 2791 sacra
1991 2731 2211 2789 victima

624 2831 858 2888 mortuis
884 2831 1126 2903 prodest,
1149 2830 1242 2901 qui
1273 2829 1362 2884 hic
1403 2826 1634 2883 vivendo
1659 2826 2014 2882 obtinuerunt
2038 2835 2100 2878 ut
2120 2838 2215 2879 eos

625 2922 790 2977 etiam
817 2930 941 2993 post
977 2928 1208 2977 mortem
1236 2919 1376 2974 bona
1407 2916 1663 2987 adjuvent
1689 2931 1808 2986 quae
1835 2916 1924 2971 hic
1959 2930 2057 2985 pro
2083 2915 2216 2985 ipsis

627 3014 698 3070 ab
731 3014 855 3068 aliis
882 3015 1038 3067 liunt.
1069 3010 1152 3067 Ad
1180 3011 1298 3067 haec
1325 3010 1492 3067 etiam
1522 3009 1796 3064 veraciter
1835 3008 1985 3064 credi
2033 3007 2212 3072 debet,

627 3106 756 3178 quia
778 3104 925 3161 illum
957 3113 1078 3175 post
1101 3116 1331 3159 mortem
1355 3103 1498 3158 Deus
1528 3116 1637 3156 non
1661 3101 1874 3166 liberat,
1901 3114 2062 3169 quem
2090 3107 2217 3155 ante

627 3204 863 3253 mortem
891 3193 1066 3267 gratia
1096 3208 1248 3249 suam
1281 3191 1351 3247 ad
1378 3191 1595 3248 veniam
1624 3206 1730 3246 non
1757 3188 2036 3245 reformat.
2078 3188 2217 3244 Hinc

2312 1996 2434 2063 bus,
2465 1997 2520 2052 in
2542 1999 2857 2067 quotidiana
2884 2010 3075 2057 nostra
3106 2003 3447 2072 pauitentia.

2898 2175 3128 2235 CAPUT
3172 2177 3303 2235 Vill.

2313 2288 2472 2374 Quod
2485 2290 2779 2373 aduocatus
2802 2305 2976 2374 noster
2996 2293 3049 2348 in
3072 2295 3201 2350 caelo
3224 2298 3291 2350 sit
3321 2293 3563 2374 Christus,
3583 2296 3794 2367 quiiucat-

2383 2365 2614 2415 nationis
2634 2373 2685 2415 et
2714 2365 2973 2438 passionis
3013 2382 3123 2419 sua’
3153 2370 3397 2438 mysterio
3435 2385 3522 2421 nos
3556 2365 3741 2430 redemit,
3760 2378 3791 2421 et

2384 2447 2594 2556 corpus!
2610 2449 2673 2486 ac
2715 2435 3027 2504 sanguinem
3072 2435 3231 2513 suum
3282 2438 3424 2492 nobis
3462 2442 3511 2493 in
3553 2449 3791 2494 sacramento

2386 2517 2571 2556 rerum
2602 2542 2616 2556 .

2386 2517 2616 2574 reliquit.

2388 2633 2664 2691 Habemus
2695 2637 3030 2693 sacerdotem
3063 2639 3115 2694 in
3159 2641 3313 2696 oculis
3345 2641 3432 2712 qui
3459 2639 3789 2711 interpellatpro

2320 2728 2498 2793 nobis,
2533 2728 2600 2783 de
2629 2745 2739 2799 quo
2768 2730 2931 2785 etiam
2979 2747 3075 2801 per
3109 2730 3373 2788 Joannem
3402 2734 3580 2788 dicitur
3610 2751 3621 2786 :
3649 2730 3696 2787 Si
3712 2746 3790 2799 pu-

2321 2823 2634 2888 caverimus,
2662 2824 2975 2880 aduocatum
3010 2827 3266 2882 habemus
3299 2829 3437 2898 apud
3474 2826 3651 2880 Patren:
3668 2823 3789 2877 Jmu

2319 2910 2587 2967 Christum
2607 2914 2835 2983 justum,
2851 2926 2897 2970 et
2915 2918 3023 2986 ipse
3037 2928 3109 2972 est
3132 2920 3429 2988 propitiutio
3449 2935 3534 2989 pro
3545 2919 3715 2988 peccatis
3727 2930 3789 2966 uno

2318 3005 2443 3057 stris
2460 3003 2510 3068 (I
2529 3004 2690 3059 Joau.
2718 3022 2777 3067 ll,
2808 3008 2883 3078 i).
2908 3008 3048 3063 Ecce
3069 3011 3307 3065 exsultat
3328 3012 3542 3073 animus.
3565 3026 3661 3064 cum
3684 3008 3789 3062 adto-

2319 3094 2426 3149 cati
2458 3096 2626 3150 nostri
2667 3098 2963 3166 potentiam
2994 3099 3334 3166 audivimus;
3373 3102 3460 3156 sed
3482 3098 3788 3155 exsultatioan

2323 3193 2566 3240 nostram
2598 3186 2790 3241 iterum
2819 3191 3089 3245 remordet
3119 3192 3305 3256 timor,
3335 3193 3454 3262 quia
3476 3192 3574 3262 ipse
3597 3189 3669 3260 qui
3684 3185 3786 3242 nobis

629 3291 831 3349 ctenim
870 3288 1072 3346 Paulus
1101 3287 1234 3344 dicit
1264 3304 1276 3341 :
1313 3284 1449 3341 Ecce
1476 3301 1615 3341 nunc
1647 3294 1848 3355 tempus
1881 3281 2216 3354 acceptabile,
2245 3250 2291 3313 Ε
2326 3276 2624 3331 advocatus
2651 3288 2737 3332 cst
2764 3280 2965 3334 dicitur
2983 3280 3187 3351 justus.
3220 3250 3328 3338 Nos
3353 3250 3508 3338 enim.
3522 3250 3675 3338 causas
3702 3276 3790 3344 inju-

628 3400 746 3439 ecce
767 3399 906 3437 nunc
925 3382 1036 3437 dies
1055 3379 1242 3435 salutis
1291 3377 1343 3448 (1
1353 3376 1374 3431 1
1400 3375 1523 3432 Cor.
1554 3392 1630 3442 vr,
1655 3375 1736 3447 2).
1767 3375 1904 3430 Hinc
1931 3372 2219 3428 Psalmista

633 3477 713 3532 ait
748 3494 761 3531 :
805 3475 1068 3543 Quoniam
1102 3475 1160 3528 in
1204 3471 1458 3528 strcqum
1495 3469 1838 3525 misereordia
1880 3468 1997 3538 ejus
2043 3463 2217 3538 (Psal.

634 3584 808 3633 cxvu,
839 3568 914 3637 l).
946 3566 1083 3634 Quia
1133 3564 1411 3627 nimirum,
1463 3575 1624 3631 quem
1673 3572 2015 3628 nequaquam
2059 3555 2220 3610 modo

634 3655 1010 3713 misericordia
1032 3655 1152 3726 ejus
1179 3653 1361 3724 eripit,
1395 3651 1507 3707 sola
1548 3657 1671 3719 post
1694 3662 1933 3719 praesens
1961 3644 2219 3700 saeculum

628 3747 843 3820 justitia
874 3746 1096 3803 addicit.
1125 3744 1265 3799 Hinc
1308 3741 1564 3799 Salomon
1593 3740 1711 3794 ait:
1747 3737 1885 3804 Quia
1924 3735 2123 3807 lignum
2165 3737 2222 3789 in

632 3854 943 3911 quocunque
971 3837 1085 3891 loco
1137 3835 1411 3900 ceciderit,
1442 3831 1547 3888 sive
1595 3831 1666 3885 ad
1711 3838 1973 3892 austrum,
2005 3827 2109 3881 sive
2151 3825 2221 3879 ad

633 3931 954 4004 aquilonem,
980 3929 1052 3982 ibi
1080 3929 1177 3983 erit
1216 3924 1416 3999 (Eccle.
1448 3940 1500 3978 χι
1521 3965 1534 3990 ,
1566 3924 1644 3994 ὅ).
1672 3922 1807 3990 Quia
1849 3936 1974 3976 cum
2001 3917 2223 3973 humani

636 4037 796 4079 casus
824 4032 1086 4091 tempore,
1118 4019 1233 4074 sive
1261 4023 1505 4081 sanctus,
1537 4015 1652 4068 sive
1698 4011 1969 4082 malignus
1997 4008 2221 4078 spiritus

633 4112 1002 4185 egredientem
1049 4109 1288 4164 animam
1310 4103 1590 4162 -cl-iustris
1626 4101 1809 4157 carnis
1840 4097 2133 4168 acceperit,
2164 4095 2221 4151 in

635 4212 899 4258 aeternum
928 4213 1113 4256 secum
1142 4198 1259 4253 sine
1285 4195 1390 4250 ulla
1421 4191 1819 4265 permutatione
1849 4186 2131 4252 retinebit,
2162 4193 2224 4241 ut

634 4310 735 4350 nec
757 4291 994 4348 exaltata
1022 4290 1090 4344 ad
1116 4288 1437 4359 supplicium
1466 4291 1709 4354 prernat,
1733 4295 1833 4336 nec
1857 4293 2038 4335 mersa
2065 4284 2225 4332 teter-

635 4387 720 4441 nis
740 4382 1022 4456 suppliciis
1037 4381 1179 4435 ultra
1200 4380 1268 4435 ad
1295 4378 1590 4434 remedium
1620 4373 1917 4445 ereptionis
1942 4371 2221 4432 ascendat,

634 4475 841 4532 relictis
864 4472 1195 4529 aeternaliter
1215 4469 1607 4526 condemnatis.
1627 4466 1781 4523 Scire
1801 4465 2082 4530 debemus,
2099 4463 2225 4532 quia

635 4572 720 4620 est
746 4561 1049 4619 differentia
1078 4561 1132 4615 in
1155 4560 1342 4616 electis
1367 4560 1432 4614 de
1459 4573 1684 4629 corpore
1710 4555 1968 4628 egressis,
1992 4562 2051 4609 ut
2069 4568 2224 4625 egre-

636 4654 913 4711 dientibus
940 4666 1035 4708 seu
1061 4652 1363 4723 egressuris
1395 4665 1410 4704 :
1438 4651 1695 4720 quoniam
1721 4656 1849 4705 sunt
1878 4647 1971 4718 qui
2002 4662 2129 4702 mox
2158 4652 2221 4700 ut

640 4763 671 4802 a
700 4745 884 4803 carnis
910 4744 1262 4815 corruptione
1297 4742 1459 4798 soluti
1504 4749 1635 4796 sunt
1681 4749 1775 4793 aut
1818 4738 2121 4803 solvuntur,
2152 4736 2224 4792 ad

639 4840 734 4899 Dei
775 4837 1290 4911 contemplationem
1335 4834 1541 4907 angelis
1591 4832 1833 4888 sociandi
1876 4831 2222 4904 perveniunt,

640 4934 782 4991 sicut
822 4932 998 4989 sancti
1038 4929 1301 5003 apostoli,
1348 4935 1620 4999 martyres
1646 4966 1660 4992 ,
1689 4935 1745 4982 et
1773 4924 2139 4991 confessores,
2170 4932 2228 4980 et

638 5027 898 5100 virgines,
924 5025 1217 5097 caeterique
1242 5020 1495 5078 arctioris
1518 5028 1574 5077 et
1600 5019 1946 5091 perfectioris
1969 5018 2095 5074 vita:
2120 5016 2225 5073 viri

640 5134 708 5176 ac
737 5117 973 5185 feminae,
1004 5131 1238 5189 quorum
1278 5130 1421 5172 unus
1448 5112 1806 5170 certaminum
1838 5127 2061 5169 suorum
2088 5127 2224 5167 con-

639 5211 788 5268 scius
841 5224 950 5266 non
993 5206 1263 5265 dubitavit
1302 5206 1369 5263 de
1413 5206 1530 5276 ipso
1565 5203 1754 5259 testari
1798 5203 2028 5259 dicens:
2058 5201 2225 5273 Cupio

638 5300 856 5359 dissolvi
881 5309 1073 5357 etcum
1101 5298 1310 5355 Christo
1335 5313 1446 5352 esse
1479 5293 1702 5367 (Philip.
1738 5309 1778 5360 ι,
1807 5293 1926 5366 2‘5).
1958 5293 2226 5349 Caeterum

642 5402 773 5451 sunt
813 5391 997 5463 plures
1024 5390 1081 5446 in
1109 5387 1350 5446 Ecclesia
1373 5386 1541 5458 justi,
1579 5386 1670 5457 qui
1703 5395 1828 5457 post
1863 5385 2044 5439 carnis
2083 5383 2229 5439 solu-

643 5482 847 5539 tionem
877 5482 1134 5540 continuo
1154 5478 1317 5537 beata
1334 5468 1574 5559 paradisi
1621 5477 1809 5549 requie
1834 5476 2223 5546 suscipientur,

642 5585 1027 5647 exspectantes
1054 5566 1348 5655 inmagio
1378 5571 1608 5643 gaudio,
1652 5572 1706 5626 in
1750 5570 2228 5641 magnis-congau-

644 5668 888 5724 dentium
917 5668 1098 5725 choris
1115 5664 1130 5732 ξ
1148 5663 1392 5746 ςηιιωιᾶο
1416 5671 1639 5736 recepto
1662 5664 1891 5734 corpore
1918 5662 2142 5718 veniant
2175 5669 2231 5715 et

644 5765 943 5827 appareant
970 5766 1097 5812 ante
1134 5740 1328 5811 faciem
1374 5754 1492 5810 Dei.
1533 5756 1605 5810 At
1634 5769 1767 5811 vero
1808 5753 2071 5816 nonnulli,
2103 5767 2230 5823 pro-

643 5855 770 5921 pter
805 5847 943 5902 bona
984 5846 1201 5917 quidem
1248 5860 1415 5916 opera
1462 5846 1528 5901 ad
1570 5846 1868 5902 electorum
1912 5848 2229 5904 societatem

2249 4607 2303 4668 Β

2335 5848 2499 5905 tionis
2536 5846 2962 5926 humanitatem,
3013 5856 3207 5905 nostra:
3245 5826 3525 5898 humilitatis

2323 3366 2488 3422 stitiae
2516 3368 2800 3436 habemus,
2823 3371 3004 3441 justus
3034 3388 3168 3428 vero
3200 3374 3481 3430 advocatus
3504 3371 3688 3440 injustas
3701 3381 3786 3423 cau-

2321 3473 2412 3514 sas
2434 3459 2580 3514 nullo
2602 3441 3032 3532 modo'suscipit,
3056 3479 3161 3520 nec
3190 3467 3347 3520 verba
3374 3465 3491 3520 dare
3508 3478 3591 3532 pro
3607 3457 3787 3530 injustitia

2322 3552 2612 3605 consentit.
2637 3551 2774 3619 Quid
2800 3568 2930 3624 ergo
2952 3557 3193 3626 agimus,
3215 3557 3500 3614 charissimi
3521 3556 3680 3610 fratres
3696 3546 3786 3605 mei!

2323 3640 2432 3695 Sed
2471 3657 2601 3697 ecce
2638 3646 2878 3699 occurrit
2917 3646 3098 3702 animo
3145 3649 3275 3717 quid
3321 3641 3785 3719 agamus:malaqnz

2323 3730 2554 3787 fecimus
2594 3742 2650 3788 et
2686 3749 3006 3792 accusenms
3035 3746 3092 3793 et
3125 3739 3476 3810 deploremus.
3506 3730 3785 3805 Scriptumesl

2323 3824 2467 3877 enim
2494 3844 2508 3879 :
2534 3824 2721 3881 Justus
2759 3830 3113 3901 in.principio
3144 3844 3418 3887 accusator
3458 3840 3527 3886 est
3561 3827 3630 3883 sui
3664 3822 3783 3894 (PM-

2322 3932 2489 3982 xvm,
2523 3920 2630 3983 l7).
2677 3921 2916 3989 Quilibet
2959 3925 3164 3980 etenim
3209 3934 3453 3996 peccator
3491 3929 3723 3979 conversus
3749 3911 3782 3965 in

2322 4009 2538 4066 ﬂetibus
2565 4011 2678 4082 jam
2703 4014 2883 4083 justus
2910 4030 3033 4071 esse
3067 4017 3307 4083 inchoat,
3336 4032 3450 4073 eum
3478 4010 3662 4082 eruperit
3682 4016 3783 4059 accu-

2325 4120 2447 4161 sare
2468 4107 2610 4176 quod
2644 4107 2790 4163 fecit.
2817 4108 2926 4164 Cur
2949 4111 3093 4165 enim
3117 4112 3299 4183 justus
3335 4124 3432 4165 non
3465 4106 3545 4171 sit,
3565 4101 3639 4174 qui
3658 4102 3782 4154 conm

2325 4210 2477 4251 suam
2521 4197 2843 4266 injustitiam
2883 4198 2998 4269 jam
3043 4216 3143 4271 per
3186 4202 3441 4273 lacrymas
3478 4190 3634 4251 ειενίιῖ
3660 4185 3783 4241 Justus

2325 4285 2490 4359 igitur
2512 4290 2805 4345 advocatus
2836 4300 3020 4346 noster
3041 4291 3221 4360 justos
3260 4271 3355 4347 nos
3386 4287 3603 4346 defendet
3632 4281 3672 4335 in
3690 4271 3784 4344 Ῑυάί⁴

2326 4377 2430 4442 Cio.
2464 4380 2589 4448 quia
2622 4383 2982 4451 nosmetipsos
3006 4393 3060 4438 et
3090 4383 3453 4456 cegnoseimus
3479 4387 3526 4433 et
3555 4374 3783 4429 accusamus

2328 4469 2576 4540 ίηὶυεῑοευ
2602 4469 2716 4525 Non
2744 4488 2873 4543 ergo
2894 4474 2945 4528 in
2970 4452 3212 4540 ﬂetibus,
3235 4490 3339 4529 non
3367 4473 3415 4527 in
3438 4467 3615 4525 actibus
3632 4452 3781 4543 nostris

2328 4563 2421 4615 sed
2469 4562 2522 4616 in
2568 4566 2816 4619 advocati
2864 4568 3034 4622 nostri
3067 4568 3380 4639 allegatione
3407 4540 3780 4619 conﬁdamus,qu

2328 4653 2447 4708 sine
2473 4652 2871 4709 intermissione
2889 4672 2988 4726 pro
3006 4658 3162 4713 nobis
3186 4657 3529 4712 holocaustum
3549 4642 3782 4707 Redemi”

2329 4742 2608 4814 piissimus
2637 4743 2910 4810 immolat,
2939 4746 3065 4816 quia
3096 4748 3214 4802 sine
3240 4744 3515 4802 cessatione
3540 4731 3654 4792 Patri
3677 4734 3778 4816 suam

2331 4845 2432 4901 pro
2462 4833 2619 4888 nobis
2660 4814 3087 4891 incarnationem
3134 4835 3476 4892 demonstrat.
3518 4826 3613 4895 Ipsa
3647 4814 3779 4905 αιξίνεθ

2332 4921 2450 4991 ejus
2498 4921 2800 4978 incarnatio
2851 4934 3051 4979 nostra:
3099 4932 3184 4979 est
3228 4914 3585 4978 emundationis
3626 4901 3776 4999 ῡΙξΙῖίιξὉ*

2333 5013 2577 5087 Cumque
2614 5029 2674 5072 se
2714 5016 2988 5070 hominem
3034 5016 3287 5080 ostendit,
3317 5011 3493 5068 delicta
3524 4993 3703 5087 hominis

2335 5082 2647 5162 terveniens
2676 5105 2848 5169 diluit,
2877 5115 2934 5161 et
2974 5105 3322 5161 humanitatis
3360 5113 3460 5158 sua:
3497 5082 3697 5162 mysteria
3718 5086 3777 5144 Pe‘

2335 5213 2503 5253 renne
2533 5199 2861 5254 sacrificium
2885 5200 3148 5267 immolat,
3179 5197 3301 5270 quia
3326 5203 3378 5252 et
3402 5194 3502 5247 haec
3521 5188 3623 5238 sunt
3639 5175 3775 5270 2W)?

2335 5307 2455 5362 quae
2495 5293 2735 5356 mundat,
2765 5294 3022 5350 sacerdos
3056 5309 3154 5365 pro
3188 5252 3342 5347 nobis
3368 5286 3537 5341 factus,
3563 5252 3774 5365 et.

2335 5385 2513 5449 cium,
2540 5392 2596 5440 et
2633 5384 2824 5440 altare.
2874 5385 3029 5441 Unde
3058 5342 3139 5440 rad
3175 5381 3338 5470 Israel
3360 5376 3530 5433 dicitur
3553 5385 3563 5420 :
3586 5342 3774 5470 tum":

2335 5485 2477 5530 terra
2500 5446 2712 5546 ‘facietis
2754 5478 2885 5531 mihi
2915 5476 3113 5550 (Exod.
3165 5446 3344 5535 xxx";
3374 5468 3475 5536 θυι
3502 5446 3771 5550 “Eri

2333 5570 2399 5625 de
2437 5576 2587 5624 terra
2610 5568 2720 5625 Deo
2758 5537 2961 5636 facere,
3004 5579 3090 5626 est
3137 5561 3521 5625 incarnationem
3556 5537 3771 5638 Μεάξεξςξξε

2332 5661 2581 5717 adorare.
2611 5660 2764 5718 Tunc
2786 5663 2987 5732 quippe
3011 5678 3042 5717 a
3067 5664 3176 5719 Deo
3198 5667 3371 5715 nostro
3393 5654 3556 5705 munus

2333 5757 2550 5826 quando
2572 5756 2626 5811 in
2651 5756 2756 5810 hoc
2778 5716 2965 5821 alltatrli,
2992 5756 3047 5811 id
3067 5763 3150 5811 est
3171 5764 3323 5822 super
3342 5732 3584 5800 Dominica:
3603 5716 3770 5799 incauti)‘

2335 5848 2496 5872 ἐυ-³*
2536 5846 2926 5872 “neu—“num
3014 5856 3207 5872 --ηο-κι
3245 5826 3525 5872 humilitatis
3553 5792 3768 5872 ηάεωεοιιο
