  <div class='ocr_page' id='page_1' title='image "/cluster/home/n/w/nwhite01/storage/ocr_20150623/125/hvd.32044015471667/462.png"; bbox 0 0 4006 6338; ppageno 0'>
   <div class='ocr_carea' id='block_1_1' title="bbox 256 371 366 429">
    <p class='ocr_par' dir='ltr' id='par_1_1' title="bbox 256 371 366 429">
     <span class='ocr_line' id='line_1_1' title="bbox 256 371 366 429; baseline -0.036 0"><span class='ocrx_word' id='word_1_1' title='bbox 256 371 366 429; x_wconf 79' lang='grc' dir='ltr'><strong>9ιῦ</strong></span> 
     </span>
    </p>
   </div>
   <div class='ocr_carea' id='block_1_2' title="bbox 1413 365 2344 438">
    <p class='ocr_par' dir='ltr' id='par_1_2' title="bbox 1413 365 2344 438">
     <span class='ocr_line' id='line_1_2' title="bbox 1413 365 2344 438; baseline 0.006 -15"><span class='ocrx_word' id='word_1_2' title='bbox 1413 367 1505 425; x_wconf 81' lang='lat' dir='ltr'><strong>DE</strong></span> <span class='ocrx_word' id='word_1_3' title='bbox 1536 365 1878 426; x_wconf 78' lang='lat' dir='ltr'><strong>CAVENDIS</strong></span> <span class='ocrx_word' id='word_1_4' title='bbox 1908 366 2110 426; x_wconf 81' lang='lat' dir='ltr'><strong>VlTllS</strong></span> <span class='ocrx_word' id='word_1_5' title='bbox 2128 409 2155 438; x_wconf 79' lang='lat'><strong>,</strong></span> <span class='ocrx_word' id='word_1_6' title='bbox 2190 370 2344 431; x_wconf 82' lang='lat' dir='ltr'><strong>ETC.</strong></span> 
     </span>
    </p>
   </div>
   <div class='ocr_carea' id='block_1_3' title="bbox 3396 376 3501 434">
    <p class='ocr_par' dir='ltr' id='par_1_3' title="bbox 3396 376 3501 434">
     <span class='ocr_line' id='line_1_3' title="bbox 3396 376 3501 434; baseline -0.01 0"><span class='ocrx_word' id='word_1_7' title='bbox 3396 376 3501 434; x_wconf 75' lang='grc' dir='ltr'>9ιᾶ</span> 
     </span>
    </p>
   </div>
   <div class='ocr_carea' id='block_1_4' title="bbox 249 462 3554 562">
    <p class='ocr_par' dir='ltr' id='par_1_4' title="bbox 249 462 3554 562">
     <span class='ocr_line' id='line_1_4' title="bbox 249 462 3554 562; baseline 0.003 -21"><span class='ocrx_word' id='word_1_8' title='bbox 249 490 464 543; x_wconf 87' lang='lat' dir='ltr'><strong>damus.</strong></span> <span class='ocrx_word' id='word_1_9' title='bbox 495 485 666 543; x_wconf 75' lang='lat' dir='ltr'><strong>Homo</strong></span> <span class='ocrx_word' id='word_1_10' title='bbox 704 501 936 558; x_wconf 78' lang='lat' dir='ltr'><strong>namque</strong></span> <span class='ocrx_word' id='word_1_11' title='bbox 961 487 1015 541; x_wconf 90' lang='lat' dir='ltr'><strong>in</strong></span> <span class='ocrx_word' id='word_1_12' title='bbox 1044 485 1291 541; x_wconf 73' lang='lat' dir='ltr'><strong>libertate</strong></span> <span class='ocrx_word' id='word_1_13' title='bbox 1320 482 1550 554; x_wconf 64' lang='lat' dir='ltr'><strong>propriae</strong></span> <span class='ocrx_word' id='word_1_14' title='bbox 1573 462 1826 538; x_wconf 71' lang='lat' dir='ltr'><strong>volunta—</strong></span> <span class='ocrx_word' id='word_1_15' title='bbox 1852 484 1904 545; x_wconf 82' lang='grc' dir='ltr'>Α</span> <span class='ocrx_word' id='word_1_16' title='bbox 1930 484 2080 556; x_wconf 84' lang='lat' dir='ltr'><strong>(Luc.</strong></span> <span class='ocrx_word' id='word_1_17' title='bbox 2115 503 2154 553; x_wconf 84' lang='grc' dir='ltr'>ι,</span> <span class='ocrx_word' id='word_1_18' title='bbox 2188 488 2302 561; x_wconf 75' lang='grc'><strong>45.)</strong></span> <span class='ocrx_word' id='word_1_19' title='bbox 2350 488 2417 544; x_wconf 85' lang='grc' dir='ltr'>Ει</span> <span class='ocrx_word' id='word_1_20' title='bbox 2460 489 2581 560; x_wconf 83' lang='lat' dir='ltr'><strong>ipsa</strong></span> <span class='ocrx_word' id='word_1_21' title='bbox 2620 488 2785 562; x_wconf 82' lang='lat' dir='ltr'><strong>Virgo</strong></span> <span class='ocrx_word' id='word_1_22' title='bbox 2814 489 3122 561; x_wconf 81' lang='lat' dir='ltr'><strong>concipiens</strong></span> <span class='ocrx_word' id='word_1_23' title='bbox 3152 492 3286 548; x_wconf 73' lang='lat' dir='ltr'><strong>dixit</strong></span> <span class='ocrx_word' id='word_1_24' title='bbox 3317 511 3331 548; x_wconf 94' lang='lat'><strong>:</strong></span> <span class='ocrx_word' id='word_1_25' title='bbox 3365 492 3501 551; x_wconf 78' lang='lat' dir='ltr'><strong>Ecce</strong></span> <span class='ocrx_word' id='word_1_26' title='bbox 3551 521 3554 525; x_wconf 78' lang='lat'><strong><em>~</em></strong></span> 
     </span>
    </p>
   </div>
   <div class='ocr_carea' id='block_1_5' title="bbox 249 572 1826 650">
    <p class='ocr_par' dir='ltr' id='par_1_5' title="bbox 249 572 1826 650">
     <span class='ocr_line' id='line_1_5' title="bbox 249 572 1826 650; baseline -0.004 -14"><span class='ocrx_word' id='word_1_27' title='bbox 249 582 322 637; x_wconf 89' lang='lat' dir='ltr'><strong>tis</strong></span> <span class='ocrx_word' id='word_1_28' title='bbox 358 582 425 635; x_wconf 89' lang='lat' dir='ltr'><strong>ad</strong></span> <span class='ocrx_word' id='word_1_29' title='bbox 456 581 622 634; x_wconf 87' lang='lat' dir='ltr'><strong>vitam</strong></span> <span class='ocrx_word' id='word_1_30' title='bbox 662 580 930 645; x_wconf 91' lang='lat' dir='ltr'><strong>conditus,</strong></span> <span class='ocrx_word' id='word_1_31' title='bbox 972 590 1163 650; x_wconf 88' lang='lat' dir='ltr'><strong>sponte</strong></span> <span class='ocrx_word' id='word_1_32' title='bbox 1209 592 1305 633; x_wconf 90' lang='lat' dir='ltr'><strong>sua</strong></span> <span class='ocrx_word' id='word_1_33' title='bbox 1347 572 1826 633; x_wconf 81' lang='lat' dir='ltr'><strong>diabolo‘consen—</strong></span> 
     </span>
    </p>
   </div>
   <div class='ocr_carea' id='block_1_6' title="bbox 249 671 1827 741">
    <p class='ocr_par' dir='ltr' id='par_1_6' title="bbox 249 671 1827 741">
     <span class='ocr_line' id='line_1_6' title="bbox 249 671 1827 741; baseline -0.005 -11"><span class='ocrx_word' id='word_1_34' title='bbox 249 676 411 737; x_wconf 64' lang='lat' dir='ltr'><strong>tiens,</strong></span> <span class='ocrx_word' id='word_1_35' title='bbox 447 672 623 729; x_wconf 81' lang='lat' dir='ltr'><strong>factus</strong></span> <span class='ocrx_word' id='word_1_36' title='bbox 661 680 745 728; x_wconf 84' lang='lat' dir='ltr'><strong>est</strong></span> <span class='ocrx_word' id='word_1_37' title='bbox 772 674 983 728; x_wconf 80' lang='lat' dir='ltr'><strong>debitor</strong></span> <span class='ocrx_word' id='word_1_38' title='bbox 1020 673 1232 728; x_wconf 90' lang='lat' dir='ltr'><strong>mortis.</strong></span> <span class='ocrx_word' id='word_1_39' title='bbox 1278 671 1521 728; x_wconf 81' lang='lat' dir='ltr'><strong>Delenda</strong></span> <span class='ocrx_word' id='word_1_40' title='bbox 1553 678 1687 741; x_wconf 79' lang='lat' dir='ltr'><strong>‘ergo</strong></span> <span class='ocrx_word' id='word_1_41' title='bbox 1708 676 1827 723; x_wconf 89' lang='lat' dir='ltr'><strong>erat</strong></span> 
     </span>
    </p>
   </div>
   <div class='ocr_carea' id='block_1_7' title="bbox 247 761 1825 833">
    <p class='ocr_par' dir='ltr' id='par_1_7' title="bbox 247 761 1825 833">
     <span class='ocr_line' id='line_1_7' title="bbox 247 761 1825 833; baseline -0.003 -16"><span class='ocrx_word' id='word_1_42' title='bbox 247 763 378 818; x_wconf 86' lang='lat' dir='ltr'><strong>talis</strong></span> <span class='ocrx_word' id='word_1_43' title='bbox 405 762 581 833; x_wconf 90' lang='lat' dir='ltr'><strong>culpa,</strong></span> <span class='ocrx_word' id='word_1_44' title='bbox 612 763 706 818; x_wconf 89' lang='lat' dir='ltr'><strong>sed</strong></span> <span class='ocrx_word' id='word_1_45' title='bbox 750 764 853 818; x_wconf 89' lang='lat' dir='ltr'><strong>nisi</strong></span> <span class='ocrx_word' id='word_1_46' title='bbox 891 778 990 833; x_wconf 91' lang='lat' dir='ltr'><strong>per</strong></span> <span class='ocrx_word' id='word_1_47' title='bbox 1014 762 1342 818; x_wconf 92' lang='lat' dir='ltr'><strong>sacriﬁcium</strong></span> <span class='ocrx_word' id='word_1_48' title='bbox 1381 761 1548 817; x_wconf 89' lang='lat' dir='ltr'><strong>deleri</strong></span> <span class='ocrx_word' id='word_1_49' title='bbox 1576 775 1683 815; x_wconf 86' lang='lat' dir='ltr'><strong>non</strong></span> <span class='ocrx_word' id='word_1_50' title='bbox 1730 773 1825 829; x_wconf 88' lang='lat' dir='ltr'><strong>po-</strong></span> 
     </span>
    </p>
   </div>
   <div class='ocr_carea' id='block_1_8' title="bbox 246 846 1821 922">
    <p class='ocr_par' dir='ltr' id='par_1_8' title="bbox 246 846 1821 922">
     <span class='ocr_line' id='line_1_8' title="bbox 246 846 1821 922; baseline -0.003 -17"><span class='ocrx_word' id='word_1_51' title='bbox 246 859 412 917; x_wconf 87' lang='lat' dir='ltr'><strong>terat,</strong></span> <span class='ocrx_word' id='word_1_52' title='bbox 441 860 497 906; x_wconf 86' lang='lat' dir='ltr'><strong>et</strong></span> <span class='ocrx_word' id='word_1_53' title='bbox 523 867 621 920; x_wconf 86' lang='lat' dir='ltr'><strong>pro</strong></span> <span class='ocrx_word' id='word_1_54' title='bbox 652 853 870 907; x_wconf 85' lang='lat' dir='ltr'><strong>homine</strong></span> <span class='ocrx_word' id='word_1_55' title='bbox 893 851 1146 907; x_wconf 87' lang='lat' dir='ltr'><strong>videlicet</strong></span> <span class='ocrx_word' id='word_1_56' title='bbox 1167 858 1451 922; x_wconf 73' lang='lat' dir='ltr'><strong>peccatore</strong></span> <span class='ocrx_word' id='word_1_57' title='bbox 1470 856 1525 904; x_wconf 92' lang='lat' dir='ltr'><strong>et</strong></span> <span class='ocrx_word' id='word_1_58' title='bbox 1552 846 1821 912; x_wconf 83' lang='lat' dir='ltr'><strong>rationali,</strong></span> 
     </span>
    </p>
   </div>
   <div class='ocr_carea' id='block_1_9' title="bbox 248 939 1821 1008">
    <p class='ocr_par' dir='ltr' id='par_1_9' title="bbox 248 939 1821 1008">
     <span class='ocr_line' id='line_1_9' title="bbox 248 939 1821 1008; baseline -0.001 -14"><span class='ocrx_word' id='word_1_59' title='bbox 248 942 356 995; x_wconf 82' lang='lat' dir='ltr'><strong>nisi</strong></span> <span class='ocrx_word' id='word_1_60' title='bbox 387 941 669 997; x_wconf 79' lang='lat' dir='ltr'><strong>rationalis</strong></span> <span class='ocrx_word' id='word_1_61' title='bbox 701 942 873 997; x_wconf 89' lang='lat' dir='ltr'><strong>hostia</strong></span> <span class='ocrx_word' id='word_1_62' title='bbox 896 982 911 1007; x_wconf 95' lang='lat'><strong>,</strong></span> <span class='ocrx_word' id='word_1_63' title='bbox 945 942 997 996; x_wconf 91' lang='lat' dir='ltr'><strong>id</strong></span> <span class='ocrx_word' id='word_1_64' title='bbox 1021 950 1107 997; x_wconf 91' lang='lat' dir='ltr'><strong>est</strong></span> <span class='ocrx_word' id='word_1_65' title='bbox 1142 942 1323 1006; x_wconf 91' lang='lat' dir='ltr'><strong>homo,</strong></span> <span class='ocrx_word' id='word_1_66' title='bbox 1356 948 1412 994; x_wconf 89' lang='lat' dir='ltr'><strong>et</strong></span> <span class='ocrx_word' id='word_1_67' title='bbox 1440 939 1557 995; x_wconf 86' lang='lat' dir='ltr'><strong>sine</strong></span> <span class='ocrx_word' id='word_1_68' title='bbox 1579 946 1821 1008; x_wconf 83' lang='lat' dir='ltr'><strong>peccato,</strong></span> 
     </span>
    </p>
   </div>
   <div class='ocr_carea' id='block_1_10' title="bbox 238 1029 1823 1102">
    <p class='ocr_par' dir='ltr' id='par_1_10' title="bbox 238 1029 1823 1102">
     <span class='ocr_line' id='line_1_10' title="bbox 238 1029 1823 1102; baseline -0.001 -18"><span class='ocrx_word' id='word_1_69' title='bbox 238 1031 339 1099; x_wconf 91' lang='lat' dir='ltr'><strong>qui</strong></span> <span class='ocrx_word' id='word_1_70' title='bbox 371 1032 437 1085; x_wconf 90' lang='lat' dir='ltr'><strong>de</strong></span> <span class='ocrx_word' id='word_1_71' title='bbox 469 1030 687 1088; x_wconf 84' lang='lat' dir='ltr'><strong>homine</strong></span> <span class='ocrx_word' id='word_1_72' title='bbox 716 1032 1007 1102; x_wconf 86' lang='lat' dir='ltr'><strong>assumpsit</strong></span> <span class='ocrx_word' id='word_1_73' title='bbox 1051 1041 1298 1087; x_wconf 90' lang='lat' dir='ltr'><strong>naturam</strong></span> <span class='ocrx_word' id='word_1_74' title='bbox 1338 1046 1444 1086; x_wconf 88' lang='lat' dir='ltr'><strong>non</strong></span> <span class='ocrx_word' id='word_1_75' title='bbox 1480 1029 1725 1100; x_wconf 85' lang='lat' dir='ltr'><strong>culpam,</strong></span> <span class='ocrx_word' id='word_1_76' title='bbox 1754 1030 1823 1083; x_wconf 89' lang='lat' dir='ltr'><strong>ad</strong></span> 
     </span>
    </p>
   </div>
   <div class='ocr_carea' id='block_1_11' title="bbox 237 1119 1823 1193">
    <p class='ocr_par' dir='ltr' id='par_1_11' title="bbox 237 1119 1823 1193">
     <span class='ocr_line' id='line_1_11' title="bbox 237 1119 1823 1193; baseline 0.001 -19"><span class='ocrx_word' id='word_1_77' title='bbox 237 1119 683 1174; x_wconf 82' lang='lat' dir='ltr'><strong>emendationem</strong></span> <span class='ocrx_word' id='word_1_78' title='bbox 710 1119 892 1176; x_wconf 81' lang='lat' dir='ltr'><strong>oﬁ‘erri</strong></span> <span class='ocrx_word' id='word_1_79' title='bbox 924 1137 1030 1177; x_wconf 85' lang='lat' dir='ltr'><strong>non</strong></span> <span class='ocrx_word' id='word_1_80' title='bbox 1057 1122 1250 1193; x_wconf 92' lang='lat' dir='ltr'><strong>potuit.</strong></span> <span class='ocrx_word' id='word_1_81' title='bbox 1276 1120 1428 1176; x_wconf 85' lang='lat' dir='ltr'><strong>Fecit</strong></span> <span class='ocrx_word' id='word_1_82' title='bbox 1449 1135 1579 1190; x_wconf 88' lang='lat' dir='ltr'><strong>ergo</strong></span> <span class='ocrx_word' id='word_1_83' title='bbox 1597 1135 1697 1190; x_wconf 91' lang='lat' dir='ltr'><strong>pro</strong></span> <span class='ocrx_word' id='word_1_84' title='bbox 1726 1134 1823 1175; x_wconf 91' lang='lat' dir='ltr'><strong>no-</strong></span> 
     </span>
    </p>
   </div>
   <div class='ocr_carea' id='block_1_12' title="bbox 238 1208 1822 1280">
    <p class='ocr_par' dir='ltr' id='par_1_12' title="bbox 238 1208 1822 1280">
     <span class='ocr_line' id='line_1_12' title="bbox 238 1208 1822 1280; baseline 0.001 -18"><span class='ocrx_word' id='word_1_85' title='bbox 238 1208 330 1263; x_wconf 90' lang='lat' dir='ltr'><strong>bis</strong></span> <span class='ocrx_word' id='word_1_86' title='bbox 360 1208 688 1265; x_wconf 85' lang='lat' dir='ltr'><strong>sacriﬁcium</strong></span> <span class='ocrx_word' id='word_1_87' title='bbox 726 1224 927 1280; x_wconf 90' lang='lat' dir='ltr'><strong>corpus</strong></span> <span class='ocrx_word' id='word_1_88' title='bbox 949 1226 1127 1271; x_wconf 90' lang='lat' dir='ltr'><strong>suum,</strong></span> <span class='ocrx_word' id='word_1_89' title='bbox 1157 1210 1408 1266; x_wconf 82' lang='lat' dir='ltr'><strong>exhibuit</strong></span> <span class='ocrx_word' id='word_1_90' title='bbox 1445 1224 1544 1280; x_wconf 88' lang='lat' dir='ltr'><strong>pro</strong></span> <span class='ocrx_word' id='word_1_91' title='bbox 1573 1216 1822 1280; x_wconf 84' lang='lat' dir='ltr'><strong>peccato-</strong></span> 
     </span>
    </p>
   </div>
   <div class='ocr_carea' id='block_1_13' title="bbox 237 1298 1820 1371">
    <p class='ocr_par' dir='ltr' id='par_1_13' title="bbox 237 1298 1820 1371">
     <span class='ocr_line' id='line_1_13' title="bbox 237 1298 1820 1371; baseline 0.003 -19"><span class='ocrx_word' id='word_1_92' title='bbox 237 1298 396 1353; x_wconf 85' lang='lat' dir='ltr'><strong>ribus</strong></span> <span class='ocrx_word' id='word_1_93' title='bbox 436 1299 705 1354; x_wconf 86' lang='lat' dir='ltr'><strong>victimam</strong></span> <span class='ocrx_word' id='word_1_94' title='bbox 759 1301 877 1357; x_wconf 85' lang='lat' dir='ltr'><strong>sine</strong></span> <span class='ocrx_word' id='word_1_95' title='bbox 928 1311 1171 1370; x_wconf 90' lang='lat' dir='ltr'><strong>peccato,</strong></span> <span class='ocrx_word' id='word_1_96' title='bbox 1220 1315 1341 1371; x_wconf 71' lang='lat' dir='ltr'><strong>quae</strong></span> <span class='ocrx_word' id='word_1_97' title='bbox 1382 1309 1438 1356; x_wconf 91' lang='lat' dir='ltr'><strong>et</strong></span> <span class='ocrx_word' id='word_1_98' title='bbox 1485 1301 1820 1356; x_wconf 86' lang='lat' dir='ltr'><strong>humanitate</strong></span> 
     </span>
    </p>
   </div>
   <div class='ocr_carea' id='block_1_14' title="bbox 236 1382 1828 1461">
    <p class='ocr_par' dir='ltr' id='par_1_14' title="bbox 236 1382 1828 1461">
     <span class='ocr_line' id='line_1_14' title="bbox 236 1382 1828 1461; baseline 0.001 -19"><span class='ocrx_word' id='word_1_99' title='bbox 236 1388 406 1453; x_wconf 86' lang='lat' dir='ltr'><strong>mori,</strong></span> <span class='ocrx_word' id='word_1_100' title='bbox 433 1396 487 1441; x_wconf 90' lang='lat' dir='ltr'><strong>et</strong></span> <span class='ocrx_word' id='word_1_101' title='bbox 517 1386 836 1456; x_wconf 84' lang='lat' dir='ltr'><strong>injustitiam</strong></span> <span class='ocrx_word' id='word_1_102' title='bbox 880 1391 1145 1445; x_wconf 90' lang='lat' dir='ltr'><strong>mundare</strong></span> <span class='ocrx_word' id='word_1_103' title='bbox 1179 1391 1459 1461; x_wconf 87' lang='lat' dir='ltr'><strong>potuisset.</strong></span> <span class='ocrx_word' id='word_1_104' title='bbox 1486 1390 1636 1446; x_wconf 80' lang='lat' dir='ltr'><strong>Finis</strong></span> <span class='ocrx_word' id='word_1_105' title='bbox 1666 1382 1828 1447; x_wconf 53' lang='lat' dir='ltr'><strong>scili-J</strong></span> 
     </span>
    </p>
   </div>
   <div class='ocr_carea' id='block_1_15' title="bbox 230 1479 1817 1551">
    <p class='ocr_par' dir='ltr' id='par_1_15' title="bbox 230 1479 1817 1551">
     <span class='ocr_line' id='line_1_15' title="bbox 230 1479 1817 1551; baseline 0.001 -17"><span class='ocrx_word' id='word_1_106' title='bbox 230 1488 347 1543; x_wconf 81' lang='lat' dir='ltr'><strong>cet,</strong></span> <span class='ocrx_word' id='word_1_107' title='bbox 389 1493 496 1533; x_wconf 91' lang='lat' dir='ltr'><strong>non</strong></span> <span class='ocrx_word' id='word_1_108' title='bbox 544 1479 638 1548; x_wconf 86' lang='lat' dir='ltr'><strong>qui</strong></span> <span class='ocrx_word' id='word_1_109' title='bbox 687 1482 977 1545; x_wconf 87' lang='lat' dir='ltr'><strong>consumit,</strong></span> <span class='ocrx_word' id='word_1_110' title='bbox 1030 1483 1124 1536; x_wconf 89' lang='lat' dir='ltr'><strong>sed</strong></span> <span class='ocrx_word' id='word_1_111' title='bbox 1173 1481 1265 1550; x_wconf 88' lang='lat' dir='ltr'><strong>qui</strong></span> <span class='ocrx_word' id='word_1_112' title='bbox 1308 1479 1537 1551; x_wconf 78' lang='lat' dir='ltr'><strong>perfecit</strong></span> <span class='ocrx_word' id='word_1_113' title='bbox 1587 1496 1729 1542; x_wconf 86' lang='lat' dir='ltr'><strong>eum,</strong></span> <span class='ocrx_word' id='word_1_114' title='bbox 1763 1480 1817 1535; x_wconf 89' lang='lat' dir='ltr'><strong>in</strong></span> 
     </span>
    </p>
   </div>
   <div class='ocr_carea' id='block_1_16' title="bbox 230 1567 1820 1638">
    <p class='ocr_par' dir='ltr' id='par_1_16' title="bbox 230 1567 1820 1638">
     <span class='ocr_line' id='line_1_16' title="bbox 230 1567 1820 1638; baseline 0.002 -15"><span class='ocrx_word' id='word_1_115' title='bbox 230 1582 406 1623; x_wconf 89' lang='lat' dir='ltr'><strong>carne</strong></span> <span class='ocrx_word' id='word_1_116' title='bbox 432 1567 714 1638; x_wconf 79' lang='lat' dir='ltr'><strong>apparuit,</strong></span> <span class='ocrx_word' id='word_1_117' title='bbox 754 1578 810 1624; x_wconf 92' lang='lat' dir='ltr'><strong>et</strong></span> <span class='ocrx_word' id='word_1_118' title='bbox 846 1568 1022 1625; x_wconf 83' lang='lat' dir='ltr'><strong>factus</strong></span> <span class='ocrx_word' id='word_1_119' title='bbox 1051 1570 1305 1626; x_wconf 85' lang='lat' dir='ltr'><strong>sacerdos</strong></span> <span class='ocrx_word' id='word_1_120' title='bbox 1334 1571 1389 1626; x_wconf 93' lang='lat' dir='ltr'><strong>in</strong></span> <span class='ocrx_word' id='word_1_121' title='bbox 1428 1581 1692 1627; x_wconf 80' lang='lat' dir='ltr'><strong>aeternum</strong></span> <span class='ocrx_word' id='word_1_122' title='bbox 1729 1586 1820 1626; x_wconf 88' lang='lat' dir='ltr'><strong>se-</strong></span> 
     </span>
    </p>
   </div>
   <div class='ocr_carea' id='block_1_17' title="bbox 229 1658 1818 1725">
    <p class='ocr_par' dir='ltr' id='par_1_17' title="bbox 229 1658 1818 1725">
     <span class='ocr_line' id='line_1_17' title="bbox 229 1658 1818 1725; baseline 0.001 -13"><span class='ocrx_word' id='word_1_123' title='bbox 229 1658 472 1712; x_wconf 89' lang='lat' dir='ltr'><strong>cundum</strong></span> <span class='ocrx_word' id='word_1_124' title='bbox 504 1658 751 1713; x_wconf 83' lang='lat' dir='ltr'><strong>ordinem</strong></span> <span class='ocrx_word' id='word_1_125' title='bbox 788 1658 1201 1725; x_wconf 83' lang='lat' dir='ltr'><strong>Melchisedech,</strong></span> <span class='ocrx_word' id='word_1_126' title='bbox 1244 1668 1375 1716; x_wconf 91' lang='lat' dir='ltr'><strong>tunc</strong></span> <span class='ocrx_word' id='word_1_127' title='bbox 1420 1676 1617 1716; x_wconf 90' lang='lat' dir='ltr'><strong>novum</strong></span> <span class='ocrx_word' id='word_1_128' title='bbox 1652 1668 1818 1715; x_wconf 86' lang='lat' dir='ltr'><strong>testa-</strong></span> 
     </span>
    </p>
   </div>
   <div class='ocr_carea' id='block_1_18' title="bbox 230 1747 1811 1821">
    <p class='ocr_par' dir='ltr' id='par_1_18' title="bbox 230 1747 1811 1821">
     <span class='ocr_line' id='line_1_18' title="bbox 230 1747 1811 1821; baseline 0.001 -19"><span class='ocrx_word' id='word_1_129' title='bbox 230 1758 511 1814; x_wconf 80' lang='lat' dir='ltr'><strong>mentum,</strong></span> <span class='ocrx_word' id='word_1_130' title='bbox 545 1747 690 1819; x_wconf 89' lang='lat' dir='ltr'><strong>quod</strong></span> <span class='ocrx_word' id='word_1_131' title='bbox 728 1749 884 1805; x_wconf 89' lang='lat' dir='ltr'><strong>nobis</strong></span> <span class='ocrx_word' id='word_1_132' title='bbox 909 1749 976 1804; x_wconf 88' lang='lat' dir='ltr'><strong>de</strong></span> <span class='ocrx_word' id='word_1_133' title='bbox 1010 1764 1147 1821; x_wconf 91' lang='lat' dir='ltr'><strong>pane</strong></span> <span class='ocrx_word' id='word_1_134' title='bbox 1179 1758 1238 1806; x_wconf 88' lang='lat' dir='ltr'><strong>et</strong></span> <span class='ocrx_word' id='word_1_135' title='bbox 1280 1751 1405 1805; x_wconf 91' lang='lat' dir='ltr'><strong>vino</strong></span> <span class='ocrx_word' id='word_1_136' title='bbox 1433 1765 1570 1820; x_wconf 89' lang='lat' dir='ltr'><strong>aqua</strong></span> <span class='ocrx_word' id='word_1_137' title='bbox 1615 1751 1811 1815; x_wconf 87' lang='lat' dir='ltr'><strong>misto,</strong></span> 
     </span>
    </p>
   </div>
   <div class='ocr_carea' id='block_1_19' title="bbox 228 1827 1887 1911">
    <p class='ocr_par' dir='ltr' id='par_1_19' title="bbox 228 1827 1887 1911">
     <span class='ocr_line' id='line_1_19' title="bbox 228 1827 1887 1911; baseline 0.001 -18"><span class='ocrx_word' id='word_1_138' title='bbox 228 1839 355 1909; x_wconf 88' lang='lat' dir='ltr'><strong>ipso</strong></span> <span class='ocrx_word' id='word_1_139' title='bbox 376 1838 719 1896; x_wconf 89' lang='lat' dir='ltr'><strong>sacriﬁcante</strong></span> <span class='ocrx_word' id='word_1_140' title='bbox 745 1847 801 1895; x_wconf 91' lang='lat' dir='ltr'><strong>et</strong></span> <span class='ocrx_word' id='word_1_141' title='bbox 822 1841 1130 1897; x_wconf 91' lang='lat' dir='ltr'><strong>viviﬁcante</strong></span> <span class='ocrx_word' id='word_1_142' title='bbox 1156 1849 1315 1911; x_wconf 89' lang='lat' dir='ltr'><strong>atque</strong></span> <span class='ocrx_word' id='word_1_143' title='bbox 1352 1840 1724 1906; x_wconf 89' lang='lat' dir='ltr'><strong>benedicente,</strong></span> <span class='ocrx_word' id='word_1_144' title='bbox 1758 1841 1810 1895; x_wconf 78' lang='lat' dir='ltr'><strong>ia</strong></span> <span class='ocrx_word' id='word_1_145' title='bbox 1843 1827 1887 1886; x_wconf 79' lang='grc' dir='ltr'><strong><em>Β</em></strong></span> 
     </span>
    </p>
   </div>
   <div class='ocr_carea' id='block_1_20' title="bbox 223 1928 1815 2003">
    <p class='ocr_par' dir='ltr' id='par_1_20' title="bbox 223 1928 1815 2003">
     <span class='ocr_line' id='line_1_20' title="bbox 223 1928 1815 2003; baseline 0.003 -22"><span class='ocrx_word' id='word_1_146' title='bbox 223 1944 365 1983; x_wconf 87' lang='lat' dir='ltr'><strong>vero</strong></span> <span class='ocrx_word' id='word_1_147' title='bbox 389 1942 614 1999; x_wconf 90' lang='lat' dir='ltr'><strong>corpore</strong></span> <span class='ocrx_word' id='word_1_148' title='bbox 639 1936 696 1983; x_wconf 89' lang='lat' dir='ltr'><strong>et</strong></span> <span class='ocrx_word' id='word_1_149' title='bbox 718 1930 978 1999; x_wconf 84' lang='lat' dir='ltr'><strong>sanguine</strong></span> <span class='ocrx_word' id='word_1_150' title='bbox 1002 1945 1101 1986; x_wconf 89' lang='lat' dir='ltr'><strong>suo</strong></span> <span class='ocrx_word' id='word_1_151' title='bbox 1127 1929 1443 2003; x_wconf 84' lang='lat' dir='ltr'><strong>mysterium</strong></span> <span class='ocrx_word' id='word_1_152' title='bbox 1469 1928 1619 1995; x_wconf 84' lang='lat' dir='ltr'><strong>ﬁdei,</strong></span> <span class='ocrx_word' id='word_1_153' title='bbox 1644 1930 1815 1985; x_wconf 80' lang='lat' dir='ltr'><strong>donec</strong></span> 
     </span>
    </p>
   </div>
   <div class='ocr_carea' id='block_1_21' title="bbox 220 2019 1815 2090">
    <p class='ocr_par' dir='ltr' id='par_1_21' title="bbox 220 2019 1815 2090">
     <span class='ocr_line' id='line_1_21' title="bbox 220 2019 1815 2090; baseline -0.001 -15"><span class='ocrx_word' id='word_1_154' title='bbox 220 2019 574 2089; x_wconf 86' lang='lat' dir='ltr'><strong>specietenus</strong></span> <span class='ocrx_word' id='word_1_155' title='bbox 599 2020 781 2075; x_wconf 87' lang='lat' dir='ltr'><strong>veniat</strong></span> <span class='ocrx_word' id='word_1_156' title='bbox 812 2021 1060 2087; x_wconf 86' lang='lat' dir='ltr'><strong>tradidit,</strong></span> <span class='ocrx_word' id='word_1_157' title='bbox 1089 2019 1374 2076; x_wconf 81' lang='lat' dir='ltr'><strong>manifeste</strong></span> <span class='ocrx_word' id='word_1_158' title='bbox 1397 2019 1662 2090; x_wconf 88' lang='lat' dir='ltr'><strong>perﬁciet,</strong></span> <span class='ocrx_word' id='word_1_159' title='bbox 1691 2034 1815 2075; x_wconf 89' lang='lat' dir='ltr'><strong>cum</strong></span> 
     </span>
    </p>
   </div>
   <div class='ocr_carea' id='block_1_22' title="bbox 218 2110 1814 2182">
    <p class='ocr_par' dir='ltr' id='par_1_22' title="bbox 218 2110 1814 2182">
     <span class='ocr_line' id='line_1_22' title="bbox 218 2110 1814 2182; baseline 0.001 -18"><span class='ocrx_word' id='word_1_160' title='bbox 218 2110 807 2181; x_wconf 76' lang='lat' dir='ltr'><strong>aperte-diligentibus</strong></span> <span class='ocrx_word' id='word_1_161' title='bbox 852 2126 942 2177; x_wconf 90' lang='lat' dir='ltr'><strong>se,</strong></span> <span class='ocrx_word' id='word_1_162' title='bbox 992 2111 1083 2182; x_wconf 90' lang='lat' dir='ltr'><strong>qui</strong></span> <span class='ocrx_word' id='word_1_163' title='bbox 1138 2110 1436 2166; x_wconf 89' lang='lat' dir='ltr'><strong>secundum</strong></span> <span class='ocrx_word' id='word_1_164' title='bbox 1480 2110 1814 2181; x_wconf 89' lang='lat' dir='ltr'><strong>propositum</strong></span> 
     </span>
    </p>
   </div>
   <div class='ocr_carea' id='block_1_23' title="bbox 219 2200 1815 2273">
    <p class='ocr_par' dir='ltr' id='par_1_23' title="bbox 219 2200 1815 2273">
     <span class='ocr_line' id='line_1_23' title="bbox 219 2200 1815 2273; baseline 0.003 -19"><span class='ocrx_word' id='word_1_165' title='bbox 219 2200 409 2255; x_wconf 84' lang='lat' dir='ltr'><strong>vocati</strong></span> <span class='ocrx_word' id='word_1_166' title='bbox 438 2210 565 2256; x_wconf 88' lang='lat' dir='ltr'><strong>sunt</strong></span> <span class='ocrx_word' id='word_1_167' title='bbox 608 2202 816 2268; x_wconf 90' lang='lat' dir='ltr'><strong>sancti,</strong></span> <span class='ocrx_word' id='word_1_168' title='bbox 853 2216 951 2273; x_wconf 91' lang='lat' dir='ltr'><strong>per</strong></span> <span class='ocrx_word' id='word_1_169' title='bbox 991 2201 1318 2272; x_wconf 80' lang='lat' dir='ltr'><strong>patefactam</strong></span> <span class='ocrx_word' id='word_1_170' title='bbox 1364 2201 1664 2272; x_wconf 88' lang='lat' dir='ltr'><strong>majestatis</strong></span> <span class='ocrx_word' id='word_1_171' title='bbox 1703 2218 1815 2259; x_wconf 67' lang='lat' dir='ltr'><strong>suae</strong></span> 
     </span>
    </p>
   </div>
   <div class='ocr_carea' id='block_1_24' title="bbox 219 2292 1815 2366">
    <p class='ocr_par' dir='ltr' id='par_1_24' title="bbox 219 2292 1815 2366">
     <span class='ocr_line' id='line_1_24' title="bbox 219 2292 1815 2366; baseline 0.002 -19"><span class='ocrx_word' id='word_1_172' title='bbox 219 2292 467 2360; x_wconf 82' lang='lat' dir='ltr'><strong>speciem</strong></span> <span class='ocrx_word' id='word_1_173' title='bbox 498 2293 765 2356; x_wconf 89' lang='lat' dir='ltr'><strong>ostendet,</strong></span> <span class='ocrx_word' id='word_1_174' title='bbox 800 2293 1074 2364; x_wconf 88' lang='lat' dir='ltr'><strong>quomodo</strong></span> <span class='ocrx_word' id='word_1_175' title='bbox 1110 2294 1207 2364; x_wconf 90' lang='lat' dir='ltr'><strong>ipsi</strong></span> <span class='ocrx_word' id='word_1_176' title='bbox 1238 2294 1474 2366; x_wconf 78' lang='lat' dir='ltr'><strong>gignenti</strong></span> <span class='ocrx_word' id='word_1_177' title='bbox 1506 2311 1611 2350; x_wconf 93' lang='lat' dir='ltr'><strong>non</strong></span> <span class='ocrx_word' id='word_1_178' title='bbox 1640 2295 1815 2364; x_wconf 86' lang='lat' dir='ltr'><strong>impar</strong></span> 
     </span>
    </p>
   </div>
   <div class='ocr_carea' id='block_1_25' title="bbox 217 2382 1812 2456">
    <p class='ocr_par' dir='ltr' id='par_1_25' title="bbox 217 2382 1812 2456">
     <span class='ocr_line' id='line_1_25' title="bbox 217 2382 1812 2456; baseline 0.004 -19"><span class='ocrx_word' id='word_1_179' title='bbox 217 2382 463 2447; x_wconf 87' lang='lat' dir='ltr'><strong>oriatur,</strong></span> <span class='ocrx_word' id='word_1_180' title='bbox 512 2392 571 2439; x_wconf 87' lang='lat' dir='ltr'><strong>et</strong></span> <span class='ocrx_word' id='word_1_181' title='bbox 615 2386 886 2455; x_wconf 87' lang='lat' dir='ltr'><strong>quomodo</strong></span> <span class='ocrx_word' id='word_1_182' title='bbox 935 2386 1219 2455; x_wconf 88' lang='lat' dir='ltr'><strong>utriusque</strong></span> <span class='ocrx_word' id='word_1_183' title='bbox 1280 2384 1556 2456; x_wconf 89' lang='lat' dir='ltr'><strong>Spiritus,</strong></span> <span class='ocrx_word' id='word_1_184' title='bbox 1597 2387 1812 2456; x_wconf 88' lang='lat' dir='ltr'><strong>utrique</strong></span> 
     </span>
    </p>
   </div>
   <div class='ocr_carea' id='block_1_26' title="bbox 218 2476 1813 2548">
    <p class='ocr_par' dir='ltr' id='par_1_26' title="bbox 218 2476 1813 2548">
     <span class='ocr_line' id='line_1_26' title="bbox 218 2476 1813 2548; baseline 0.002 -19"><span class='ocrx_word' id='word_1_185' title='bbox 218 2484 530 2531; x_wconf 64' lang='lat' dir='ltr'><strong>comet-nus</strong></span> <span class='ocrx_word' id='word_1_186' title='bbox 579 2490 645 2531; x_wconf 90' lang='lat' dir='ltr'><strong>ac</strong></span> <span class='ocrx_word' id='word_1_187' title='bbox 689 2476 1211 2541; x_wconf 78' lang='lat' dir='ltr'><strong>consubstantialis,</strong></span> <span class='ocrx_word' id='word_1_188' title='bbox 1259 2477 1419 2532; x_wconf 85' lang='lat' dir='ltr'><strong>simul</strong></span> <span class='ocrx_word' id='word_1_189' title='bbox 1467 2479 1535 2531; x_wconf 91' lang='lat' dir='ltr'><strong>ab</strong></span> <span class='ocrx_word' id='word_1_190' title='bbox 1582 2486 1813 2548; x_wconf 89' lang='lat' dir='ltr'><strong>utroque</strong></span> 
     </span>
    </p>
   </div>
   <div class='ocr_carea' id='block_1_27' title="bbox 218 2565 1811 2636">
    <p class='ocr_par' dir='ltr' id='par_1_27' title="bbox 218 2565 1811 2636">
     <span class='ocr_line' id='line_1_27' title="bbox 218 2565 1811 2636; baseline 0.001 -17"><span class='ocrx_word' id='word_1_191' title='bbox 218 2565 487 2636; x_wconf 68' lang='lat' dir='ltr'><strong>procedat</strong></span> <span class='ocrx_word' id='word_1_192' title='bbox 517 2583 529 2620; x_wconf 93' lang='lat'>:</span> <span class='ocrx_word' id='word_1_193' title='bbox 565 2567 836 2635; x_wconf 89' lang='lat' dir='ltr'><strong>quomodo</strong></span> <span class='ocrx_word' id='word_1_194' title='bbox 884 2567 931 2621; x_wconf 88' lang='lat' dir='ltr'><strong>is</strong></span> <span class='ocrx_word' id='word_1_195' title='bbox 975 2566 1066 2636; x_wconf 90' lang='lat' dir='ltr'><strong>qui</strong></span> <span class='ocrx_word' id='word_1_196' title='bbox 1111 2567 1335 2623; x_wconf 89' lang='lat' dir='ltr'><strong>oriendo</strong></span> <span class='ocrx_word' id='word_1_197' title='bbox 1371 2581 1404 2621; x_wconf 88' lang='lat' dir='ltr'><strong>a</strong></span> <span class='ocrx_word' id='word_1_198' title='bbox 1438 2567 1596 2623; x_wconf 87' lang='lat' dir='ltr'><strong>Patre</strong></span> <span class='ocrx_word' id='word_1_199' title='bbox 1630 2576 1731 2630; x_wconf 88' lang='lat' dir='ltr'><strong>est,</strong></span> <span class='ocrx_word' id='word_1_200' title='bbox 1760 2565 1811 2621; x_wconf 89' lang='lat' dir='ltr'><strong>ei</strong></span> 
     </span>
    </p>
   </div>
   <div class='ocr_carea' id='block_1_28' title="bbox 220 2656 1807 2728">
    <p class='ocr_par' dir='ltr' id='par_1_28' title="bbox 220 2656 1807 2728">
     <span class='ocr_line' id='line_1_28' title="bbox 220 2656 1807 2728; baseline 0 -15"><span class='ocrx_word' id='word_1_201' title='bbox 220 2657 296 2713; x_wconf 83' lang='lat' dir='ltr'><strong>de</strong></span> <span class='ocrx_word' id='word_1_202' title='bbox 318 2671 426 2725; x_wconf 92' lang='lat' dir='ltr'><strong>quo</strong></span> <span class='ocrx_word' id='word_1_203' title='bbox 450 2656 627 2710; x_wconf 92' lang='lat' dir='ltr'><strong>oritur</strong></span> <span class='ocrx_word' id='word_1_204' title='bbox 654 2657 990 2726; x_wconf 87' lang='lat' dir='ltr'><strong>subsequens</strong></span> <span class='ocrx_word' id='word_1_205' title='bbox 1031 2671 1138 2712; x_wconf 88' lang='lat' dir='ltr'><strong>non</strong></span> <span class='ocrx_word' id='word_1_206' title='bbox 1166 2665 1251 2711; x_wconf 90' lang='lat' dir='ltr'><strong>est</strong></span> <span class='ocrx_word' id='word_1_207' title='bbox 1279 2674 1293 2710; x_wconf 89' lang='lat'><strong>:</strong></span> <span class='ocrx_word' id='word_1_208' title='bbox 1319 2657 1590 2728; x_wconf 89' lang='lat' dir='ltr'><strong>quomodo</strong></span> <span class='ocrx_word' id='word_1_209' title='bbox 1630 2657 1681 2713; x_wconf 90' lang='lat' dir='ltr'><strong>is</strong></span> <span class='ocrx_word' id='word_1_210' title='bbox 1712 2658 1807 2728; x_wconf 90' lang='lat' dir='ltr'><strong>qui</strong></span> 
     </span>
    </p>
   </div>
   <div class='ocr_carea' id='block_1_29' title="bbox 229 2747 1805 2820">
    <p class='ocr_par' dir='ltr' id='par_1_29' title="bbox 229 2747 1805 2820">
     <span class='ocr_line' id='line_1_29' title="bbox 229 2747 1805 2820; baseline 0.001 -17"><span class='ocrx_word' id='word_1_211' title='bbox 229 2748 583 2820; x_wconf 86' lang='lat' dir='ltr'><strong>proccssione</strong></span> <span class='ocrx_word' id='word_1_212' title='bbox 602 2748 936 2819; x_wconf 87' lang='lat' dir='ltr'><strong>producitur,</strong></span> <span class='ocrx_word' id='word_1_213' title='bbox 962 2764 991 2803; x_wconf 92' lang='lat' dir='ltr'><strong>a</strong></span> <span class='ocrx_word' id='word_1_214' title='bbox 1014 2747 1417 2819; x_wconf 80' lang='lat' dir='ltr'><strong>proferentibus</strong></span> <span class='ocrx_word' id='word_1_215' title='bbox 1438 2764 1542 2804; x_wconf 90' lang='lat' dir='ltr'><strong>non</strong></span> <span class='ocrx_word' id='word_1_216' title='bbox 1564 2749 1805 2820; x_wconf 70' lang='lat' dir='ltr'><strong>prmitur.</strong></span> 
     </span>
    </p>
   </div>
   <div class='ocr_carea' id='block_1_30' title="bbox 220 2838 1809 2907">
    <p class='ocr_par' dir='ltr' id='par_1_30' title="bbox 220 2838 1809 2907">
     <span class='ocr_line' id='line_1_30' title="bbox 220 2838 1809 2907; baseline 0.002 -15"><span class='ocrx_word' id='word_1_217' title='bbox 220 2838 511 2907; x_wconf 82' lang='lat' dir='ltr'><strong>Quomodo</strong></span> <span class='ocrx_word' id='word_1_218' title='bbox 542 2848 596 2894; x_wconf 89' lang='lat' dir='ltr'><strong>et</strong></span> <span class='ocrx_word' id='word_1_219' title='bbox 625 2855 791 2894; x_wconf 90' lang='lat' dir='ltr'><strong>unum</strong></span> <span class='ocrx_word' id='word_1_220' title='bbox 819 2840 1158 2895; x_wconf 89' lang='lat' dir='ltr'><strong>divisibiliter</strong></span> <span class='ocrx_word' id='word_1_221' title='bbox 1191 2839 1293 2894; x_wconf 85' lang='lat' dir='ltr'><strong>tria</strong></span> <span class='ocrx_word' id='word_1_222' title='bbox 1320 2839 1460 2904; x_wconf 90' lang='lat' dir='ltr'><strong>sint,</strong></span> <span class='ocrx_word' id='word_1_223' title='bbox 1485 2847 1540 2893; x_wconf 91' lang='lat' dir='ltr'><strong>et</strong></span> <span class='ocrx_word' id='word_1_224' title='bbox 1568 2838 1809 2895; x_wconf 76' lang='lat' dir='ltr'><strong>indivisi-</strong></span> 
     </span>
    </p>
   </div>
   <div class='ocr_carea' id='block_1_31' title="bbox 218 2929 1808 2987">
    <p class='ocr_par' dir='ltr' id='par_1_31' title="bbox 218 2929 1808 2987">
     <span class='ocr_line' id='line_1_31' title="bbox 218 2929 1808 2987; baseline 0.001 -2"><span class='ocrx_word' id='word_1_225' title='bbox 218 2929 406 2985; x_wconf 88' lang='lat' dir='ltr'><strong>biliter</strong></span> <span class='ocrx_word' id='word_1_226' title='bbox 448 2930 550 2985; x_wconf 88' lang='lat' dir='ltr'><strong>tria</strong></span> <span class='ocrx_word' id='word_1_227' title='bbox 600 2946 811 2985; x_wconf 92' lang='lat' dir='ltr'><strong>unum:</strong></span> <span class='ocrx_word' id='word_1_228' title='bbox 848 2931 941 2986; x_wconf 91' lang='lat' dir='ltr'><strong>sed</strong></span> <span class='ocrx_word' id='word_1_229' title='bbox 991 2931 1381 2986; x_wconf 87' lang='lat' dir='ltr'><strong>humanitatem</strong></span> <span class='ocrx_word' id='word_1_230' title='bbox 1430 2945 1574 2985; x_wconf 80' lang='lat' dir='ltr'><strong>verae</strong></span> <span class='ocrx_word' id='word_1_231' title='bbox 1626 2932 1808 2987; x_wconf 89' lang='lat' dir='ltr'><strong>carnis</strong></span> 
     </span>
    </p>
   </div>
   <div class='ocr_carea' id='block_1_32' title="bbox 216 3020 1807 3093">
    <p class='ocr_par' dir='ltr' id='par_1_32' title="bbox 216 3020 1807 3093">
     <span class='ocr_line' id='line_1_32' title="bbox 216 3020 1807 3093; baseline -0.001 -15"><span class='ocrx_word' id='word_1_232' title='bbox 216 3022 477 3078; x_wconf 73' lang='lat' dir='ltr'><strong>animata:</strong></span> <span class='ocrx_word' id='word_1_233' title='bbox 503 3021 751 3077; x_wconf 88' lang='lat' dir='ltr'><strong>rationali</strong></span> <span class='ocrx_word' id='word_1_234' title='bbox 785 3023 990 3087; x_wconf 89' lang='lat' dir='ltr'><strong>anima,</strong></span> <span class='ocrx_word' id='word_1_235' title='bbox 1021 3038 1125 3077; x_wconf 92' lang='lat' dir='ltr'><strong>una</strong></span> <span class='ocrx_word' id='word_1_236' title='bbox 1153 3037 1338 3077; x_wconf 88' lang='lat' dir='ltr'><strong>secum</strong></span> <span class='ocrx_word' id='word_1_237' title='bbox 1361 3021 1426 3077; x_wconf 89' lang='lat' dir='ltr'><strong>de</strong></span> <span class='ocrx_word' id='word_1_238' title='bbox 1450 3020 1654 3093; x_wconf 90' lang='lat' dir='ltr'><strong>Spiritu</strong></span> <span class='ocrx_word' id='word_1_239' title='bbox 1679 3037 1807 3077; x_wconf 83' lang='lat' dir='ltr'><strong>san-</strong></span> 
     </span>
    </p>
   </div>
   <div class='ocr_carea' id='block_1_33' title="bbox 214 3110 1804 3189">
    <p class='ocr_par' dir='ltr' id='par_1_33' title="bbox 214 3110 1804 3189">
     <span class='ocr_line' id='line_1_33' title="bbox 214 3110 1804 3189; baseline 0.002 -25"><span class='ocrx_word' id='word_1_240' title='bbox 214 3121 310 3166; x_wconf 88' lang='lat' dir='ltr'><strong>eto</strong></span> <span class='ocrx_word' id='word_1_241' title='bbox 339 3118 396 3165; x_wconf 87' lang='lat' dir='ltr'><strong>et</strong></span> <span class='ocrx_word' id='word_1_242' title='bbox 423 3111 581 3189; x_wconf 71' lang='lat' dir='ltr'><strong>beata</strong></span> <span class='ocrx_word' id='word_1_243' title='bbox 628 3110 795 3167; x_wconf 82' lang='lat' dir='ltr'><strong>Maria</strong></span> <span class='ocrx_word' id='word_1_244' title='bbox 845 3127 1065 3183; x_wconf 90' lang='lat' dir='ltr'><strong>semper</strong></span> <span class='ocrx_word' id='word_1_245' title='bbox 1111 3110 1353 3182; x_wconf 78' lang='lat' dir='ltr'><strong>Virgine,</strong></span> <span class='ocrx_word' id='word_1_246' title='bbox 1407 3111 1461 3167; x_wconf 92' lang='lat' dir='ltr'><strong>in</strong></span> <span class='ocrx_word' id='word_1_247' title='bbox 1504 3110 1804 3167; x_wconf 80' lang='lat' dir='ltr'><strong>visceribus</strong></span> 
     </span>
    </p>
   </div>
   <div class='ocr_carea' id='block_1_34' title="bbox 212 3196 1798 3273">
    <p class='ocr_par' dir='ltr' id='par_1_34' title="bbox 212 3196 1798 3273">
     <span class='ocr_line' id='line_1_34' title="bbox 212 3196 1798 3273; baseline 0.002 -18"><span class='ocrx_word' id='word_1_248' title='bbox 212 3200 339 3268; x_wconf 82' lang='lat' dir='ltr'><strong>ejus</strong></span> <span class='ocrx_word' id='word_1_249' title='bbox 364 3201 430 3255; x_wconf 90' lang='lat' dir='ltr'><strong>de</strong></span> <span class='ocrx_word' id='word_1_250' title='bbox 454 3215 618 3255; x_wconf 91' lang='lat' dir='ltr'><strong>carne</strong></span> <span class='ocrx_word' id='word_1_251' title='bbox 646 3201 815 3273; x_wconf 91' lang='lat' dir='ltr'><strong>ipsius</strong></span> <span class='ocrx_word' id='word_1_252' title='bbox 840 3196 1152 3272; x_wconf 80' lang='lat' dir='ltr'><strong>conceptam</strong></span> <span class='ocrx_word' id='word_1_253' title='bbox 1175 3242 1190 3267; x_wconf 93' lang='lat'><strong>,</strong></span> <span class='ocrx_word' id='word_1_254' title='bbox 1218 3211 1273 3257; x_wconf 91' lang='lat' dir='ltr'><strong>et</strong></span> <span class='ocrx_word' id='word_1_255' title='bbox 1302 3216 1426 3256; x_wconf 78' lang='lat' dir='ltr'><strong>mox</strong></span> <span class='ocrx_word' id='word_1_256' title='bbox 1469 3211 1714 3257; x_wconf 87' lang='lat' dir='ltr'><strong>sanetam</strong></span> <span class='ocrx_word' id='word_1_257' title='bbox 1743 3202 1798 3258; x_wconf 91' lang='lat' dir='ltr'><strong>in</strong></span> 
     </span>
    </p>
   </div>
   <div class='ocr_carea' id='block_1_35' title="bbox 213 3291 1798 3363">
    <p class='ocr_par' dir='ltr' id='par_1_35' title="bbox 213 3291 1798 3363">
     <span class='ocr_line' id='line_1_35' title="bbox 213 3291 1798 3363; baseline 0.004 -17"><span class='ocrx_word' id='word_1_258' title='bbox 213 3291 494 3346; x_wconf 89' lang='lat' dir='ltr'><strong>civitatem</strong></span> <span class='ocrx_word' id='word_1_259' title='bbox 525 3301 857 3363; x_wconf 88' lang='lat' dir='ltr'><strong>assumptam</strong></span> <span class='ocrx_word' id='word_1_260' title='bbox 881 3334 897 3359; x_wconf 94' lang='lat'><strong>,</strong></span> <span class='ocrx_word' id='word_1_261' title='bbox 943 3309 1053 3349; x_wconf 74' lang='lat' dir='ltr'><strong>sua:</strong></span> <span class='ocrx_word' id='word_1_262' title='bbox 1096 3308 1376 3363; x_wconf 65' lang='lat' dir='ltr'><strong>personae,</strong></span> <span class='ocrx_word' id='word_1_263' title='bbox 1408 3294 1500 3363; x_wconf 92' lang='lat' dir='ltr'><strong>qui</strong></span> <span class='ocrx_word' id='word_1_264' title='bbox 1530 3295 1647 3350; x_wconf 90' lang='lat' dir='ltr'><strong>sine</strong></span> <span class='ocrx_word' id='word_1_265' title='bbox 1690 3294 1798 3352; x_wconf 85' lang='lat' dir='ltr'><strong>ullo</strong></span> 
     </span>
    </p>
   </div>
   <div class='ocr_carea' id='block_1_36' title="bbox 208 3382 1797 3457">
    <p class='ocr_par' dir='ltr' id='par_1_36' title="bbox 208 3382 1797 3457">
     <span class='ocr_line' id='line_1_36' title="bbox 208 3382 1797 3457; baseline 0.002 -19"><span class='ocrx_word' id='word_1_266' title='bbox 208 3382 372 3438; x_wconf 86' lang='lat' dir='ltr'><strong>initio</strong></span> <span class='ocrx_word' id='word_1_267' title='bbox 396 3382 666 3454; x_wconf 80' lang='lat' dir='ltr'><strong>perfectus</strong></span> <span class='ocrx_word' id='word_1_268' title='bbox 698 3384 860 3451; x_wconf 88' lang='lat' dir='ltr'><strong>Deus,</strong></span> <span class='ocrx_word' id='word_1_269' title='bbox 891 3385 1211 3456; x_wconf 83' lang='lat' dir='ltr'><strong>Unigenitus</strong></span> <span class='ocrx_word' id='word_1_270' title='bbox 1237 3385 1460 3456; x_wconf 82' lang='lat' dir='ltr'><strong>aequalis</strong></span> <span class='ocrx_word' id='word_1_271' title='bbox 1484 3385 1654 3452; x_wconf 86' lang='lat' dir='ltr'><strong>Patri,</strong></span> <span class='ocrx_word' id='word_1_272' title='bbox 1674 3402 1797 3457; x_wconf 90' lang='lat' dir='ltr'><strong>per-</strong></span> 
     </span>
    </p>
   </div>
   <div class='ocr_carea' id='block_1_37' title="bbox 209 3458 1796 3539">
    <p class='ocr_par' dir='ltr' id='par_1_37' title="bbox 209 3458 1796 3539">
     <span class='ocr_line' id='line_1_37' title="bbox 209 3458 1796 3539; baseline 0.001 -11"><span class='ocrx_word' id='word_1_273' title='bbox 209 3470 392 3528; x_wconf 71' lang='lat' dir='ltr'><strong>fectus</strong></span> <span class='ocrx_word' id='word_1_274' title='bbox 428 3473 589 3528; x_wconf 91' lang='lat' dir='ltr'><strong>homo</strong></span> <span class='ocrx_word' id='word_1_275' title='bbox 632 3472 687 3528; x_wconf 91' lang='lat' dir='ltr'><strong>in</strong></span> <span class='ocrx_word' id='word_1_276' title='bbox 744 3458 849 3528; x_wconf 77' lang='lat' dir='ltr'><strong>ﬁne</strong></span> <span class='ocrx_word' id='word_1_277' title='bbox 903 3474 1221 3530; x_wconf 68' lang='lat' dir='ltr'><strong>seculorum</strong></span> <span class='ocrx_word' id='word_1_278' title='bbox 1268 3482 1431 3530; x_wconf 88' lang='lat' dir='ltr'><strong>natus</strong></span> <span class='ocrx_word' id='word_1_279' title='bbox 1477 3484 1599 3539; x_wconf 92' lang='lat' dir='ltr'><strong>est,</strong></span> <span class='ocrx_word' id='word_1_280' title='bbox 1656 3489 1796 3531; x_wconf 91' lang='lat' dir='ltr'><strong>unus</strong></span> 
     </span>
    </p>
   </div>
   <div class='ocr_carea' id='block_1_38' title="bbox 207 3562 1793 3636">
    <p class='ocr_par' dir='ltr' id='par_1_38' title="bbox 207 3562 1793 3636">
     <span class='ocr_line' id='line_1_38' title="bbox 207 3562 1793 3636; baseline 0.002 -18"><span class='ocrx_word' id='word_1_281' title='bbox 207 3562 489 3629; x_wconf 86' lang='lat' dir='ltr'><strong>Christus,</strong></span> <span class='ocrx_word' id='word_1_282' title='bbox 535 3578 698 3619; x_wconf 89' lang='lat' dir='ltr'><strong>verus</strong></span> <span class='ocrx_word' id='word_1_283' title='bbox 746 3562 913 3620; x_wconf 80' lang='lat' dir='ltr'><strong>Filius</strong></span> <span class='ocrx_word' id='word_1_284' title='bbox 969 3565 1094 3630; x_wconf 85' lang='lat' dir='ltr'><strong>Dei,</strong></span> <span class='ocrx_word' id='word_1_285' title='bbox 1142 3579 1240 3634; x_wconf 92' lang='lat' dir='ltr'><strong>per</strong></span> <span class='ocrx_word' id='word_1_286' title='bbox 1286 3574 1504 3620; x_wconf 77' lang='lat' dir='ltr'><strong>uterum</strong></span> <span class='ocrx_word' id='word_1_287' title='bbox 1550 3565 1793 3636; x_wconf 88' lang='lat' dir='ltr'><strong>ejusdem</strong></span> 
     </span>
    </p>
   </div>
   <div class='ocr_carea' id='block_1_39' title="bbox 208 3650 1796 3727">
    <p class='ocr_par' dir='ltr' id='par_1_39' title="bbox 208 3650 1796 3727">
     <span class='ocr_line' id='line_1_39' title="bbox 208 3650 1796 3727; baseline 0.003 -21"><span class='ocrx_word' id='word_1_288' title='bbox 208 3650 474 3723; x_wconf 75' lang='lat' dir='ltr'><strong>Virginis,</strong></span> <span class='ocrx_word' id='word_1_289' title='bbox 516 3668 636 3723; x_wconf 63' lang='lat' dir='ltr'><strong>quae</strong></span> <span class='ocrx_word' id='word_1_290' title='bbox 662 3654 855 3710; x_wconf 81' lang='lat' dir='ltr'><strong>ancilia</strong></span> <span class='ocrx_word' id='word_1_291' title='bbox 893 3664 974 3711; x_wconf 88' lang='lat' dir='ltr'><strong>est</strong></span> <span class='ocrx_word' id='word_1_292' title='bbox 1005 3656 1172 3727; x_wconf 88' lang='lat' dir='ltr'><strong>ipsius</strong></span> <span class='ocrx_word' id='word_1_293' title='bbox 1212 3655 1449 3711; x_wconf 86' lang='lat' dir='ltr'><strong>hominis</strong></span> <span class='ocrx_word' id='word_1_294' title='bbox 1483 3671 1579 3727; x_wconf 88' lang='lat' dir='ltr'><strong>per</strong></span> <span class='ocrx_word' id='word_1_295' title='bbox 1604 3656 1796 3711; x_wconf 81' lang='lat' dir='ltr'><strong>divini-</strong></span> 
     </span>
    </p>
   </div>
   <div class='ocr_carea' id='block_1_40' title="bbox 207 3743 1789 3815">
    <p class='ocr_par' dir='ltr' id='par_1_40' title="bbox 207 3743 1789 3815">
     <span class='ocr_line' id='line_1_40' title="bbox 207 3743 1789 3815; baseline 0.001 -17"><span class='ocrx_word' id='word_1_296' title='bbox 207 3752 406 3809; x_wconf 85' lang='lat' dir='ltr'><strong>tatem,</strong></span> <span class='ocrx_word' id='word_1_297' title='bbox 429 3750 484 3798; x_wconf 89' lang='lat' dir='ltr'><strong>et</strong></span> <span class='ocrx_word' id='word_1_298' title='bbox 505 3754 677 3799; x_wconf 89' lang='lat' dir='ltr'><strong>mater</strong></span> <span class='ocrx_word' id='word_1_299' title='bbox 701 3743 866 3800; x_wconf 87' lang='lat' dir='ltr'><strong>Verbi</strong></span> <span class='ocrx_word' id='word_1_300' title='bbox 889 3760 985 3815; x_wconf 90' lang='lat' dir='ltr'><strong>per</strong></span> <span class='ocrx_word' id='word_1_301' title='bbox 1007 3760 1225 3800; x_wconf 89' lang='lat' dir='ltr'><strong>carnem</strong></span> <span class='ocrx_word' id='word_1_302' title='bbox 1252 3743 1468 3815; x_wconf 79' lang='lat' dir='ltr'><strong>(Morel.</strong></span> <span class='ocrx_word' id='word_1_303' title='bbox 1500 3747 1593 3800; x_wconf 89' lang='lat' dir='ltr'><strong>lib.</strong></span> <span class='ocrx_word' id='word_1_304' title='bbox 1636 3761 1789 3812; x_wconf 83' lang='lat' dir='ltr'><strong>xvm,</strong></span> 
     </span>
    </p>
   </div>
   <div class='ocr_carea' id='block_1_41' title="bbox 206 3835 1794 3907">
    <p class='ocr_par' dir='ltr' id='par_1_41' title="bbox 206 3835 1794 3907">
     <span class='ocr_line' id='line_1_41' title="bbox 206 3835 1794 3907; baseline 0 -16"><span class='ocrx_word' id='word_1_305' title='bbox 206 3851 260 3891; x_wconf 79' lang='grc' dir='ltr'>ε.</span> <span class='ocrx_word' id='word_1_306' title='bbox 295 3835 388 3904; x_wconf 76' lang='grc'><strong>27)</strong></span> <span class='ocrx_word' id='word_1_307' title='bbox 425 3850 441 3889; x_wconf 91' lang='lat'><strong>:</strong></span> <span class='ocrx_word' id='word_1_308' title='bbox 491 3853 511 3887; x_wconf 79' lang='grc' dir='ltr'><strong>ι</strong></span> <span class='ocrx_word' id='word_1_309' title='bbox 549 3835 648 3890; x_wconf 87' lang='lat' dir='ltr'><strong>Cui</strong></span> <span class='ocrx_word' id='word_1_310' title='bbox 684 3845 743 3892; x_wconf 88' lang='lat' dir='ltr'><strong>ut</strong></span> <span class='ocrx_word' id='word_1_311' title='bbox 786 3837 1047 3907; x_wconf 88' lang='lat' dir='ltr'><strong>scriptum</strong></span> <span class='ocrx_word' id='word_1_312' title='bbox 1090 3844 1173 3892; x_wconf 88' lang='lat' dir='ltr'><strong>est</strong></span> <span class='ocrx_word' id='word_1_313' title='bbox 1205 3854 1218 3890; x_wconf 90' lang='lat'><strong>:</strong></span> <span class='ocrx_word' id='word_1_314' title='bbox 1256 3835 1379 3890; x_wconf 85' lang='lat' dir='ltr'><strong>Non</strong></span> <span class='ocrx_word' id='word_1_315' title='bbox 1426 3837 1794 3902; x_wconf 70' lang='lat' dir='ltr'><strong>adwquabitur</strong></span> 
     </span>
    </p>
   </div>
   <div class='ocr_carea' id='block_1_42' title="bbox 205 3924 1789 3997">
    <p class='ocr_par' dir='ltr' id='par_1_42' title="bbox 205 3924 1789 3997">
     <span class='ocr_line' id='line_1_42' title="bbox 205 3924 1789 3997; baseline -0.001 -17"><span class='ocrx_word' id='word_1_316' title='bbox 205 3925 478 3993; x_wconf 75' lang='lat' dir='ltr'><strong>topazium</strong></span> <span class='ocrx_word' id='word_1_317' title='bbox 525 3924 589 3979; x_wconf 87' lang='lat' dir='ltr'><strong>de</strong></span> <span class='ocrx_word' id='word_1_318' title='bbox 630 3925 907 3995; x_wconf 75' lang='grc' dir='ltr'><strong>ΑΞιΙιὶορία</strong></span> <span class='ocrx_word' id='word_1_319' title='bbox 946 3924 1066 3997; x_wconf 87' lang='lat' dir='ltr'><strong>(Job</strong></span> <span class='ocrx_word' id='word_1_320' title='bbox 1122 3940 1321 3989; x_wconf 76' lang='lat' dir='ltr'><strong>xxvut,</strong></span> <span class='ocrx_word' id='word_1_321' title='bbox 1376 3924 1487 3995; x_wconf 86' lang='lat' dir='ltr'><strong>l9).</strong></span> <span class='ocrx_word' id='word_1_322' title='bbox 1523 3925 1789 3993; x_wconf 87' lang='lat' dir='ltr'><strong>Quoniam</strong></span> 
     </span>
    </p>
   </div>
   <div class='ocr_carea' id='block_1_43' title="bbox 204 4015 1786 4086">
    <p class='ocr_par' dir='ltr' id='par_1_43' title="bbox 204 4015 1786 4086">
     <span class='ocr_line' id='line_1_43' title="bbox 204 4015 1786 4086; baseline -0.001 -13"><span class='ocrx_word' id='word_1_323' title='bbox 204 4017 356 4073; x_wconf 82' lang='lat' dir='ltr'><strong>aliud</strong></span> <span class='ocrx_word' id='word_1_324' title='bbox 377 4023 460 4070; x_wconf 91' lang='lat' dir='ltr'><strong>est</strong></span> <span class='ocrx_word' id='word_1_325' title='bbox 477 4027 635 4072; x_wconf 89' lang='lat' dir='ltr'><strong>natos</strong></span> <span class='ocrx_word' id='word_1_326' title='bbox 658 4018 905 4072; x_wconf 89' lang='lat' dir='ltr'><strong>homines</strong></span> <span class='ocrx_word' id='word_1_327' title='bbox 931 4016 1158 4086; x_wconf 81' lang='lat' dir='ltr'><strong>gratiam</strong></span> <span class='ocrx_word' id='word_1_328' title='bbox 1191 4015 1495 4085; x_wconf 88' lang='lat' dir='ltr'><strong>adoptionis</strong></span> <span class='ocrx_word' id='word_1_329' title='bbox 1519 4016 1786 4085; x_wconf 80' lang='lat' dir='ltr'><strong>accipere,</strong></span> 
     </span>
    </p>
   </div>
   <div class='ocr_carea' id='block_1_44' title="bbox 203 4102 1789 4180">
    <p class='ocr_par' dir='ltr' id='par_1_44' title="bbox 203 4102 1789 4180">
     <span class='ocr_line' id='line_1_44' title="bbox 203 4102 1789 4180; baseline -0.001 -16"><span class='ocrx_word' id='word_1_330' title='bbox 203 4108 358 4164; x_wconf 84' lang='lat' dir='ltr'><strong>aliud</strong></span> <span class='ocrx_word' id='word_1_331' title='bbox 406 4124 572 4163; x_wconf 90' lang='lat' dir='ltr'><strong>unum</strong></span> <span class='ocrx_word' id='word_1_332' title='bbox 620 4108 964 4180; x_wconf 77' lang='lat' dir='ltr'><strong>singulariter</strong></span> <span class='ocrx_word' id='word_1_333' title='bbox 1010 4123 1108 4178; x_wconf 90' lang='lat' dir='ltr'><strong>per</strong></span> <span class='ocrx_word' id='word_1_334' title='bbox 1153 4102 1449 4163; x_wconf 73' lang='lat' dir='ltr'><strong>divinitatis</strong></span> <span class='ocrx_word' id='word_1_335' title='bbox 1492 4106 1789 4178; x_wconf 84' lang='lat' dir='ltr'><strong>potentiam</strong></span> 
     </span>
    </p>
   </div>
   <div class='ocr_carea' id='block_1_45' title="bbox 202 4197 1788 4270">
    <p class='ocr_par' dir='ltr' id='par_1_45' title="bbox 202 4197 1788 4270">
     <span class='ocr_line' id='line_1_45' title="bbox 202 4197 1788 4270; baseline 0 -18"><span class='ocrx_word' id='word_1_336' title='bbox 202 4197 382 4253; x_wconf 89' lang='lat' dir='ltr'><strong>Deum</strong></span> <span class='ocrx_word' id='word_1_337' title='bbox 414 4212 480 4253; x_wconf 79' lang='lat' dir='ltr'><strong>ex</strong></span> <span class='ocrx_word' id='word_1_338' title='bbox 526 4198 642 4268; x_wconf 89' lang='lat' dir='ltr'><strong>ipso</strong></span> <span class='ocrx_word' id='word_1_339' title='bbox 680 4206 940 4270; x_wconf 82' lang='lat' dir='ltr'><strong>cenceptu</strong></span> <span class='ocrx_word' id='word_1_340' title='bbox 978 4199 1244 4270; x_wconf 91' lang='lat' dir='ltr'><strong>prodiisse</strong></span> <span class='ocrx_word' id='word_1_341' title='bbox 1279 4217 1293 4253; x_wconf 91' lang='lat'><strong>:</strong></span> <span class='ocrx_word' id='word_1_342' title='bbox 1326 4215 1427 4255; x_wconf 91' lang='lat' dir='ltr'><strong>nec</strong></span> <span class='ocrx_word' id='word_1_343' title='bbox 1465 4199 1667 4268; x_wconf 80' lang='lat' dir='ltr'><strong>aequari</strong></span> <span class='ocrx_word' id='word_1_344' title='bbox 1694 4213 1788 4268; x_wconf 88' lang='lat' dir='ltr'><strong>po-</strong></span> 
     </span>
    </p>
   </div>
   <div class='ocr_carea' id='block_1_46' title="bbox 201 4285 1787 4359">
    <p class='ocr_par' dir='ltr' id='par_1_46' title="bbox 201 4285 1787 4359">
     <span class='ocr_line' id='line_1_46' title="bbox 201 4285 1787 4359; baseline 0.002 -18"><span class='ocrx_word' id='word_1_345' title='bbox 201 4294 318 4341; x_wconf 87' lang='lat' dir='ltr'><strong>test</strong></span> <span class='ocrx_word' id='word_1_346' title='bbox 355 4285 539 4356; x_wconf 69' lang='lat' dir='ltr'><strong>glorire</strong></span> <span class='ocrx_word' id='word_1_347' title='bbox 571 4286 840 4359; x_wconf 90' lang='lat' dir='ltr'><strong>Unigeuiti</strong></span> <span class='ocrx_word' id='word_1_348' title='bbox 889 4288 1087 4343; x_wconf 72' lang='lat' dir='ltr'><strong>habitae</strong></span> <span class='ocrx_word' id='word_1_349' title='bbox 1131 4304 1226 4359; x_wconf 91' lang='lat' dir='ltr'><strong>per</strong></span> <span class='ocrx_word' id='word_1_350' title='bbox 1272 4298 1519 4343; x_wconf 91' lang='lat' dir='ltr'><strong>naturam</strong></span> <span class='ocrx_word' id='word_1_351' title='bbox 1569 4288 1637 4344; x_wconf 90' lang='lat' dir='ltr'><strong>ab</strong></span> <span class='ocrx_word' id='word_1_352' title='bbox 1666 4288 1787 4343; x_wconf 91' lang='lat' dir='ltr'><strong>aliis</strong></span> 
     </span>
    </p>
   </div>
   <div class='ocr_carea' id='block_1_47' title="bbox 202 4378 1790 4451">
    <p class='ocr_par' dir='ltr' id='par_1_47' title="bbox 202 4378 1790 4451">
     <span class='ocr_line' id='line_1_47' title="bbox 202 4378 1790 4451; baseline 0.001 -19"><span class='ocrx_word' id='word_1_353' title='bbox 202 4384 431 4446; x_wconf 81' lang='lat' dir='ltr'><strong>accepta</strong></span> <span class='ocrx_word' id='word_1_354' title='bbox 460 4392 559 4448; x_wconf 86' lang='lat' dir='ltr'><strong>per</strong></span> <span class='ocrx_word' id='word_1_355' title='bbox 585 4379 834 4449; x_wconf 79' lang='lat' dir='ltr'><strong>gratiam.</strong></span> <span class='ocrx_word' id='word_1_356' title='bbox 863 4378 1127 4435; x_wconf 86' lang='lat' dir='ltr'><strong>Mediator</strong></span> <span class='ocrx_word' id='word_1_357' title='bbox 1146 4380 1343 4451; x_wconf 91' lang='lat' dir='ltr'><strong>quippe</strong></span> <span class='ocrx_word' id='word_1_358' title='bbox 1368 4380 1457 4436; x_wconf 90' lang='lat' dir='ltr'><strong>Dei</strong></span> <span class='ocrx_word' id='word_1_359' title='bbox 1491 4389 1654 4450; x_wconf 89' lang='lat' dir='ltr'><strong>atque</strong></span> <span class='ocrx_word' id='word_1_360' title='bbox 1686 4380 1790 4435; x_wconf 91' lang='lat' dir='ltr'><strong>ho-</strong></span> 
     </span>
    </p>
   </div>
   <div class='ocr_carea' id='block_1_48' title="bbox 1926 578 3498 651">
    <p class='ocr_par' dir='ltr' id='par_1_48' title="bbox 1926 578 3498 651">
     <span class='ocr_line' id='line_1_48' title="bbox 1926 578 3498 651; baseline 0.006 -19"><span class='ocrx_word' id='word_1_361' title='bbox 1926 578 2123 632; x_wconf 83' lang='lat' dir='ltr'><strong>ancilla</strong></span> <span class='ocrx_word' id='word_1_362' title='bbox 2166 579 2397 647; x_wconf 78' lang='lat' dir='ltr'><strong>Domini,</strong></span> <span class='ocrx_word' id='word_1_363' title='bbox 2441 582 2538 651; x_wconf 78' lang='lat' dir='ltr'><strong>ﬁat</strong></span> <span class='ocrx_word' id='word_1_364' title='bbox 2591 583 2719 637; x_wconf 83' lang='lat' dir='ltr'><strong>mihi</strong></span> <span class='ocrx_word' id='word_1_365' title='bbox 2764 584 3047 638; x_wconf 78' lang='lat' dir='ltr'><strong>secundum</strong></span> <span class='ocrx_word' id='word_1_366' title='bbox 3094 586 3302 641; x_wconf 80' lang='lat' dir='ltr'><strong>verbum</strong></span> <span class='ocrx_word' id='word_1_367' title='bbox 3348 595 3498 641; x_wconf 80' lang='lat' dir='ltr'><strong>tuum</strong></span> 
     </span>
    </p>
   </div>
   <div class='ocr_carea' id='block_1_49' title="bbox 1929 666 3497 742">
    <p class='ocr_par' dir='ltr' id='par_1_49' title="bbox 1929 666 3497 742">
     <span class='ocr_line' id='line_1_49' title="bbox 1929 666 3497 742; baseline 0.008 -23"><span class='ocrx_word' id='word_1_368' title='bbox 1929 666 2082 738; x_wconf 83' lang='lat' dir='ltr'><strong>(ibid.</strong></span> <span class='ocrx_word' id='word_1_369' title='bbox 2103 707 2117 733; x_wconf 89' lang='lat'><strong>,</strong></span> <span class='ocrx_word' id='word_1_370' title='bbox 2146 667 2260 739; x_wconf 75' lang='lat'><strong>&#39;58).</strong></span> <span class='ocrx_word' id='word_1_371' title='bbox 2301 669 2367 723; x_wconf 90' lang='lat' dir='ltr'><strong>Et</strong></span> <span class='ocrx_word' id='word_1_372' title='bbox 2413 671 2659 740; x_wconf 88' lang='lat' dir='ltr'><strong>quamvis</strong></span> <span class='ocrx_word' id='word_1_373' title='bbox 2713 671 2839 742; x_wconf 85' lang='lat' dir='ltr'><strong>ipse</strong></span> <span class='ocrx_word' id='word_1_374' title='bbox 2878 672 3021 727; x_wconf 90' lang='lat' dir='ltr'><strong>aliud</strong></span> <span class='ocrx_word' id='word_1_375' title='bbox 3051 689 3119 729; x_wconf 83' lang='lat' dir='ltr'><strong>ex</strong></span> <span class='ocrx_word' id='word_1_376' title='bbox 3143 673 3322 741; x_wconf 87' lang='lat' dir='ltr'><strong>Patre,</strong></span> <span class='ocrx_word' id='word_1_377' title='bbox 3353 676 3497 732; x_wconf 83' lang='lat' dir='ltr'><strong>aliud</strong></span> 
     </span>
    </p>
   </div>
   <div class='ocr_carea' id='block_1_50' title="bbox 1924 762 3499 837">
    <p class='ocr_par' dir='ltr' id='par_1_50' title="bbox 1924 762 3499 837">
     <span class='ocr_line' id='line_1_50' title="bbox 1924 762 3499 837; baseline 0.003 -20"><span class='ocrx_word' id='word_1_378' title='bbox 1924 778 1989 817; x_wconf 81' lang='lat' dir='ltr'><strong>ex</strong></span> <span class='ocrx_word' id='word_1_379' title='bbox 2017 762 2260 833; x_wconf 77' lang='lat' dir='ltr'><strong>Virgine,</strong></span> <span class='ocrx_word' id='word_1_380' title='bbox 2295 762 2531 834; x_wconf 80' lang='lat' dir='ltr'><strong>sed&#39;ipse</strong></span> <span class='ocrx_word' id='word_1_381' title='bbox 2552 773 2636 819; x_wconf 88' lang='lat' dir='ltr'><strong>est</strong></span> <span class='ocrx_word' id='word_1_382' title='bbox 2659 772 2892 820; x_wconf 59' lang='lat' dir='ltr'><strong>aeternus</strong></span> <span class='ocrx_word' id='word_1_383' title='bbox 2918 779 2984 819; x_wconf 80' lang='lat' dir='ltr'><strong>ex</strong></span> <span class='ocrx_word' id='word_1_384' title='bbox 3020 764 3200 830; x_wconf 81' lang='lat' dir='ltr'><strong>Patre,</strong></span> <span class='ocrx_word' id='word_1_385' title='bbox 3225 766 3336 837; x_wconf 87' lang='lat' dir='ltr'><strong>ipse</strong></span> <span class='ocrx_word' id='word_1_386' title='bbox 3373 779 3499 822; x_wconf 84' lang='lat' dir='ltr'><strong>tem-</strong></span> 
     </span>
    </p>
   </div>
   <div class='ocr_carea' id='block_1_51' title="bbox 1923 855 3491 929">
    <p class='ocr_par' dir='ltr' id='par_1_51' title="bbox 1923 855 3491 929">
     <span class='ocr_line' id='line_1_51' title="bbox 1923 855 3491 929; baseline 0.004 -20"><span class='ocrx_word' id='word_1_387' title='bbox 1923 855 2122 924; x_wconf 78' lang='lat' dir='ltr'><strong>poralis</strong></span> <span class='ocrx_word' id='word_1_388' title='bbox 2169 870 2236 911; x_wconf 82' lang='lat' dir='ltr'><strong>ex</strong></span> <span class='ocrx_word' id='word_1_389' title='bbox 2275 864 2473 921; x_wconf 89' lang='lat' dir='ltr'><strong>matre,</strong></span> <span class='ocrx_word' id='word_1_390' title='bbox 2509 856 2622 926; x_wconf 89' lang='lat' dir='ltr'><strong>ipse</strong></span> <span class='ocrx_word' id='word_1_391' title='bbox 2644 858 2734 927; x_wconf 89' lang='lat' dir='ltr'><strong>qui</strong></span> <span class='ocrx_word' id='word_1_392' title='bbox 2758 856 2907 923; x_wconf 80' lang='lat' dir='ltr'><strong>fecit,</strong></span> <span class='ocrx_word' id='word_1_393' title='bbox 2932 858 3047 927; x_wconf 90' lang='lat' dir='ltr'><strong>ipse</strong></span> <span class='ocrx_word' id='word_1_394' title='bbox 3072 859 3162 929; x_wconf 91' lang='lat' dir='ltr'><strong>qui</strong></span> <span class='ocrx_word' id='word_1_395' title='bbox 3194 858 3368 915; x_wconf 81' lang='lat' dir='ltr'><strong>factus</strong></span> <span class='ocrx_word' id='word_1_396' title='bbox 3391 870 3491 924; x_wconf 87' lang='lat' dir='ltr'><strong>est,</strong></span> 
     </span>
    </p>
   </div>
   <div class='ocr_carea' id='block_1_52' title="bbox 1921 946 3492 1020">
    <p class='ocr_par' dir='ltr' id='par_1_52' title="bbox 1921 946 3492 1020">
     <span class='ocr_line' id='line_1_52' title="bbox 1921 946 3492 1020; baseline 0.004 -19"><span class='ocrx_word' id='word_1_397' title='bbox 1921 946 2040 1017; x_wconf 84' lang='lat' dir='ltr'><strong>ipse</strong></span> <span class='ocrx_word' id='word_1_398' title='bbox 2083 948 2360 1016; x_wconf 86' lang='lat' dir='ltr'><strong>speciosus</strong></span> <span class='ocrx_word' id='word_1_399' title='bbox 2385 963 2495 1018; x_wconf 78' lang='lat' dir='ltr'><strong>pra:</strong></span> <span class='ocrx_word' id='word_1_400' title='bbox 2522 948 2643 1003; x_wconf 89' lang='lat' dir='ltr'><strong>ﬁliis</strong></span> <span class='ocrx_word' id='word_1_401' title='bbox 2689 950 2964 1003; x_wconf 84' lang='lat' dir='ltr'><strong>hominum</strong></span> <span class='ocrx_word' id='word_1_402' title='bbox 3006 966 3102 1020; x_wconf 86' lang='lat' dir='ltr'><strong>per</strong></span> <span class='ocrx_word' id='word_1_403' title='bbox 3134 951 3492 1017; x_wconf 88' lang='lat' dir='ltr'><strong>divinitatem,</strong></span> 
     </span>
    </p>
   </div>
   <div class='ocr_carea' id='block_1_53' title="bbox 1921 1041 3494 1121">
    <p class='ocr_par' dir='ltr' id='par_1_53' title="bbox 1921 1041 3494 1121">
     <span class='ocr_line' id='line_1_53' title="bbox 1921 1041 3494 1121; baseline 0.003 -25"><span class='ocrx_word' id='word_1_404' title='bbox 1921 1051 1978 1097; x_wconf 89' lang='lat' dir='ltr'><strong>et</strong></span> <span class='ocrx_word' id='word_1_405' title='bbox 2008 1042 2122 1110; x_wconf 87' lang='lat' dir='ltr'><strong>ipse</strong></span> <span class='ocrx_word' id='word_1_406' title='bbox 2145 1042 2217 1096; x_wconf 82' lang='lat' dir='ltr'><strong>de</strong></span> <span class='ocrx_word' id='word_1_407' title='bbox 2236 1057 2343 1111; x_wconf 89' lang='lat' dir='ltr'><strong>quo</strong></span> <span class='ocrx_word' id='word_1_408' title='bbox 2365 1042 2565 1096; x_wconf 85' lang='lat' dir='ltr'><strong>dictum</strong></span> <span class='ocrx_word' id='word_1_409' title='bbox 2594 1050 2678 1097; x_wconf 86' lang='lat' dir='ltr'><strong>est</strong></span> <span class='ocrx_word' id='word_1_410' title='bbox 2702 1055 2718 1096; x_wconf 89' lang='lat'><strong>:</strong></span> <span class='ocrx_word' id='word_1_411' title='bbox 2761 1041 2994 1096; x_wconf 77' lang='lat' dir='ltr'><strong>Vidimus</strong></span> <span class='ocrx_word' id='word_1_412' title='bbox 3013 1061 3152 1107; x_wconf 84' lang='lat' dir='ltr'><strong>eum,</strong></span> <span class='ocrx_word' id='word_1_413' title='bbox 3173 1056 3222 1098; x_wconf 87' lang='lat' dir='ltr'><strong>et</strong></span> <span class='ocrx_word' id='word_1_414' title='bbox 3253 1062 3354 1100; x_wconf 84' lang='lat' dir='ltr'><strong>non</strong></span> <span class='ocrx_word' id='word_1_415' title='bbox 3369 1055 3494 1121; x_wconf 47' lang='lat' dir='ltr'><strong>.erat</strong></span> 
     </span>
    </p>
   </div>
   <div class='ocr_carea' id='block_1_54' title="bbox 1920 1132 3491 1210">
    <p class='ocr_par' dir='ltr' id='par_1_54' title="bbox 1920 1132 3491 1210">
     <span class='ocr_line' id='line_1_54' title="bbox 1920 1132 3491 1210; baseline 0.004 -25"><span class='ocrx_word' id='word_1_416' title='bbox 1920 1142 2179 1201; x_wconf 77' lang='lat' dir='ltr'><strong>aspectus,</strong></span> <span class='ocrx_word' id='word_1_417' title='bbox 2205 1140 2253 1186; x_wconf 80' lang='lat' dir='ltr'><strong>et</strong></span> <span class='ocrx_word' id='word_1_418' title='bbox 2280 1147 2382 1185; x_wconf 82' lang='lat' dir='ltr'><strong>non</strong></span> <span class='ocrx_word' id='word_1_419' title='bbox 2421 1141 2493 1185; x_wconf 80' lang='lat' dir='ltr'><strong>est</strong></span> <span class='ocrx_word' id='word_1_420' title='bbox 2518 1133 2567 1185; x_wconf 83' lang='lat' dir='ltr'><strong>ei</strong></span> <span class='ocrx_word' id='word_1_421' title='bbox 2598 1132 2812 1200; x_wconf 78' lang='lat' dir='ltr'><strong>species,</strong></span> <span class='ocrx_word' id='word_1_422' title='bbox 2837 1150 3000 1204; x_wconf 81' lang='lat' dir='ltr'><strong>neque</strong></span> <span class='ocrx_word' id='word_1_423' title='bbox 3027 1134 3181 1188; x_wconf 85' lang='lat' dir='ltr'><strong>decor</strong></span> <span class='ocrx_word' id='word_1_424' title='bbox 3208 1134 3341 1201; x_wconf 68' lang='lat' dir='ltr'><strong>(lea.</strong></span> <span class='ocrx_word' id='word_1_425' title='bbox 3373 1152 3491 1210; x_wconf 62' lang='lat' dir='ltr'><strong>uti,</strong></span> 
     </span>
    </p>
   </div>
   <div class='ocr_carea' id='block_1_55' title="bbox 1918 1221 3494 1295">
    <p class='ocr_par' dir='ltr' id='par_1_55' title="bbox 1918 1221 3494 1295">
     <span class='ocr_line' id='line_1_55' title="bbox 1918 1221 3494 1295; baseline 0.003 -19"><span class='ocrx_word' id='word_1_426' title='bbox 1918 1221 1998 1294; x_wconf 75' lang='lat'><strong>2),</strong></span> <span class='ocrx_word' id='word_1_427' title='bbox 2031 1237 2129 1291; x_wconf 89' lang='lat' dir='ltr'><strong>per</strong></span> <span class='ocrx_word' id='word_1_428' title='bbox 2150 1222 2557 1277; x_wconf 87' lang='lat' dir='ltr'><strong>humanitatem.</strong></span> <span class='ocrx_word' id='word_1_429' title='bbox 2596 1221 2714 1292; x_wconf 83' lang='lat' dir='ltr'><strong>Ipse</strong></span> <span class='ocrx_word' id='word_1_430' title='bbox 2735 1233 2860 1278; x_wconf 88' lang='lat' dir='ltr'><strong>ante</strong></span> <span class='ocrx_word' id='word_1_431' title='bbox 2881 1224 3074 1279; x_wconf 62' lang='lat' dir='ltr'><strong>saecula</strong></span> <span class='ocrx_word' id='word_1_432' title='bbox 3098 1225 3164 1279; x_wconf 90' lang='lat' dir='ltr'><strong>de</strong></span> <span class='ocrx_word' id='word_1_433' title='bbox 3194 1224 3349 1282; x_wconf 85' lang='lat' dir='ltr'><strong>Patre</strong></span> <span class='ocrx_word' id='word_1_434' title='bbox 3376 1227 3494 1295; x_wconf 75' lang='lat' dir='ltr'><strong>sine</strong></span> 
     </span>
    </p>
   </div>
   <div class='ocr_carea' id='block_1_56' title="bbox 1918 1314 3491 1389">
    <p class='ocr_par' dir='ltr' id='par_1_56' title="bbox 1918 1314 3491 1389">
     <span class='ocr_line' id='line_1_56' title="bbox 1918 1314 3491 1389; baseline 0.003 -20"><span class='ocrx_word' id='word_1_435' title='bbox 1918 1323 2110 1377; x_wconf 89' lang='lat' dir='ltr'><strong>matre,</strong></span> <span class='ocrx_word' id='word_1_436' title='bbox 2149 1314 2262 1384; x_wconf 89' lang='lat' dir='ltr'><strong>ipse</strong></span> <span class='ocrx_word' id='word_1_437' title='bbox 2297 1314 2350 1369; x_wconf 93' lang='lat' dir='ltr'><strong>in</strong></span> <span class='ocrx_word' id='word_1_438' title='bbox 2381 1314 2486 1369; x_wconf 90' lang='lat' dir='ltr'><strong>ﬁne</strong></span> <span class='ocrx_word' id='word_1_439' title='bbox 2520 1314 2837 1371; x_wconf 61' lang='lat' dir='ltr'><strong>saeculorum</strong></span> <span class='ocrx_word' id='word_1_440' title='bbox 2862 1315 2930 1371; x_wconf 92' lang='lat' dir='ltr'><strong>de</strong></span> <span class='ocrx_word' id='word_1_441' title='bbox 2958 1325 3131 1372; x_wconf 88' lang='lat' dir='ltr'><strong>matre</strong></span> <span class='ocrx_word' id='word_1_442' title='bbox 3151 1317 3269 1372; x_wconf 89' lang='lat' dir='ltr'><strong>sine</strong></span> <span class='ocrx_word' id='word_1_443' title='bbox 3297 1328 3451 1389; x_wconf 89' lang='lat' dir='ltr'><strong>patre</strong></span> <span class='ocrx_word' id='word_1_444' title='bbox 3472 1335 3491 1373; x_wconf 62' lang='grc' dir='ltr'><strong>ε</strong></span> 
     </span>
    </p>
   </div>
   <div class='ocr_carea' id='block_1_57' title="bbox 1919 1406 3495 1482">
    <p class='ocr_par' dir='ltr' id='par_1_57' title="bbox 1919 1406 3495 1482">
     <span class='ocr_line' id='line_1_57' title="bbox 1919 1406 3495 1482; baseline 0.004 -20"><span class='ocrx_word' id='word_1_445' title='bbox 1919 1406 2035 1478; x_wconf 90' lang='lat' dir='ltr'><strong>ipse</strong></span> <span class='ocrx_word' id='word_1_446' title='bbox 2071 1407 2366 1464; x_wconf 91' lang='lat' dir='ltr'><strong>conditoris</strong></span> <span class='ocrx_word' id='word_1_447' title='bbox 2396 1407 2672 1478; x_wconf 88' lang='lat' dir='ltr'><strong>templum,</strong></span> <span class='ocrx_word' id='word_1_448' title='bbox 2701 1408 2817 1479; x_wconf 90' lang='lat' dir='ltr'><strong>ipse</strong></span> <span class='ocrx_word' id='word_1_449' title='bbox 2845 1409 3095 1465; x_wconf 86' lang='lat' dir='ltr'><strong>conditor</strong></span> <span class='ocrx_word' id='word_1_450' title='bbox 3130 1410 3310 1482; x_wconf 89' lang='lat' dir='ltr'><strong>templi</strong></span> <span class='ocrx_word' id='word_1_451' title='bbox 3339 1425 3354 1466; x_wconf 92' lang='lat'><strong>:</strong></span> <span class='ocrx_word' id='word_1_452' title='bbox 3378 1412 3495 1482; x_wconf 88' lang='lat' dir='ltr'><strong>ipse</strong></span> 
     </span>
    </p>
   </div>
   <div class='ocr_carea' id='block_1_58' title="bbox 1918 1496 3491 1567">
    <p class='ocr_par' dir='ltr' id='par_1_58' title="bbox 1918 1496 3491 1567">
     <span class='ocr_line' id='line_1_58' title="bbox 1918 1496 3491 1567; baseline 0.003 -15"><span class='ocrx_word' id='word_1_453' title='bbox 1918 1503 2106 1552; x_wconf 90' lang='lat' dir='ltr'><strong>auctor</strong></span> <span class='ocrx_word' id='word_1_454' title='bbox 2137 1496 2336 1566; x_wconf 85' lang='lat' dir='ltr'><strong>operis,</strong></span> <span class='ocrx_word' id='word_1_455' title='bbox 2368 1496 2482 1567; x_wconf 92' lang='lat' dir='ltr'><strong>ipse</strong></span> <span class='ocrx_word' id='word_1_456' title='bbox 2508 1512 2644 1567; x_wconf 90' lang='lat' dir='ltr'><strong>opus</strong></span> <span class='ocrx_word' id='word_1_457' title='bbox 2671 1499 2912 1554; x_wconf 90' lang='lat' dir='ltr'><strong>auctoris</strong></span> <span class='ocrx_word' id='word_1_458' title='bbox 2946 1517 2961 1554; x_wconf 90' lang='lat'><strong>:</strong></span> <span class='ocrx_word' id='word_1_459' title='bbox 2991 1515 3218 1555; x_wconf 89' lang='lat' dir='ltr'><strong>manens</strong></span> <span class='ocrx_word' id='word_1_460' title='bbox 3258 1517 3396 1556; x_wconf 87' lang='lat' dir='ltr'><strong>unus</strong></span> <span class='ocrx_word' id='word_1_461' title='bbox 3422 1517 3491 1557; x_wconf 76' lang='lat' dir='ltr'><strong>ex</strong></span> 
     </span>
    </p>
   </div>
   <div class='ocr_carea' id='block_1_59' title="bbox 1916 1587 3490 1667">
    <p class='ocr_par' dir='ltr' id='par_1_59' title="bbox 1916 1587 3490 1667">
     <span class='ocr_line' id='line_1_59' title="bbox 1916 1587 3490 1667; baseline 0.001 -24"><span class='ocrx_word' id='word_1_462' title='bbox 1916 1597 2145 1659; x_wconf 90' lang='lat' dir='ltr'><strong>utraque</strong></span> <span class='ocrx_word' id='word_1_463' title='bbox 2166 1598 2223 1642; x_wconf 92' lang='lat' dir='ltr'><strong>et</strong></span> <span class='ocrx_word' id='word_1_464' title='bbox 2249 1587 2301 1641; x_wconf 93' lang='lat' dir='ltr'><strong>in</strong></span> <span class='ocrx_word' id='word_1_465' title='bbox 2327 1595 2555 1658; x_wconf 88' lang='lat' dir='ltr'><strong>utraque</strong></span> <span class='ocrx_word' id='word_1_466' title='bbox 2580 1598 2792 1649; x_wconf 86' lang='lat' dir='ltr'><strong>natura.</strong></span> <span class='ocrx_word' id='word_1_467' title='bbox 2814 1604 2913 1646; x_wconf 89' lang='lat' dir='ltr'><strong>nec</strong></span> <span class='ocrx_word' id='word_1_468' title='bbox 2927 1599 3242 1646; x_wconf 88' lang='lat' dir='ltr'><strong>naturarum</strong></span> <span class='ocrx_word' id='word_1_469' title='bbox 3271 1592 3490 1667; x_wconf 77' lang='lat' dir='ltr'><strong>copula-</strong></span> 
     </span>
    </p>
   </div>
   <div class='ocr_carea' id='block_1_60' title="bbox 1916 1679 3495 1753">
    <p class='ocr_par' dir='ltr' id='par_1_60' title="bbox 1916 1679 3495 1753">
     <span class='ocr_line' id='line_1_60' title="bbox 1916 1679 3495 1753; baseline 0.004 -19"><span class='ocrx_word' id='word_1_470' title='bbox 1916 1679 2062 1736; x_wconf 87' lang='lat' dir='ltr'><strong>tione</strong></span> <span class='ocrx_word' id='word_1_471' title='bbox 2087 1679 2361 1747; x_wconf 77' lang='lat' dir='ltr'><strong>confusus,</strong></span> <span class='ocrx_word' id='word_1_472' title='bbox 2400 1696 2500 1738; x_wconf 90' lang='lat' dir='ltr'><strong>nec</strong></span> <span class='ocrx_word' id='word_1_473' title='bbox 2534 1690 2848 1738; x_wconf 88' lang='lat' dir='ltr'><strong>naturarum</strong></span> <span class='ocrx_word' id='word_1_474' title='bbox 2870 1683 3212 1740; x_wconf 82' lang='lat' dir='ltr'><strong>distinctione</strong></span> <span class='ocrx_word' id='word_1_475' title='bbox 3251 1686 3495 1753; x_wconf 65' lang='lat' dir='ltr'><strong>gemina-v</strong></span> 
     </span>
    </p>
   </div>
   <div class='ocr_carea' id='block_1_61' title="bbox 1916 1768 3492 1843">
    <p class='ocr_par' dir='ltr' id='par_1_61' title="bbox 1916 1768 3492 1843">
     <span class='ocr_line' id='line_1_61' title="bbox 1916 1768 3492 1843; baseline 0.006 -20"><span class='ocrx_word' id='word_1_476' title='bbox 1916 1776 2024 1824; x_wconf 89' lang='lat' dir='ltr'><strong>tus.</strong></span> <span class='ocrx_word' id='word_1_477' title='bbox 2053 1788 2073 1821; x_wconf 77' lang='grc' dir='ltr'><strong>ι</strong></span> <span class='ocrx_word' id='word_1_478' title='bbox 2123 1768 2181 1823; x_wconf 80' lang='grc' dir='ltr'>ιη</span> <span class='ocrx_word' id='word_1_479' title='bbox 2225 1778 2416 1825; x_wconf 88' lang='lat' dir='ltr'><strong>natura</strong></span> <span class='ocrx_word' id='word_1_480' title='bbox 2465 1771 2761 1828; x_wconf 82' lang='lat' dir='ltr'><strong>divinitatis</strong></span> <span class='ocrx_word' id='word_1_481' title='bbox 2784 1773 3005 1843; x_wconf 71' lang='lat' dir='ltr'><strong>aequalis</strong></span> <span class='ocrx_word' id='word_1_482' title='bbox 3026 1782 3403 1831; x_wconf 81' lang='lat' dir='ltr'><strong>eteoaeteruus</strong></span> <span class='ocrx_word' id='word_1_483' title='bbox 3427 1792 3492 1832; x_wconf 81' lang='lat' dir='ltr'><strong>ac</strong></span> 
     </span>
    </p>
   </div>
   <div class='ocr_carea' id='block_1_62' title="bbox 1912 1857 3491 1931">
    <p class='ocr_par' dir='ltr' id='par_1_62' title="bbox 1912 1857 3491 1931">
     <span class='ocr_line' id='line_1_62' title="bbox 1912 1857 3491 1931; baseline 0.005 -18"><span class='ocrx_word' id='word_1_484' title='bbox 1912 1857 2385 1915; x_wconf 84' lang='lat' dir='ltr'><strong>consubstantialis</strong></span> <span class='ocrx_word' id='word_1_485' title='bbox 2404 1859 2548 1916; x_wconf 89' lang='lat' dir='ltr'><strong>Patri</strong></span> <span class='ocrx_word' id='word_1_486' title='bbox 2563 1872 2617 1917; x_wconf 86' lang='lat' dir='ltr'><strong>et</strong></span> <span class='ocrx_word' id='word_1_487' title='bbox 2642 1861 2860 1931; x_wconf 88' lang='lat' dir='ltr'><strong>Spiritui</strong></span> <span class='ocrx_word' id='word_1_488' title='bbox 2890 1872 3106 1929; x_wconf 86' lang='lat' dir='ltr'><strong>sancto;</strong></span> <span class='ocrx_word' id='word_1_489' title='bbox 3124 1865 3175 1919; x_wconf 88' lang='lat' dir='ltr'><strong>in</strong></span> <span class='ocrx_word' id='word_1_490' title='bbox 3196 1872 3381 1919; x_wconf 76' lang='lat' dir='ltr'><strong>natura</strong></span> <span class='ocrx_word' id='word_1_491' title='bbox 3399 1865 3491 1921; x_wconf 86' lang='lat' dir='ltr'><strong>hu-</strong></span> 
     </span>
    </p>
   </div>
   <div class='ocr_carea' id='block_1_63' title="bbox 1914 1948 3491 2025">
    <p class='ocr_par' dir='ltr' id='par_1_63' title="bbox 1914 1948 3491 2025">
     <span class='ocr_line' id='line_1_63' title="bbox 1914 1948 3491 2025; baseline 0.007 -24"><span class='ocrx_word' id='word_1_492' title='bbox 1914 1948 2192 2003; x_wconf 87' lang='lat' dir='ltr'><strong>manitatis</strong></span> <span class='ocrx_word' id='word_1_493' title='bbox 2218 1949 2513 2005; x_wconf 90' lang='lat' dir='ltr'><strong>minoratus</strong></span> <span class='ocrx_word' id='word_1_494' title='bbox 2542 1949 2700 2021; x_wconf 92' lang='lat' dir='ltr'><strong>paulo</strong></span> <span class='ocrx_word' id='word_1_495' title='bbox 2720 1952 2895 2008; x_wconf 90' lang='lat' dir='ltr'><strong>minus</strong></span> <span class='ocrx_word' id='word_1_496' title='bbox 2925 1954 2993 2008; x_wconf 90' lang='lat' dir='ltr'><strong>ab</strong></span> <span class='ocrx_word' id='word_1_497' title='bbox 3025 1953 3270 2024; x_wconf 86' lang='lat' dir='ltr'><strong>angelis:</strong></span> <span class='ocrx_word' id='word_1_498' title='bbox 3304 1955 3355 2010; x_wconf 90' lang='lat' dir='ltr'><strong>in</strong></span> <span class='ocrx_word' id='word_1_499' title='bbox 3385 1970 3491 2025; x_wconf 82' lang='lat' dir='ltr'><strong>qua</strong></span> 
     </span>
    </p>
   </div>
   <div class='ocr_carea' id='block_1_64' title="bbox 1914 2041 3488 2121">
    <p class='ocr_par' dir='ltr' id='par_1_64' title="bbox 1914 2041 3488 2121">
     <span class='ocr_line' id='line_1_64' title="bbox 1914 2041 3488 2121; baseline 0.004 -26"><span class='ocrx_word' id='word_1_500' title='bbox 1914 2041 2245 2110; x_wconf 89' lang='lat' dir='ltr'><strong>resurgendo</strong></span> <span class='ocrx_word' id='word_1_501' title='bbox 2269 2055 2299 2095; x_wconf 91' lang='lat' dir='ltr'><strong>a</strong></span> <span class='ocrx_word' id='word_1_502' title='bbox 2330 2042 2558 2096; x_wconf 85' lang='lat' dir='ltr'><strong>mortuis</strong></span> <span class='ocrx_word' id='word_1_503' title='bbox 2607 2042 2775 2114; x_wconf 86' lang='lat' dir='ltr'><strong>gloria</strong></span> <span class='ocrx_word' id='word_1_504' title='bbox 2811 2053 2877 2121; x_wconf 11' lang='lat' dir='ltr'><strong>let</strong></span> <span class='ocrx_word' id='word_1_505' title='bbox 2932 2045 3139 2100; x_wconf 89' lang='lat' dir='ltr'><strong>honore</strong></span> <span class='ocrx_word' id='word_1_506' title='bbox 3194 2055 3488 2102; x_wconf 90' lang='lat' dir='ltr'><strong>coronatus</strong></span> 
     </span>
    </p>
   </div>
   <div class='ocr_carea' id='block_1_65' title="bbox 1912 2132 3493 2206">
    <p class='ocr_par' dir='ltr' id='par_1_65' title="bbox 1912 2132 3493 2206">
     <span class='ocr_line' id='line_1_65' title="bbox 1912 2132 3493 2206; baseline 0.008 -21"><span class='ocrx_word' id='word_1_507' title='bbox 1912 2137 2019 2197; x_wconf 89' lang='lat' dir='ltr'><strong>est,</strong></span> <span class='ocrx_word' id='word_1_508' title='bbox 2048 2140 2105 2187; x_wconf 89' lang='lat' dir='ltr'><strong>et</strong></span> <span class='ocrx_word' id='word_1_509' title='bbox 2132 2132 2459 2188; x_wconf 89' lang='lat' dir='ltr'><strong>constitutus</strong></span> <span class='ocrx_word' id='word_1_510' title='bbox 2481 2147 2644 2204; x_wconf 89' lang='lat' dir='ltr'><strong>super</strong></span> <span class='ocrx_word' id='word_1_511' title='bbox 2685 2135 2867 2190; x_wconf 90' lang='lat' dir='ltr'><strong>omnia</strong></span> <span class='ocrx_word' id='word_1_512' title='bbox 2905 2152 3068 2206; x_wconf 90' lang='lat' dir='ltr'><strong>opera</strong></span> <span class='ocrx_word' id='word_1_513' title='bbox 3109 2153 3363 2195; x_wconf 91' lang='lat' dir='ltr'><strong>manuum</strong></span> <span class='ocrx_word' id='word_1_514' title='bbox 3394 2139 3493 2196; x_wconf 68' lang='lat' dir='ltr'><strong>Pa~</strong></span> 
     </span>
    </p>
   </div>
   <div class='ocr_carea' id='block_1_66' title="bbox 1913 2223 3491 2297">
    <p class='ocr_par' dir='ltr' id='par_1_66' title="bbox 1913 2223 3491 2297">
     <span class='ocr_line' id='line_1_66' title="bbox 1913 2223 3491 2297; baseline 0.007 -20"><span class='ocrx_word' id='word_1_515' title='bbox 1913 2223 2036 2289; x_wconf 89' lang='lat' dir='ltr'><strong>tris,</strong></span> <span class='ocrx_word' id='word_1_516' title='bbox 2059 2231 2115 2278; x_wconf 93' lang='lat' dir='ltr'><strong>et</strong></span> <span class='ocrx_word' id='word_1_517' title='bbox 2139 2224 2264 2279; x_wconf 91' lang='lat' dir='ltr'><strong>data</strong></span> <span class='ocrx_word' id='word_1_518' title='bbox 2284 2233 2368 2280; x_wconf 92' lang='lat' dir='ltr'><strong>est</strong></span> <span class='ocrx_word' id='word_1_519' title='bbox 2386 2225 2436 2281; x_wconf 91' lang='lat' dir='ltr'><strong>ei</strong></span> <span class='ocrx_word' id='word_1_520' title='bbox 2462 2226 2641 2282; x_wconf 92' lang='lat' dir='ltr'><strong>omnis</strong></span> <span class='ocrx_word' id='word_1_521' title='bbox 2660 2236 2900 2296; x_wconf 86' lang='lat' dir='ltr'><strong>potestas</strong></span> <span class='ocrx_word' id='word_1_522' title='bbox 2926 2228 3140 2285; x_wconf 73' lang='lat' dir='ltr'><strong>in&#39;ctelo</strong></span> <span class='ocrx_word' id='word_1_523' title='bbox 3161 2239 3217 2286; x_wconf 93' lang='lat' dir='ltr'><strong>et</strong></span> <span class='ocrx_word' id='word_1_524' title='bbox 3243 2231 3295 2287; x_wconf 92' lang='lat' dir='ltr'><strong>in</strong></span> <span class='ocrx_word' id='word_1_525' title='bbox 3321 2239 3491 2297; x_wconf 88' lang='lat' dir='ltr'><strong>terra,</strong></span> 
     </span>
    </p>
   </div>
   <div class='ocr_carea' id='block_1_67' title="bbox 1913 2313 3492 2388">
    <p class='ocr_par' dir='ltr' id='par_1_67' title="bbox 1913 2313 3492 2388">
     <span class='ocr_line' id='line_1_67' title="bbox 1913 2313 3492 2388; baseline 0.005 -18"><span class='ocrx_word' id='word_1_526' title='bbox 1913 2322 1967 2370; x_wconf 91' lang='lat' dir='ltr'><strong>et</strong></span> <span class='ocrx_word' id='word_1_527' title='bbox 1996 2313 2323 2370; x_wconf 88' lang='lat' dir='ltr'><strong>clariﬁcatus</strong></span> <span class='ocrx_word' id='word_1_528' title='bbox 2353 2325 2438 2370; x_wconf 90' lang='lat' dir='ltr'><strong>est</strong></span> <span class='ocrx_word' id='word_1_529' title='bbox 2467 2316 2713 2372; x_wconf 89' lang='lat' dir='ltr'><strong>claritate</strong></span> <span class='ocrx_word' id='word_1_530' title='bbox 2739 2317 2826 2371; x_wconf 89' lang='lat' dir='ltr'><strong>illa</strong></span> <span class='ocrx_word' id='word_1_531' title='bbox 2854 2357 2870 2383; x_wconf 94' lang='lat'><strong>,</strong></span> <span class='ocrx_word' id='word_1_532' title='bbox 2897 2333 3067 2388; x_wconf 88' lang='lat' dir='ltr'><strong>quam</strong></span> <span class='ocrx_word' id='word_1_533' title='bbox 3107 2321 3160 2375; x_wconf 91' lang='lat' dir='ltr'><strong>in</strong></span> <span class='ocrx_word' id='word_1_534' title='bbox 3207 2321 3492 2378; x_wconf 88' lang='lat' dir='ltr'><strong>divinitate</strong></span> 
     </span>
    </p>
   </div>
   <div class='ocr_carea' id='block_1_68' title="bbox 1911 2403 3494 2478">
    <p class='ocr_par' dir='ltr' id='par_1_68' title="bbox 1911 2403 3494 2478">
     <span class='ocr_line' id='line_1_68' title="bbox 1911 2403 3494 2478; baseline 0.007 -20"><span class='ocrx_word' id='word_1_535' title='bbox 1911 2403 2100 2460; x_wconf 87' lang='lat' dir='ltr'><strong>habuit</strong></span> <span class='ocrx_word' id='word_1_536' title='bbox 2138 2404 2281 2475; x_wconf 84' lang='lat' dir='ltr'><strong>apud</strong></span> <span class='ocrx_word' id='word_1_537' title='bbox 2328 2404 2544 2462; x_wconf 87' lang='lat' dir='ltr'><strong>Patrem</strong></span> <span class='ocrx_word' id='word_1_538' title='bbox 2592 2407 2903 2478; x_wconf 83' lang='lat' dir='ltr'><strong>priusquam</strong></span> <span class='ocrx_word' id='word_1_539' title='bbox 2953 2410 3184 2467; x_wconf 90' lang='lat' dir='ltr'><strong>mundus</strong></span> <span class='ocrx_word' id='word_1_540' title='bbox 3226 2411 3410 2477; x_wconf 83' lang='lat' dir='ltr'><strong>ﬁeret,</strong></span> <span class='ocrx_word' id='word_1_541' title='bbox 3433 2422 3494 2469; x_wconf 89' lang='lat' dir='ltr'><strong>ut</strong></span> 
     </span>
    </p>
   </div>
   <div class='ocr_carea' id='block_1_69' title="bbox 1912 2494 3490 2568">
    <p class='ocr_par' dir='ltr' id='par_1_69' title="bbox 1912 2494 3490 2568">
     <span class='ocr_line' id='line_1_69' title="bbox 1912 2494 3490 2568; baseline 0.003 -19"><span class='ocrx_word' id='word_1_542' title='bbox 1912 2494 2102 2551; x_wconf 89' lang='lat' dir='ltr'><strong>iisdem</strong></span> <span class='ocrx_word' id='word_1_543' title='bbox 2141 2496 2488 2551; x_wconf 88' lang='lat' dir='ltr'><strong>dilectoribus</strong></span> <span class='ocrx_word' id='word_1_544' title='bbox 2512 2496 2625 2553; x_wconf 90' lang='lat' dir='ltr'><strong>suis</strong></span> <span class='ocrx_word' id='word_1_545' title='bbox 2651 2498 2829 2568; x_wconf 90' lang='lat' dir='ltr'><strong>palam</strong></span> <span class='ocrx_word' id='word_1_546' title='bbox 2863 2499 3192 2565; x_wconf 88' lang='lat' dir='ltr'><strong>ostenderet,</strong></span> <span class='ocrx_word' id='word_1_547' title='bbox 3219 2515 3343 2556; x_wconf 90' lang='lat' dir='ltr'><strong>cum</strong></span> <span class='ocrx_word' id='word_1_548' title='bbox 3392 2502 3490 2559; x_wconf 86' lang='lat' dir='ltr'><strong>ah-</strong></span> 
     </span>
    </p>
   </div>
   <div class='ocr_carea' id='block_1_70' title="bbox 1911 2586 3491 2655">
    <p class='ocr_par' dir='ltr' id='par_1_70' title="bbox 1911 2586 3491 2655">
     <span class='ocr_line' id='line_1_70' title="bbox 1911 2586 3491 2655; baseline 0.003 -13"><span class='ocrx_word' id='word_1_549' title='bbox 1911 2596 2095 2655; x_wconf 90' lang='lat' dir='ltr'><strong>sorpta</strong></span> <span class='ocrx_word' id='word_1_550' title='bbox 2133 2596 2277 2641; x_wconf 90' lang='lat' dir='ltr'><strong>esset</strong></span> <span class='ocrx_word' id='word_1_551' title='bbox 2320 2602 2465 2641; x_wconf 88' lang='lat' dir='ltr'><strong>mors</strong></span> <span class='ocrx_word' id='word_1_552' title='bbox 2497 2587 2548 2641; x_wconf 91' lang='lat' dir='ltr'><strong>in</strong></span> <span class='ocrx_word' id='word_1_553' title='bbox 2578 2586 2826 2651; x_wconf 87' lang='lat' dir='ltr'><strong>victoria,</strong></span> <span class='ocrx_word' id='word_1_554' title='bbox 2858 2587 3084 2643; x_wconf 91' lang='lat' dir='ltr'><strong>mortale</strong></span> <span class='ocrx_word' id='word_1_555' title='bbox 3115 2589 3217 2644; x_wconf 88' lang='lat' dir='ltr'><strong>hoc</strong></span> <span class='ocrx_word' id='word_1_556' title='bbox 3241 2598 3491 2647; x_wconf 85' lang='lat' dir='ltr'><strong>nostrum</strong></span> 
     </span>
    </p>
   </div>
   <div class='ocr_carea' id='block_1_71' title="bbox 1910 2675 3489 2750">
    <p class='ocr_par' dir='ltr' id='par_1_71' title="bbox 1910 2675 3489 2750">
     <span class='ocr_line' id='line_1_71' title="bbox 1910 2675 3489 2750; baseline 0.001 -18"><span class='ocrx_word' id='word_1_557' title='bbox 1910 2675 2134 2732; x_wconf 83' lang='lat' dir='ltr'><strong>induere</strong></span> <span class='ocrx_word' id='word_1_558' title='bbox 2165 2675 2624 2731; x_wconf 83' lang='lat' dir='ltr'><strong>immortalitatem</strong></span> <span class='ocrx_word' id='word_1_559' title='bbox 2669 2677 2736 2731; x_wconf 89' lang='lat' dir='ltr'><strong>ad</strong></span> <span class='ocrx_word' id='word_1_560' title='bbox 2776 2693 2927 2733; x_wconf 88' lang='lat' dir='ltr'><strong>suam</strong></span> <span class='ocrx_word' id='word_1_561' title='bbox 2971 2678 3243 2735; x_wconf 78' lang='lat' dir='ltr'><strong>felicitatis</strong></span> <span class='ocrx_word' id='word_1_562' title='bbox 3290 2680 3489 2750; x_wconf 85' lang='lat' dir='ltr'><strong>sempi-</strong></span> 
     </span>
    </p>
   </div>
   <div class='ocr_carea' id='block_1_72' title="bbox 1910 2768 3488 2842">
    <p class='ocr_par' dir='ltr' id='par_1_72' title="bbox 1910 2768 3488 2842">
     <span class='ocr_line' id='line_1_72' title="bbox 1910 2768 3488 2842; baseline 0.004 -19"><span class='ocrx_word' id='word_1_563' title='bbox 1910 2776 2076 2823; x_wconf 74' lang='lat' dir='ltr'><strong>ternze</strong></span> <span class='ocrx_word' id='word_1_564' title='bbox 2100 2768 2506 2823; x_wconf 85' lang='lat' dir='ltr'><strong>beatitudinem.</strong></span> <span class='ocrx_word' id='word_1_565' title='bbox 2562 2768 2693 2840; x_wconf 87' lang='lat' dir='ltr'><strong>Ejus</strong></span> <span class='ocrx_word' id='word_1_566' title='bbox 2732 2769 3081 2827; x_wconf 85' lang='lat' dir='ltr'><strong>beatitudinis</strong></span> <span class='ocrx_word' id='word_1_567' title='bbox 3105 2780 3379 2842; x_wconf 69' lang='lat' dir='ltr'><strong>perpetuae</strong></span> <span class='ocrx_word' id='word_1_568' title='bbox 3410 2772 3488 2830; x_wconf 79' lang='lat' dir='ltr'><strong>fe-</strong></span> 
     </span>
    </p>
   </div>
   <div class='ocr_carea' id='block_1_73' title="bbox 1909 2857 3487 2934">
    <p class='ocr_par' dir='ltr' id='par_1_73' title="bbox 1909 2857 3487 2934">
     <span class='ocr_line' id='line_1_73' title="bbox 1909 2857 3487 2934; baseline 0.003 -21"><span class='ocrx_word' id='word_1_569' title='bbox 1909 2857 2164 2914; x_wconf 90' lang='lat' dir='ltr'><strong>licitatem</strong></span> <span class='ocrx_word' id='word_1_570' title='bbox 2209 2858 2369 2914; x_wconf 75' lang='lat' dir='ltr'><strong>anxie</strong></span> <span class='ocrx_word' id='word_1_571' title='bbox 2414 2859 2746 2929; x_wconf 90' lang='lat' dir='ltr'><strong>suspirantes</strong></span> <span class='ocrx_word' id='word_1_572' title='bbox 2785 2868 2843 2916; x_wconf 89' lang='lat' dir='ltr'><strong>et</strong></span> <span class='ocrx_word' id='word_1_573' title='bbox 2882 2860 3218 2928; x_wconf 87' lang='lat' dir='ltr'><strong>anhelantes,</strong></span> <span class='ocrx_word' id='word_1_574' title='bbox 3262 2862 3487 2934; x_wconf 87' lang='lat' dir='ltr'><strong>ingemi-</strong></span> 
     </span>
    </p>
   </div>
   <div class='ocr_carea' id='block_1_74' title="bbox 1908 2949 3485 3019">
    <p class='ocr_par' dir='ltr' id='par_1_74' title="bbox 1908 2949 3485 3019">
     <span class='ocr_line' id='line_1_74' title="bbox 1908 2949 3485 3019; baseline 0.001 -13"><span class='ocrx_word' id='word_1_575' title='bbox 1908 2950 2110 3006; x_wconf 89' lang='lat' dir='ltr'><strong>scimus</strong></span> <span class='ocrx_word' id='word_1_576' title='bbox 2144 2950 2350 3019; x_wconf 80' lang='lat' dir='ltr'><strong>gravati</strong></span> <span class='ocrx_word' id='word_1_577' title='bbox 2383 2949 2437 3003; x_wconf 92' lang='lat' dir='ltr'><strong>in</strong></span> <span class='ocrx_word' id='word_1_578' title='bbox 2466 2950 2570 3005; x_wconf 92' lang='lat' dir='ltr'><strong>hoc</strong></span> <span class='ocrx_word' id='word_1_579' title='bbox 2616 2950 2987 3016; x_wconf 89' lang='lat' dir='ltr'><strong>tabernaculo,</strong></span> <span class='ocrx_word' id='word_1_580' title='bbox 3035 2950 3299 3007; x_wconf 84' lang='lat' dir='ltr'><strong>habentes</strong></span> <span class='ocrx_word' id='word_1_581' title='bbox 3341 2952 3485 3008; x_wconf 88' lang='lat' dir='ltr'><strong>hunc</strong></span> 
     </span>
    </p>
   </div>
   <div class='ocr_carea' id='block_1_75' title="bbox 1906 3040 3483 3110">
    <p class='ocr_par' dir='ltr' id='par_1_75' title="bbox 1906 3040 3483 3110">
     <span class='ocr_line' id='line_1_75' title="bbox 1906 3040 3483 3110; baseline 0.001 -14"><span class='ocrx_word' id='word_1_582' title='bbox 1906 3040 2029 3097; x_wconf 89' lang='lat' dir='ltr'><strong>ﬁdei</strong></span> <span class='ocrx_word' id='word_1_583' title='bbox 2073 3049 2128 3095; x_wconf 90' lang='lat' dir='ltr'><strong>et</strong></span> <span class='ocrx_word' id='word_1_584' title='bbox 2167 3041 2279 3110; x_wconf 84' lang='lat' dir='ltr'><strong>spei</strong></span> <span class='ocrx_word' id='word_1_585' title='bbox 2310 3056 2374 3096; x_wconf 91' lang='lat' dir='ltr'><strong>ac</strong></span> <span class='ocrx_word' id='word_1_586' title='bbox 2402 3040 2705 3097; x_wconf 81' lang='lat' dir='ltr'><strong>dilectionis</strong></span> <span class='ocrx_word' id='word_1_587' title='bbox 2743 3041 3056 3105; x_wconf 84' lang='lat' dir='ltr'><strong>thesaurum</strong></span> <span class='ocrx_word' id='word_1_588' title='bbox 3086 3042 3140 3097; x_wconf 91' lang='lat' dir='ltr'><strong>in</strong></span> <span class='ocrx_word' id='word_1_589' title='bbox 3170 3043 3313 3098; x_wconf 86' lang='lat' dir='ltr'><strong>vasis</strong></span> <span class='ocrx_word' id='word_1_590' title='bbox 3344 3042 3483 3097; x_wconf 86' lang='lat' dir='ltr'><strong>ﬁcti-</strong></span> 
     </span>
    </p>
   </div>
   <div class='ocr_carea' id='block_1_76' title="bbox 1907 3129 3482 3202">
    <p class='ocr_par' dir='ltr' id='par_1_76' title="bbox 1907 3129 3482 3202">
     <span class='ocr_line' id='line_1_76' title="bbox 1907 3129 3482 3202; baseline 0 -16"><span class='ocrx_word' id='word_1_591' title='bbox 1907 3130 2065 3187; x_wconf 91' lang='lat' dir='ltr'><strong>libus.</strong></span> <span class='ocrx_word' id='word_1_592' title='bbox 2103 3129 2255 3187; x_wconf 92' lang='lat' dir='ltr'><strong>Unde</strong></span> <span class='ocrx_word' id='word_1_593' title='bbox 2295 3130 2449 3187; x_wconf 89' lang='lat' dir='ltr'><strong>nobis</strong></span> <span class='ocrx_word' id='word_1_594' title='bbox 2500 3146 2597 3202; x_wconf 90' lang='lat' dir='ltr'><strong>per</strong></span> <span class='ocrx_word' id='word_1_595' title='bbox 2644 3131 2965 3201; x_wconf 89' lang='lat' dir='ltr'><strong>Prophetam</strong></span> <span class='ocrx_word' id='word_1_596' title='bbox 3009 3132 3482 3188; x_wconf 80' lang='lat' dir='ltr'><strong>dicitur:Consti-</strong></span> 
     </span>
    </p>
   </div>
   <div class='ocr_carea' id='block_1_77' title="bbox 1905 3221 3479 3294">
    <p class='ocr_par' dir='ltr' id='par_1_77' title="bbox 1905 3221 3479 3294">
     <span class='ocr_line' id='line_1_77' title="bbox 1905 3221 3479 3294; baseline -0.001 -15"><span class='ocrx_word' id='word_1_597' title='bbox 1905 3225 2034 3279; x_wconf 74' lang='lat' dir='ltr'><strong>(uite</strong></span> <span class='ocrx_word' id='word_1_598' title='bbox 2054 3223 2191 3277; x_wconf 83' lang='lat' dir='ltr'><strong>diem</strong></span> <span class='ocrx_word' id='word_1_599' title='bbox 2213 3221 2492 3277; x_wconf 74' lang='lat' dir='ltr'><strong>solemnem</strong></span> <span class='ocrx_word' id='word_1_600' title='bbox 2522 3223 2574 3277; x_wconf 86' lang='lat' dir='ltr'><strong>in</strong></span> <span class='ocrx_word' id='word_1_601' title='bbox 2600 3221 3202 3294; x_wconf 80' lang='lat' dir='ltr'><strong>confrequentationibus</strong></span> <span class='ocrx_word' id='word_1_602' title='bbox 3227 3239 3388 3294; x_wconf 77' lang='lat' dir='ltr'><strong>usque</strong></span> <span class='ocrx_word' id='word_1_603' title='bbox 3409 3224 3479 3278; x_wconf 88' lang='lat' dir='ltr'><strong>ad</strong></span> 
     </span>
    </p>
   </div>
   <div class='ocr_carea' id='block_1_78' title="bbox 1900 3309 3480 3382">
    <p class='ocr_par' dir='ltr' id='par_1_78' title="bbox 1900 3309 3480 3382">
     <span class='ocr_line' id='line_1_78' title="bbox 1900 3309 3480 3382; baseline 0.001 -14"><span class='ocrx_word' id='word_1_604' title='bbox 1900 3330 2062 3368; x_wconf 82' lang='lat' dir='ltr'><strong>cornu</strong></span> <span class='ocrx_word' id='word_1_605' title='bbox 2087 3312 2271 3367; x_wconf 79' lang='lat' dir='ltr'><strong>altaris</strong></span> <span class='ocrx_word' id='word_1_606' title='bbox 2296 3309 2467 3382; x_wconf 82' lang='lat' dir='ltr'><strong>(Psal.</strong></span> <span class='ocrx_word' id='word_1_607' title='bbox 2498 3326 2664 3377; x_wconf 81' lang='lat' dir='ltr'><strong>cxvn,</strong></span> <span class='ocrx_word' id='word_1_608' title='bbox 2691 3311 2805 3377; x_wconf 70' lang='lat'><strong>27).</strong></span> <span class='ocrx_word' id='word_1_609' title='bbox 2848 3312 2969 3367; x_wconf 90' lang='lat' dir='ltr'><strong>Dies</strong></span> <span class='ocrx_word' id='word_1_610' title='bbox 2991 3311 3243 3368; x_wconf 89' lang='lat' dir='ltr'><strong>solemnis</strong></span> <span class='ocrx_word' id='word_1_611' title='bbox 3264 3323 3349 3369; x_wconf 91' lang='lat' dir='ltr'><strong>est</strong></span> <span class='ocrx_word' id='word_1_612' title='bbox 3379 3314 3480 3369; x_wconf 88' lang='lat' dir='ltr'><strong>Do-</strong></span> 
     </span>
    </p>
   </div>
   <div class='ocr_carea' id='block_1_79' title="bbox 1899 3402 3483 3475">
    <p class='ocr_par' dir='ltr' id='par_1_79' title="bbox 1899 3402 3483 3475">
     <span class='ocr_line' id='line_1_79' title="bbox 1899 3402 3483 3475; baseline -0.001 -15"><span class='ocrx_word' id='word_1_613' title='bbox 1899 3405 2048 3461; x_wconf 88' lang='lat' dir='ltr'><strong>mino</strong></span> <span class='ocrx_word' id='word_1_614' title='bbox 2088 3403 2430 3473; x_wconf 88' lang='lat' dir='ltr'><strong>compunctio</strong></span> <span class='ocrx_word' id='word_1_615' title='bbox 2472 3404 2652 3459; x_wconf 90' lang='lat' dir='ltr'><strong>cordis</strong></span> <span class='ocrx_word' id='word_1_616' title='bbox 2697 3404 2886 3459; x_wconf 87' lang='lat' dir='ltr'><strong>nostri.</strong></span> <span class='ocrx_word' id='word_1_617' title='bbox 2941 3402 3047 3458; x_wconf 89' lang='lat' dir='ltr'><strong>Sed</strong></span> <span class='ocrx_word' id='word_1_618' title='bbox 3084 3411 3211 3461; x_wconf 90' lang='lat' dir='ltr'><strong>tunc</strong></span> <span class='ocrx_word' id='word_1_619' title='bbox 3250 3405 3302 3459; x_wconf 91' lang='lat' dir='ltr'><strong>in</strong></span> <span class='ocrx_word' id='word_1_620' title='bbox 3348 3420 3483 3475; x_wconf 3' lang='lat' dir='ltr'><strong>con-q</strong></span> 
     </span>
    </p>
   </div>
   <div class='ocr_carea' id='block_1_80' title="bbox 1900 3493 3476 3565">
    <p class='ocr_par' dir='ltr' id='par_1_80' title="bbox 1900 3493 3476 3565">
     <span class='ocr_line' id='line_1_80' title="bbox 1900 3493 3476 3565; baseline -0.001 -14"><span class='ocrx_word' id='word_1_621' title='bbox 1900 3495 2418 3565; x_wconf 78' lang='lat' dir='ltr'><strong>frequentationibus</strong></span> <span class='ocrx_word' id='word_1_622' title='bbox 2444 3494 2557 3550; x_wconf 90' lang='lat' dir='ltr'><strong>dies</strong></span> <span class='ocrx_word' id='word_1_623' title='bbox 2585 3493 2843 3549; x_wconf 88' lang='lat' dir='ltr'><strong>solemnis</strong></span> <span class='ocrx_word' id='word_1_624' title='bbox 2872 3494 3238 3560; x_wconf 89' lang='lat' dir='ltr'><strong>constituitur,</strong></span> <span class='ocrx_word' id='word_1_625' title='bbox 3270 3510 3392 3550; x_wconf 91' lang='lat' dir='ltr'><strong>cum</strong></span> <span class='ocrx_word' id='word_1_626' title='bbox 3421 3495 3476 3550; x_wconf 88' lang='lat' dir='ltr'><strong>in</strong></span> 
     </span>
    </p>
   </div>
   <div class='ocr_carea' id='block_1_81' title="bbox 1895 3580 3481 3657">
    <p class='ocr_par' dir='ltr' id='par_1_81' title="bbox 1895 3580 3481 3657">
     <span class='ocr_line' id='line_1_81' title="bbox 1895 3580 3481 3657; baseline 0 -17"><span class='ocrx_word' id='word_1_627' title='bbox 1895 3586 2166 3657; x_wconf 89' lang='lat' dir='ltr'><strong>laerymas</strong></span> <span class='ocrx_word' id='word_1_628' title='bbox 2201 3585 2402 3640; x_wconf 90' lang='lat' dir='ltr'><strong>amoris</strong></span> <span class='ocrx_word' id='word_1_629' title='bbox 2433 3584 2550 3655; x_wconf 89' lang='lat' dir='ltr'><strong>ejus</strong></span> <span class='ocrx_word' id='word_1_630' title='bbox 2574 3583 2789 3639; x_wconf 89' lang='lat' dir='ltr'><strong>assidue</strong></span> <span class='ocrx_word' id='word_1_631' title='bbox 2828 3598 2983 3640; x_wconf 90' lang='lat' dir='ltr'><strong>mens</strong></span> <span class='ocrx_word' id='word_1_632' title='bbox 3019 3583 3262 3639; x_wconf 84' lang='lat' dir='ltr'><strong>solvitur.</strong></span> <span class='ocrx_word' id='word_1_633' title='bbox 3299 3580 3369 3638; x_wconf 83' lang='lat' dir='ltr'><strong>At</strong></span> <span class='ocrx_word' id='word_1_634' title='bbox 3406 3598 3481 3640; x_wconf 80' lang='lat' dir='ltr'><strong>ne</strong></span> 
     </span>
    </p>
   </div>
   <div class='ocr_carea' id='block_1_82' title="bbox 1894 3680 3541 3751">
    <p class='ocr_par' dir='ltr' id='par_1_82' title="bbox 1894 3680 3541 3751">
     <span class='ocr_line' id='line_1_82' title="bbox 1894 3680 3541 3751; baseline 0 -16"><span class='ocrx_word' id='word_1_635' title='bbox 1894 3681 2211 3745; x_wconf 89' lang='lat' dir='ltr'><strong>morientes,</strong></span> <span class='ocrx_word' id='word_1_636' title='bbox 2239 3680 2287 3736; x_wconf 88' lang='lat' dir='ltr'><strong>si</strong></span> <span class='ocrx_word' id='word_1_637' title='bbox 2313 3695 2419 3735; x_wconf 93' lang='lat' dir='ltr'><strong>non</strong></span> <span class='ocrx_word' id='word_1_638' title='bbox 2449 3681 2720 3737; x_wconf 86' lang='lat' dir='ltr'><strong>diceretur</strong></span> <span class='ocrx_word' id='word_1_639' title='bbox 2757 3680 2993 3751; x_wconf 87' lang='lat' dir='ltr'><strong>quandiu</strong></span> <span class='ocrx_word' id='word_1_640' title='bbox 3021 3681 3121 3736; x_wconf 91' lang='lat' dir='ltr'><strong>ista</strong></span> <span class='ocrx_word' id='word_1_641' title='bbox 3163 3680 3341 3737; x_wconf 87' lang='lat' dir='ltr'><strong>acturi</strong></span> <span class='ocrx_word' id='word_1_642' title='bbox 3383 3695 3476 3737; x_wconf 83' lang='lat' dir='ltr'><strong>su-</strong></span> <span class='ocrx_word' id='word_1_643' title='bbox 3538 3748 3541 3749; x_wconf 18' lang='grc' dir='ltr'><em>ν</em></span> 
     </span>
    </p>
   </div>
   <div class='ocr_carea' id='block_1_83' title="bbox 1893 3767 3476 3841">
    <p class='ocr_par' dir='ltr' id='par_1_83' title="bbox 1893 3767 3476 3841">
     <span class='ocr_line' id='line_1_83' title="bbox 1893 3767 3476 3841; baseline 0.001 -15"><span class='ocrx_word' id='word_1_644' title='bbox 1893 3784 2035 3834; x_wconf 90' lang='lat' dir='ltr'><strong>mus,</strong></span> <span class='ocrx_word' id='word_1_645' title='bbox 2064 3768 2411 3824; x_wconf 87' lang='lat' dir='ltr'><strong>tribulatione</strong></span> <span class='ocrx_word' id='word_1_646' title='bbox 2448 3767 2806 3832; x_wconf 79' lang='lat' dir='ltr'><strong>aﬂiceremur,</strong></span> <span class='ocrx_word' id='word_1_647' title='bbox 2834 3770 2979 3826; x_wconf 85' lang='lat' dir='ltr'><strong>illico</strong></span> <span class='ocrx_word' id='word_1_648' title='bbox 3026 3771 3315 3827; x_wconf 90' lang='lat' dir='ltr'><strong>terminum</strong></span> <span class='ocrx_word' id='word_1_649' title='bbox 3344 3786 3476 3841; x_wconf 88' lang='lat' dir='ltr'><strong>quo-</strong></span> 
     </span>
    </p>
   </div>
   <div class='ocr_carea' id='block_1_84' title="bbox 1892 3857 3473 3932">
    <p class='ocr_par' dir='ltr' id='par_1_84' title="bbox 1892 3857 3473 3932">
     <span class='ocr_line' id='line_1_84' title="bbox 1892 3857 3473 3932; baseline 0 -17"><span class='ocrx_word' id='word_1_650' title='bbox 1892 3873 2064 3930; x_wconf 80' lang='lat' dir='ltr'><strong>usque</strong></span> <span class='ocrx_word' id='word_1_651' title='bbox 2098 3858 2215 3913; x_wconf 84' lang='lat' dir='ltr'><strong>ﬁeri</strong></span> <span class='ocrx_word' id='word_1_652' title='bbox 2244 3858 2439 3914; x_wconf 86' lang='lat' dir='ltr'><strong>debeat</strong></span> <span class='ocrx_word' id='word_1_653' title='bbox 2476 3857 2757 3929; x_wconf 79' lang='lat' dir='ltr'><strong>subjungit</strong></span> <span class='ocrx_word' id='word_1_654' title='bbox 2778 3860 2983 3924; x_wconf 88' lang='lat' dir='ltr'><strong>dicens,</strong></span> <span class='ocrx_word' id='word_1_655' title='bbox 3016 3876 3178 3932; x_wconf 77' lang='lat' dir='ltr'><strong>usque</strong></span> <span class='ocrx_word' id='word_1_656' title='bbox 3206 3860 3276 3915; x_wconf 85' lang='lat' dir='ltr'><strong>ad</strong></span> <span class='ocrx_word' id='word_1_657' title='bbox 3308 3877 3473 3915; x_wconf 77' lang='lat' dir='ltr'><strong>cornu</strong></span> 
     </span>
    </p>
   </div>
   <div class='ocr_carea' id='block_1_85' title="bbox 1890 3947 3471 4019">
    <p class='ocr_par' dir='ltr' id='par_1_85' title="bbox 1890 3947 3471 4019">
     <span class='ocr_line' id='line_1_85' title="bbox 1890 3947 3471 4019; baseline 0.001 -15"><span class='ocrx_word' id='word_1_658' title='bbox 1890 3949 2096 4004; x_wconf 78' lang='lat' dir='ltr'><strong>altaris.</strong></span> <span class='ocrx_word' id='word_1_659' title='bbox 2128 3947 2308 4004; x_wconf 87' lang='lat' dir='ltr'><strong>Cornu</strong></span> <span class='ocrx_word' id='word_1_660' title='bbox 2337 3948 2533 4019; x_wconf 89' lang='lat' dir='ltr'><strong>quippe</strong></span> <span class='ocrx_word' id='word_1_661' title='bbox 2573 3947 2760 4003; x_wconf 85' lang='lat' dir='ltr'><strong>altaris</strong></span> <span class='ocrx_word' id='word_1_662' title='bbox 2797 3957 2882 4005; x_wconf 91' lang='lat' dir='ltr'><strong>est</strong></span> <span class='ocrx_word' id='word_1_663' title='bbox 2917 3949 3172 4013; x_wconf 79' lang='lat' dir='ltr'><strong>exultatio</strong></span> <span class='ocrx_word' id='word_1_664' title='bbox 3217 3951 3471 4007; x_wconf 90' lang='lat' dir='ltr'><strong>sacriﬁcii</strong></span> 
     </span>
    </p>
   </div>
   <div class='ocr_carea' id='block_1_86' title="bbox 1889 4037 3475 4110">
    <p class='ocr_par' dir='ltr' id='par_1_86' title="bbox 1889 4037 3475 4110">
     <span class='ocr_line' id='line_1_86' title="bbox 1889 4037 3475 4110; baseline 0.001 -16"><span class='ocrx_word' id='word_1_665' title='bbox 1889 4038 2185 4103; x_wconf 90' lang='lat' dir='ltr'><strong>interioris,</strong></span> <span class='ocrx_word' id='word_1_666' title='bbox 2221 4037 2310 4093; x_wconf 89' lang='lat' dir='ltr'><strong>ubi</strong></span> <span class='ocrx_word' id='word_1_667' title='bbox 2336 4053 2458 4094; x_wconf 91' lang='lat' dir='ltr'><strong>cum</strong></span> <span class='ocrx_word' id='word_1_668' title='bbox 2485 4038 2814 4104; x_wconf 89' lang='lat' dir='ltr'><strong>venerimus,</strong></span> <span class='ocrx_word' id='word_1_669' title='bbox 2849 4039 2961 4110; x_wconf 79' lang='lat' dir='ltr'><strong>jam</strong></span> <span class='ocrx_word' id='word_1_670' title='bbox 3005 4038 3150 4094; x_wconf 89' lang='lat' dir='ltr'><strong>nulla</strong></span> <span class='ocrx_word' id='word_1_671' title='bbox 3178 4041 3475 4097; x_wconf 90' lang='lat' dir='ltr'><strong>necessitas</strong></span> 
     </span>
    </p>
   </div>
   <div class='ocr_carea' id='block_1_87' title="bbox 1887 4129 3471 4203">
    <p class='ocr_par' dir='ltr' id='par_1_87' title="bbox 1887 4129 3471 4203">
     <span class='ocr_line' id='line_1_87' title="bbox 1887 4129 3471 4203; baseline 0 -16"><span class='ocrx_word' id='word_1_672' title='bbox 1887 4133 1993 4187; x_wconf 91' lang='lat' dir='ltr'><strong>erit</strong></span> <span class='ocrx_word' id='word_1_673' title='bbox 2025 4140 2086 4186; x_wconf 94' lang='lat' dir='ltr'><strong>ut</strong></span> <span class='ocrx_word' id='word_1_674' title='bbox 2127 4129 2420 4186; x_wconf 91' lang='lat' dir='ltr'><strong>solemnem</strong></span> <span class='ocrx_word' id='word_1_675' title='bbox 2460 4131 2601 4203; x_wconf 84' lang='lat' dir='ltr'><strong>diem</strong></span> <span class='ocrx_word' id='word_1_676' title='bbox 2633 4130 2861 4187; x_wconf 86' lang='lat' dir='ltr'><strong>Domino</strong></span> <span class='ocrx_word' id='word_1_677' title='bbox 2888 4131 2956 4186; x_wconf 93' lang='lat' dir='ltr'><strong>de</strong></span> <span class='ocrx_word' id='word_1_678' title='bbox 2995 4139 3180 4185; x_wconf 91' lang='lat' dir='ltr'><strong>nostra</strong></span> <span class='ocrx_word' id='word_1_679' title='bbox 3208 4130 3471 4187; x_wconf 88' lang='lat' dir='ltr'><strong>lamenta-</strong></span> 
     </span>
    </p>
   </div>
   <div class='ocr_carea' id='block_1_88' title="bbox 1887 4220 3476 4292">
    <p class='ocr_par' dir='ltr' id='par_1_88' title="bbox 1887 4220 3476 4292">
     <span class='ocr_line' id='line_1_88' title="bbox 1887 4220 3476 4292; baseline -0.001 -14"><span class='ocrx_word' id='word_1_680' title='bbox 1887 4222 2034 4278; x_wconf 85' lang='lat' dir='ltr'><strong>tione</strong></span> <span class='ocrx_word' id='word_1_681' title='bbox 2054 4221 2333 4276; x_wconf 77' lang='lat' dir='ltr'><strong>faciamus.</strong></span> <span class='ocrx_word' id='word_1_682' title='bbox 2355 4221 2434 4277; x_wconf 79' lang='lat' dir='ltr'><strong>Ad</strong></span> <span class='ocrx_word' id='word_1_683' title='bbox 2448 4220 2590 4292; x_wconf 91' lang='lat' dir='ltr'><strong>quod</strong></span> <span class='ocrx_word' id='word_1_684' title='bbox 2610 4220 2780 4276; x_wconf 89' lang='lat' dir='ltr'><strong>altare</strong></span> <span class='ocrx_word' id='word_1_685' title='bbox 2803 4220 3074 4275; x_wconf 89' lang='lat' dir='ltr'><strong>interioris</strong></span> <span class='ocrx_word' id='word_1_686' title='bbox 3092 4220 3339 4276; x_wconf 78' lang='lat' dir='ltr'><strong>sacriﬁcii</strong></span> <span class='ocrx_word' id='word_1_687' title='bbox 3364 4237 3476 4276; x_wconf 82' lang='lat' dir='ltr'><strong>non</strong></span> 
     </span>
    </p>
   </div>
   <div class='ocr_carea' id='block_1_89' title="bbox 1886 4308 3466 4382">
    <p class='ocr_par' dir='ltr' id='par_1_89' title="bbox 1886 4308 3466 4382">
     <span class='ocr_line' id='line_1_89' title="bbox 1886 4308 3466 4382; baseline -0.003 -14"><span class='ocrx_word' id='word_1_688' title='bbox 1886 4312 2095 4370; x_wconf 87' lang='lat' dir='ltr'><strong>accedit</strong></span> <span class='ocrx_word' id='word_1_689' title='bbox 2129 4311 2233 4368; x_wconf 92' lang='lat' dir='ltr'><strong>nisi</strong></span> <span class='ocrx_word' id='word_1_690' title='bbox 2262 4309 2461 4381; x_wconf 88' lang='lat' dir='ltr'><strong>justus,</strong></span> <span class='ocrx_word' id='word_1_691' title='bbox 2510 4312 2577 4366; x_wconf 88' lang='lat' dir='ltr'><strong>ad</strong></span> <span class='ocrx_word' id='word_1_692' title='bbox 2627 4310 2771 4382; x_wconf 87' lang='lat' dir='ltr'><strong>quod</strong></span> <span class='ocrx_word' id='word_1_693' title='bbox 2812 4310 2899 4366; x_wconf 92' lang='lat' dir='ltr'><strong>ille</strong></span> <span class='ocrx_word' id='word_1_694' title='bbox 2943 4309 3193 4378; x_wconf 88' lang='lat' dir='ltr'><strong>pervenit</strong></span> <span class='ocrx_word' id='word_1_695' title='bbox 3241 4308 3334 4380; x_wconf 88' lang='lat' dir='ltr'><strong>qui</strong></span> <span class='ocrx_word' id='word_1_696' title='bbox 3396 4311 3466 4364; x_wconf 85' lang='lat' dir='ltr'><strong>ad</strong></span> 
     </span>
    </p>
   </div>
   <div class='ocr_carea' id='block_1_90' title="bbox 1887 4398 3470 4474">
    <p class='ocr_par' dir='ltr' id='par_1_90' title="bbox 1887 4398 3470 4474">
     <span class='ocr_line' id='line_1_90' title="bbox 1887 4398 3470 4474; baseline -0.003 -15"><span class='ocrx_word' id='word_1_697' title='bbox 1887 4403 2028 4459; x_wconf 90' lang='lat' dir='ltr'><strong>istud</strong></span> <span class='ocrx_word' id='word_1_698' title='bbox 2057 4417 2294 4474; x_wconf 69' lang='lat' dir='ltr'><strong>pnesens</strong></span> <span class='ocrx_word' id='word_1_699' title='bbox 2335 4411 2389 4456; x_wconf 90' lang='lat' dir='ltr'><strong>et</strong></span> <span class='ocrx_word' id='word_1_700' title='bbox 2414 4401 2625 4457; x_wconf 88' lang='lat' dir='ltr'><strong>visibile</strong></span> <span class='ocrx_word' id='word_1_701' title='bbox 2652 4399 2863 4456; x_wconf 88' lang='lat' dir='ltr'><strong>accedit</strong></span> <span class='ocrx_word' id='word_1_702' title='bbox 2890 4400 3059 4472; x_wconf 88' lang='lat' dir='ltr'><strong>gratia</strong></span> <span class='ocrx_word' id='word_1_703' title='bbox 3086 4400 3182 4455; x_wconf 89' lang='lat' dir='ltr'><strong>Dei</strong></span> <span class='ocrx_word' id='word_1_704' title='bbox 3203 4398 3470 4469; x_wconf 77' lang='lat' dir='ltr'><strong>iustiﬁca-</strong></span> 
     </span>
    </p>
   </div>
   <div class='ocr_carea' id='block_1_91' title="bbox 200 4467 3474 4571">
    <p class='ocr_par' dir='ltr' id='par_1_91' title="bbox 200 4467 3474 4571">
     <span class='ocr_line' id='line_1_91' title="bbox 200 4467 3474 4571; baseline 0 -24"><span class='ocrx_word' id='word_1_705' title='bbox 200 4467 415 4571; x_wconf 61' lang='grc' dir='ltr'><strong>πξίηυητ</strong></span> <span class='ocrx_word' id='word_1_706' title='bbox 446 4468 609 4571; x_wconf 42' lang='lat' dir='ltr'><strong>lim“?</strong></span> <span class='ocrx_word' id='word_1_707' title='bbox 636 4467 883 4571; x_wconf 57' lang='grc' dir='ltr'><strong>δίξνξείηε</strong></span> <span class='ocrx_word' id='word_1_708' title='bbox 908 4468 1088 4538; x_wconf 71' lang='grc' dir='ltr'><strong>³θ⁵¹¹⁸ι</strong></span> <span class='ocrx_word' id='word_1_709' title='bbox 1112 4487 1218 4527; x_wconf 82' lang='grc'>¹¹⁰¹¹</span> <span class='ocrx_word' id='word_1_710' title='bbox 1240 4479 1324 4526; x_wconf 64' lang='grc' dir='ltr'>θεῖ</span> <span class='ocrx_word' id='word_1_711' title='bbox 1351 4471 1492 4526; x_wconf 67' lang='lat' dir='ltr'><strong>aue&quot;</strong></span> <span class='ocrx_word' id='word_1_712' title='bbox 1519 4471 1572 4526; x_wconf 68' lang='lat' dir='ltr'><strong>in</strong></span> <span class='ocrx_word' id='word_1_713' title='bbox 1596 4472 1784 4526; x_wconf 65' lang='lat' dir='ltr'><strong>huma&#39;</strong></span> <span class='ocrx_word' id='word_1_714' title='bbox 1811 4510 1860 4571; x_wconf 79' lang='grc' dir='ltr'>υ</span> <span class='ocrx_word' id='word_1_715' title='bbox 1889 4504 1996 4559; x_wconf 91' lang='lat' dir='ltr'><strong>tus,</strong></span> <span class='ocrx_word' id='word_1_716' title='bbox 2026 4467 2082 4550; x_wconf 70' lang='lat' dir='ltr'><strong>et</strong></span> <span class='ocrx_word' id='word_1_717' title='bbox 2106 4493 2212 4549; x_wconf 90' lang='lat' dir='ltr'><strong>illic</strong></span> <span class='ocrx_word' id='word_1_718' title='bbox 2241 4493 2479 4548; x_wconf 88' lang='lat' dir='ltr'><strong>inveniet</strong></span> <span class='ocrx_word' id='word_1_719' title='bbox 2502 4492 2668 4547; x_wconf 90' lang='lat' dir='ltr'><strong>vitam</strong></span> <span class='ocrx_word' id='word_1_720' title='bbox 2696 4506 2873 4557; x_wconf 88' lang='lat' dir='ltr'><strong>suam,</strong></span> <span class='ocrx_word' id='word_1_721' title='bbox 2893 4467 2995 4562; x_wconf 71' lang='lat' dir='ltr'><strong>qui</strong></span> <span class='ocrx_word' id='word_1_722' title='bbox 3034 4490 3101 4546; x_wconf 92' lang='lat' dir='ltr'><strong>ad</strong></span> <span class='ocrx_word' id='word_1_723' title='bbox 3128 4467 3270 4546; x_wconf 86' lang='lat' dir='ltr'><strong>istud</strong></span> <span class='ocrx_word' id='word_1_724' title='bbox 3314 4506 3474 4547; x_wconf 89' lang='lat' dir='ltr'><strong>acce-</strong></span> 
     </span>
    </p>
   </div>
   <div class='ocr_carea' id='block_1_92' title="bbox 200 4559 1783 4636">
    <p class='ocr_par' dir='ltr' id='par_1_92' title="bbox 200 4559 1783 4636">
     <span class='ocr_line' id='line_1_92' title="bbox 200 4559 1783 4636; baseline 0.002 -21"><span class='ocrx_word' id='word_1_725' title='bbox 200 4559 403 4624; x_wconf 87' lang='lat' dir='ltr'><strong>nitate,</strong></span> <span class='ocrx_word' id='word_1_726' title='bbox 430 4559 569 4616; x_wconf 86' lang='lat' dir='ltr'><strong>alter</strong></span> <span class='ocrx_word' id='word_1_727' title='bbox 596 4559 650 4618; x_wconf 90' lang='lat' dir='ltr'><strong>in</strong></span> <span class='ocrx_word' id='word_1_728' title='bbox 677 4560 877 4616; x_wconf 86' lang='lat' dir='ltr'><strong>deitate</strong></span> <span class='ocrx_word' id='word_1_729' title='bbox 906 4579 920 4617; x_wconf 92' lang='lat'><strong>:</strong></span> <span class='ocrx_word' id='word_1_730' title='bbox 963 4564 1088 4633; x_wconf 87' lang='lat' dir='ltr'><strong>quia</strong></span> <span class='ocrx_word' id='word_1_731' title='bbox 1132 4579 1237 4618; x_wconf 88' lang='lat' dir='ltr'><strong>non</strong></span> <span class='ocrx_word' id='word_1_732' title='bbox 1266 4579 1433 4636; x_wconf 88' lang='lat' dir='ltr'><strong>purus</strong></span> <span class='ocrx_word' id='word_1_733' title='bbox 1462 4565 1624 4619; x_wconf 90' lang='lat' dir='ltr'><strong>homo</strong></span> <span class='ocrx_word' id='word_1_734' title='bbox 1651 4578 1783 4619; x_wconf 91' lang='lat' dir='ltr'><strong>con-</strong></span> 
     </span>
    </p>
   </div>
   <div class='ocr_carea' id='block_1_93' title="bbox 202 4651 1788 4723">
    <p class='ocr_par' dir='ltr' id='par_1_93' title="bbox 202 4651 1788 4723">
     <span class='ocr_line' id='line_1_93' title="bbox 202 4651 1788 4723; baseline 0.002 -17"><span class='ocrx_word' id='word_1_735' title='bbox 202 4658 405 4718; x_wconf 76' lang='lat' dir='ltr'><strong>ceptus</strong></span> <span class='ocrx_word' id='word_1_736' title='bbox 445 4659 607 4718; x_wconf 89' lang='lat' dir='ltr'><strong>atque</strong></span> <span class='ocrx_word' id='word_1_737' title='bbox 665 4651 868 4713; x_wconf 87' lang='lat' dir='ltr'><strong>editus,</strong></span> <span class='ocrx_word' id='word_1_738' title='bbox 913 4661 1035 4721; x_wconf 80' lang='lat' dir='ltr'><strong>post</strong></span> <span class='ocrx_word' id='word_1_739' title='bbox 1085 4668 1181 4723; x_wconf 90' lang='lat' dir='ltr'><strong>per</strong></span> <span class='ocrx_word' id='word_1_740' title='bbox 1233 4654 1491 4713; x_wconf 82' lang='lat' dir='ltr'><strong>meritum</strong></span> <span class='ocrx_word' id='word_1_741' title='bbox 1534 4662 1593 4708; x_wconf 89' lang='lat' dir='ltr'><strong>ut</strong></span> <span class='ocrx_word' id='word_1_742' title='bbox 1646 4654 1788 4709; x_wconf 88' lang='lat' dir='ltr'><strong>Deus</strong></span> 
     </span>
    </p>
   </div>
   <div class='ocr_carea' id='block_1_94' title="bbox 200 4739 1793 4812">
    <p class='ocr_par' dir='ltr' id='par_1_94' title="bbox 200 4739 1793 4812">
     <span class='ocr_line' id='line_1_94' title="bbox 200 4739 1793 4812; baseline 0.004 -20"><span class='ocrx_word' id='word_1_743' title='bbox 200 4747 355 4793; x_wconf 87' lang='lat' dir='ltr'><strong>esset</strong></span> <span class='ocrx_word' id='word_1_744' title='bbox 381 4739 618 4808; x_wconf 86' lang='lat' dir='ltr'><strong>accepit;</strong></span> <span class='ocrx_word' id='word_1_745' title='bbox 669 4739 764 4794; x_wconf 91' lang='lat' dir='ltr'><strong>sed</strong></span> <span class='ocrx_word' id='word_1_746' title='bbox 792 4741 1071 4796; x_wconf 90' lang='lat' dir='ltr'><strong>nuntiante</strong></span> <span class='ocrx_word' id='word_1_747' title='bbox 1119 4741 1329 4812; x_wconf 90' lang='lat' dir='ltr'><strong>angelo,</strong></span> <span class='ocrx_word' id='word_1_748' title='bbox 1378 4753 1434 4798; x_wconf 90' lang='lat' dir='ltr'><strong>et</strong></span> <span class='ocrx_word' id='word_1_749' title='bbox 1469 4741 1793 4798; x_wconf 83' lang='lat' dir='ltr'><strong>adveniente</strong></span> 
     </span>
    </p>
   </div>
   <div class='ocr_carea' id='block_1_95' title="bbox 200 4828 1789 4898">
    <p class='ocr_par' dir='ltr' id='par_1_95' title="bbox 200 4828 1789 4898">
     <span class='ocr_line' id='line_1_95' title="bbox 200 4828 1789 4898; baseline 0.002 -14"><span class='ocrx_word' id='word_1_750' title='bbox 200 4828 439 4898; x_wconf 89' lang='lat' dir='ltr'><strong>Spiritu,</strong></span> <span class='ocrx_word' id='word_1_751' title='bbox 470 4844 593 4884; x_wconf 80' lang='lat' dir='ltr'><strong>mox</strong></span> <span class='ocrx_word' id='word_1_752' title='bbox 629 4828 862 4884; x_wconf 89' lang='lat' dir='ltr'><strong>Verbum</strong></span> <span class='ocrx_word' id='word_1_753' title='bbox 894 4831 945 4884; x_wconf 91' lang='lat' dir='ltr'><strong>in</strong></span> <span class='ocrx_word' id='word_1_754' title='bbox 974 4839 1126 4886; x_wconf 90' lang='lat' dir='ltr'><strong>utero</strong></span> <span class='ocrx_word' id='word_1_755' title='bbox 1150 4870 1166 4896; x_wconf 92' lang='lat'><strong>,</strong></span> <span class='ocrx_word' id='word_1_756' title='bbox 1210 4847 1335 4887; x_wconf 80' lang='lat' dir='ltr'><strong>mox</strong></span> <span class='ocrx_word' id='word_1_757' title='bbox 1381 4834 1522 4887; x_wconf 83' lang='lat' dir='ltr'><strong>intra</strong></span> <span class='ocrx_word' id='word_1_758' title='bbox 1573 4842 1789 4887; x_wconf 82' lang='lat' dir='ltr'><strong>uterum</strong></span> 
     </span>
    </p>
   </div>
   <div class='ocr_carea' id='block_1_96' title="bbox 199 4920 1789 4991">
    <p class='ocr_par' dir='ltr' id='par_1_96' title="bbox 199 4920 1789 4991">
     <span class='ocr_line' id='line_1_96' title="bbox 199 4920 1789 4991; baseline 0 -16"><span class='ocrx_word' id='word_1_759' title='bbox 199 4920 445 4975; x_wconf 90' lang='lat' dir='ltr'><strong>Verbum</strong></span> <span class='ocrx_word' id='word_1_760' title='bbox 474 4934 623 4983; x_wconf 89' lang='lat' dir='ltr'><strong>caro,</strong></span> <span class='ocrx_word' id='word_1_761' title='bbox 662 4928 718 4974; x_wconf 91' lang='lat' dir='ltr'><strong>et</strong></span> <span class='ocrx_word' id='word_1_762' title='bbox 763 4931 1013 4976; x_wconf 87' lang='lat' dir='ltr'><strong>manente</strong></span> <span class='ocrx_word' id='word_1_763' title='bbox 1061 4922 1485 4991; x_wconf 84' lang='lat' dir='ltr'><strong>incommutabili</strong></span> <span class='ocrx_word' id='word_1_764' title='bbox 1530 4923 1789 4988; x_wconf 87' lang='lat' dir='ltr'><strong>essentia,</strong></span> 
     </span>
    </p>
   </div>
   <div class='ocr_carea' id='block_1_97' title="bbox 200 5010 1788 5083">
    <p class='ocr_par' dir='ltr' id='par_1_97' title="bbox 200 5010 1788 5083">
     <span class='ocr_line' id='line_1_97' title="bbox 200 5010 1788 5083; baseline -0.001 -17"><span class='ocrx_word' id='word_1_765' title='bbox 200 5026 329 5083; x_wconf 67' lang='lat' dir='ltr'><strong>quae</strong></span> <span class='ocrx_word' id='word_1_766' title='bbox 368 5011 418 5066; x_wconf 90' lang='lat' dir='ltr'><strong>ei</strong></span> <span class='ocrx_word' id='word_1_767' title='bbox 449 5026 570 5066; x_wconf 93' lang='lat' dir='ltr'><strong>cum</strong></span> <span class='ocrx_word' id='word_1_768' title='bbox 617 5010 777 5067; x_wconf 91' lang='lat' dir='ltr'><strong>Patre</strong></span> <span class='ocrx_word' id='word_1_769' title='bbox 815 5020 871 5065; x_wconf 92' lang='lat' dir='ltr'><strong>et</strong></span> <span class='ocrx_word' id='word_1_770' title='bbox 911 5027 1030 5066; x_wconf 88' lang='lat' dir='ltr'><strong>cum</strong></span> <span class='ocrx_word' id='word_1_771' title='bbox 1061 5021 1249 5066; x_wconf 91' lang='lat' dir='ltr'><strong>sancto</strong></span> <span class='ocrx_word' id='word_1_772' title='bbox 1288 5012 1493 5082; x_wconf 84' lang='lat' dir='ltr'><strong>Spiritu</strong></span> <span class='ocrx_word' id='word_1_773' title='bbox 1518 5019 1788 5067; x_wconf 56' lang='lat' dir='ltr'><strong>coaeterna</strong></span> 
     </span>
    </p>
   </div>
   <div class='ocr_carea' id='block_1_98' title="bbox 203 5096 1788 5171">
    <p class='ocr_par' dir='ltr' id='par_1_98' title="bbox 203 5096 1788 5171">
     <span class='ocr_line' id='line_1_98' title="bbox 203 5096 1788 5171; baseline -0.002 -16"><span class='ocrx_word' id='word_1_774' title='bbox 203 5108 315 5165; x_wconf 87' lang='lat' dir='ltr'><strong>est,</strong></span> <span class='ocrx_word' id='word_1_775' title='bbox 346 5100 637 5169; x_wconf 87' lang='lat' dir='ltr'><strong>assumpsit</strong></span> <span class='ocrx_word' id='word_1_776' title='bbox 666 5100 807 5154; x_wconf 91' lang='lat' dir='ltr'><strong>intra</strong></span> <span class='ocrx_word' id='word_1_777' title='bbox 850 5100 1089 5171; x_wconf 86' lang='lat' dir='ltr'><strong>Virginis</strong></span> <span class='ocrx_word' id='word_1_778' title='bbox 1136 5100 1364 5165; x_wconf 86' lang='lat' dir='ltr'><strong>viscera,</strong></span> <span class='ocrx_word' id='word_1_779' title='bbox 1415 5100 1556 5155; x_wconf 90' lang='lat' dir='ltr'><strong>unde</strong></span> <span class='ocrx_word' id='word_1_780' title='bbox 1589 5096 1649 5154; x_wconf 80' lang='lat' dir='ltr'><strong>et</strong></span> <span class='ocrx_word' id='word_1_781' title='bbox 1687 5099 1788 5153; x_wconf 84' lang='lat' dir='ltr'><strong>im-</strong></span> 
     </span>
    </p>
   </div>
   <div class='ocr_carea' id='block_1_99' title="bbox 199 5191 1788 5265">
    <p class='ocr_par' dir='ltr' id='par_1_99' title="bbox 199 5191 1788 5265">
     <span class='ocr_line' id='line_1_99' title="bbox 199 5191 1788 5265; baseline 0.001 -20"><span class='ocrx_word' id='word_1_782' title='bbox 199 5191 478 5265; x_wconf 85' lang='lat' dir='ltr'><strong>passibilis</strong></span> <span class='ocrx_word' id='word_1_783' title='bbox 511 5194 643 5263; x_wconf 90' lang='lat' dir='ltr'><strong>pati,</strong></span> <span class='ocrx_word' id='word_1_784' title='bbox 677 5200 733 5247; x_wconf 94' lang='lat' dir='ltr'><strong>et</strong></span> <span class='ocrx_word' id='word_1_785' title='bbox 759 5192 1076 5248; x_wconf 82' lang='lat' dir='ltr'><strong>immortalis</strong></span> <span class='ocrx_word' id='word_1_786' title='bbox 1119 5192 1284 5257; x_wconf 85' lang='lat' dir='ltr'><strong>mori,</strong></span> <span class='ocrx_word' id='word_1_787' title='bbox 1308 5201 1363 5245; x_wconf 89' lang='lat' dir='ltr'><strong>et</strong></span> <span class='ocrx_word' id='word_1_788' title='bbox 1397 5199 1788 5247; x_wconf 68' lang='lat' dir='ltr'><strong>aeternusante</strong></span> 
     </span>
    </p>
   </div>
   <div class='ocr_carea' id='block_1_100' title="bbox 201 5282 1783 5355">
    <p class='ocr_par' dir='ltr' id='par_1_100' title="bbox 201 5282 1783 5355">
     <span class='ocr_line' id='line_1_100' title="bbox 201 5282 1783 5355; baseline -0.002 -16"><span class='ocrx_word' id='word_1_789' title='bbox 201 5283 405 5339; x_wconf 72' lang='lat' dir='ltr'><strong>smcula</strong></span> <span class='ocrx_word' id='word_1_790' title='bbox 454 5284 766 5355; x_wconf 90' lang='lat' dir='ltr'><strong>temporalis</strong></span> <span class='ocrx_word' id='word_1_791' title='bbox 795 5292 975 5353; x_wconf 83' lang='lat' dir='ltr'><strong>posset</strong></span> <span class='ocrx_word' id='word_1_792' title='bbox 1003 5298 1122 5338; x_wconf 89' lang='lat' dir='ltr'><strong>esse</strong></span> <span class='ocrx_word' id='word_1_793' title='bbox 1169 5283 1221 5337; x_wconf 88' lang='lat' dir='ltr'><strong>in</strong></span> <span class='ocrx_word' id='word_1_794' title='bbox 1275 5282 1381 5337; x_wconf 88' lang='lat' dir='ltr'><strong>ﬁne</strong></span> <span class='ocrx_word' id='word_1_795' title='bbox 1418 5283 1783 5339; x_wconf 65' lang='lat' dir='ltr'><strong>saeculorum:</strong></span> 
     </span>
    </p>
   </div>
   <div class='ocr_carea' id='block_1_101' title="bbox 202 5372 1788 5445">
    <p class='ocr_par' dir='ltr' id='par_1_101' title="bbox 202 5372 1788 5445">
     <span class='ocr_line' id='line_1_101' title="bbox 202 5372 1788 5445; baseline -0.001 -15"><span class='ocrx_word' id='word_1_796' title='bbox 202 5381 271 5430; x_wconf 82' lang='lat' dir='ltr'><strong>ut</strong></span> <span class='ocrx_word' id='word_1_797' title='bbox 299 5388 397 5445; x_wconf 90' lang='lat' dir='ltr'><strong>per</strong></span> <span class='ocrx_word' id='word_1_798' title='bbox 426 5372 695 5429; x_wconf 83' lang='lat' dir='ltr'><strong>ineﬁ‘abile</strong></span> <span class='ocrx_word' id='word_1_799' title='bbox 736 5382 1152 5436; x_wconf 85' lang='lat' dir='ltr'><strong>sacramentum,</strong></span> <span class='ocrx_word' id='word_1_800' title='bbox 1188 5382 1449 5443; x_wconf 83' lang='lat' dir='ltr'><strong>conceptu</strong></span> <span class='ocrx_word' id='word_1_801' title='bbox 1494 5384 1703 5440; x_wconf 91' lang='lat' dir='ltr'><strong>sancto,</strong></span> <span class='ocrx_word' id='word_1_802' title='bbox 1732 5382 1788 5429; x_wconf 86' lang='lat' dir='ltr'><strong>et</strong></span> 
     </span>
    </p>
   </div>
   <div class='ocr_carea' id='block_1_102' title="bbox 202 5463 1787 5538">
    <p class='ocr_par' dir='ltr' id='par_1_102' title="bbox 202 5463 1787 5538">
     <span class='ocr_line' id='line_1_102' title="bbox 202 5463 1787 5538; baseline 0.003 -21"><span class='ocrx_word' id='word_1_803' title='bbox 202 5473 368 5538; x_wconf 85' lang='lat' dir='ltr'><strong>partu</strong></span> <span class='ocrx_word' id='word_1_804' title='bbox 393 5463 709 5529; x_wconf 89' lang='lat' dir='ltr'><strong>inviolabili,</strong></span> <span class='ocrx_word' id='word_1_805' title='bbox 736 5463 1027 5520; x_wconf 81' lang='lat' dir='ltr'><strong>secundum</strong></span> <span class='ocrx_word' id='word_1_806' title='bbox 1058 5463 1340 5518; x_wconf 88' lang='lat' dir='ltr'><strong>veritatem</strong></span> <span class='ocrx_word' id='word_1_807' title='bbox 1371 5465 1650 5534; x_wconf 89' lang='lat' dir='ltr'><strong>utriusque</strong></span> <span class='ocrx_word' id='word_1_808' title='bbox 1687 5481 1787 5521; x_wconf 89' lang='lat' dir='ltr'><strong>na-</strong></span> 
     </span>
    </p>
   </div>
   <div class='ocr_carea' id='block_1_103' title="bbox 203 5553 1786 5625">
    <p class='ocr_par' dir='ltr' id='par_1_103' title="bbox 203 5553 1786 5625">
     <span class='ocr_line' id='line_1_103' title="bbox 203 5553 1786 5625; baseline -0.001 -14"><span class='ocrx_word' id='word_1_809' title='bbox 203 5565 347 5612; x_wconf 69' lang='lat' dir='ltr'><strong>tura:</strong></span> <span class='ocrx_word' id='word_1_810' title='bbox 390 5555 577 5610; x_wconf 89' lang='lat' dir='ltr'><strong>eadem</strong></span> <span class='ocrx_word' id='word_1_811' title='bbox 626 5553 810 5625; x_wconf 81' lang='lat' dir='ltr'><strong>Virgo,</strong></span> <span class='ocrx_word' id='word_1_812' title='bbox 857 5563 919 5610; x_wconf 93' lang='lat' dir='ltr'><strong>ut</strong></span> <span class='ocrx_word' id='word_1_813' title='bbox 961 5553 1218 5621; x_wconf 80' lang='lat' dir='ltr'><strong>diximus,</strong></span> <span class='ocrx_word' id='word_1_814' title='bbox 1257 5563 1314 5610; x_wconf 93' lang='lat' dir='ltr'><strong>et</strong></span> <span class='ocrx_word' id='word_1_815' title='bbox 1358 5555 1550 5609; x_wconf 89' lang='lat' dir='ltr'><strong>ancilla</strong></span> <span class='ocrx_word' id='word_1_816' title='bbox 1578 5555 1786 5611; x_wconf 89' lang='lat' dir='ltr'><strong>Domini</strong></span> 
     </span>
    </p>
   </div>
   <div class='ocr_carea' id='block_1_104' title="bbox 202 5641 1777 5715">
    <p class='ocr_par' dir='ltr' id='par_1_104' title="bbox 202 5641 1777 5715">
     <span class='ocr_line' id='line_1_104' title="bbox 202 5641 1777 5715; baseline -0.001 -16"><span class='ocrx_word' id='word_1_817' title='bbox 202 5651 357 5699; x_wconf 85' lang='lat' dir='ltr'><strong>esset</strong></span> <span class='ocrx_word' id='word_1_818' title='bbox 382 5651 438 5699; x_wconf 91' lang='lat' dir='ltr'><strong>et</strong></span> <span class='ocrx_word' id='word_1_819' title='bbox 471 5652 664 5698; x_wconf 88' lang='lat' dir='ltr'><strong>mater.</strong></span> <span class='ocrx_word' id='word_1_820' title='bbox 707 5641 799 5699; x_wconf 86' lang='lat' dir='ltr'><strong>Sic</strong></span> <span class='ocrx_word' id='word_1_821' title='bbox 821 5644 1016 5715; x_wconf 89' lang='lat' dir='ltr'><strong>quippe</strong></span> <span class='ocrx_word' id='word_1_822' title='bbox 1047 5642 1097 5699; x_wconf 91' lang='lat' dir='ltr'><strong>ei</strong></span> <span class='ocrx_word' id='word_1_823' title='bbox 1125 5644 1194 5699; x_wconf 91' lang='lat' dir='ltr'><strong>ab</strong></span> <span class='ocrx_word' id='word_1_824' title='bbox 1232 5642 1509 5699; x_wconf 90' lang='lat' dir='ltr'><strong>Elisabeth</strong></span> <span class='ocrx_word' id='word_1_825' title='bbox 1540 5644 1777 5700; x_wconf 87' lang='lat' dir='ltr'><strong>dicitur:</strong></span> 
     </span>
    </p>
   </div>
   <div class='ocr_carea' id='block_1_105' title="bbox 208 5732 1789 5814">
    <p class='ocr_par' dir='ltr' id='par_1_105' title="bbox 208 5732 1789 5814">
     <span class='ocr_line' id='line_1_105' title="bbox 208 5732 1789 5814; baseline 0.002 -24"><span class='ocrx_word' id='word_1_826' title='bbox 208 5732 363 5790; x_wconf 81' lang='lat' dir='ltr'><strong>Unde</strong></span> <span class='ocrx_word' id='word_1_827' title='bbox 392 5735 489 5790; x_wconf 79' lang='lat' dir='ltr'><strong>hac</strong></span> <span class='ocrx_word' id='word_1_828' title='bbox 519 5735 663 5801; x_wconf 80' lang='lat' dir='ltr'><strong>mihi,</strong></span> <span class='ocrx_word' id='word_1_829' title='bbox 696 5745 751 5789; x_wconf 81' lang='lat' dir='ltr'><strong>ut</strong></span> <span class='ocrx_word' id='word_1_830' title='bbox 777 5737 941 5791; x_wconf 79' lang='lat' dir='ltr'><strong>veniat</strong></span> <span class='ocrx_word' id='word_1_831' title='bbox 976 5745 1141 5791; x_wconf 78' lang='lat' dir='ltr'><strong>muter</strong></span> <span class='ocrx_word' id='word_1_832' title='bbox 1161 5735 1375 5814; x_wconf 75' lang='lat' dir='ltr'><strong>Domini</strong></span> <span class='ocrx_word' id='word_1_833' title='bbox 1404 5737 1503 5791; x_wconf 84' lang='lat' dir='ltr'><strong>mei</strong></span> <span class='ocrx_word' id='word_1_834' title='bbox 1549 5738 1616 5792; x_wconf 86' lang='lat' dir='ltr'><strong>ad</strong></span> <span class='ocrx_word' id='word_1_835' title='bbox 1665 5738 1789 5793; x_wconf 84' lang='lat' dir='ltr'><strong>me?</strong></span> 
     </span>
    </p>
   </div>
   <div class='ocr_carea' id='block_1_106' title="bbox 1890 4583 3475 4654">
    <p class='ocr_par' dir='ltr' id='par_1_106' title="bbox 1890 4583 3475 4654">
     <span class='ocr_line' id='line_1_106' title="bbox 1890 4583 3475 4654; baseline -0.001 -14"><span class='ocrx_word' id='word_1_836' title='bbox 1890 4586 2024 4642; x_wconf 92' lang='lat' dir='ltr'><strong>dens</strong></span> <span class='ocrx_word' id='word_1_837' title='bbox 2052 4585 2368 4641; x_wconf 83' lang='lat' dir='ltr'><strong>discreverit</strong></span> <span class='ocrx_word' id='word_1_838' title='bbox 2393 4586 2610 4640; x_wconf 84' lang='lat' dir='ltr'><strong>causam</strong></span> <span class='ocrx_word' id='word_1_839' title='bbox 2647 4598 2821 4649; x_wconf 88' lang='lat' dir='ltr'><strong>suam,</strong></span> <span class='ocrx_word' id='word_1_840' title='bbox 2864 4584 3006 4639; x_wconf 90' lang='lat' dir='ltr'><strong>unde</strong></span> <span class='ocrx_word' id='word_1_841' title='bbox 3031 4583 3371 4654; x_wconf 90' lang='lat' dir='ltr'><strong>dispensatur</strong></span> <span class='ocrx_word' id='word_1_842' title='bbox 3392 4583 3475 4639; x_wconf 90' lang='lat' dir='ltr'><strong>vi-</strong></span> 
     </span>
    </p>
   </div>
   <div class='ocr_carea' id='block_1_107' title="bbox 1891 4666 3484 4746">
    <p class='ocr_par' dir='ltr' id='par_1_107' title="bbox 1891 4666 3484 4746">
     <span class='ocr_line' id='line_1_107' title="bbox 1891 4666 3484 4746; baseline -0.003 -14"><span class='ocrx_word' id='word_1_843' title='bbox 1891 4674 2053 4732; x_wconf 91' lang='lat' dir='ltr'><strong>ctima</strong></span> <span class='ocrx_word' id='word_1_844' title='bbox 2078 4676 2361 4740; x_wconf 87' lang='lat' dir='ltr'><strong>salutaris,</strong></span> <span class='ocrx_word' id='word_1_845' title='bbox 2392 4690 2497 4746; x_wconf 89' lang='lat' dir='ltr'><strong>qua</strong></span> <span class='ocrx_word' id='word_1_846' title='bbox 2523 4675 2754 4730; x_wconf 85' lang='lat' dir='ltr'><strong>deletum</strong></span> <span class='ocrx_word' id='word_1_847' title='bbox 2781 4683 2864 4728; x_wconf 90' lang='lat' dir='ltr'><strong>est</strong></span> <span class='ocrx_word' id='word_1_848' title='bbox 2887 4672 3084 4729; x_wconf 79' lang='lat' dir='ltr'><strong>debita:</strong></span> <span class='ocrx_word' id='word_1_849' title='bbox 3113 4666 3484 4730; x_wconf 70' lang='lat' dir='ltr'><strong>damnationis</strong></span> 
     </span>
    </p>
   </div>
   <div class='ocr_carea' id='block_1_108' title="bbox 1892 4762 3476 4837">
    <p class='ocr_par' dir='ltr' id='par_1_108' title="bbox 1892 4762 3476 4837">
     <span class='ocr_line' id='line_1_108' title="bbox 1892 4762 3476 4837; baseline -0.004 -10"><span class='ocrx_word' id='word_1_850' title='bbox 1892 4783 1957 4827; x_wconf 86' lang='lat' dir='ltr'><strong>ae</strong></span> <span class='ocrx_word' id='word_1_851' title='bbox 2004 4766 2396 4826; x_wconf 84' lang='lat' dir='ltr'><strong>tnaledictionis</strong></span> <span class='ocrx_word' id='word_1_852' title='bbox 2449 4776 2647 4822; x_wconf 66' lang='lat' dir='ltr'><strong>nostra:</strong></span> <span class='ocrx_word' id='word_1_853' title='bbox 2693 4766 3111 4837; x_wconf 85' lang='lat' dir='ltr'><strong>chirographum</strong></span> <span class='ocrx_word' id='word_1_854' title='bbox 3168 4766 3310 4836; x_wconf 87' lang='lat' dir='ltr'><strong>quod</strong></span> <span class='ocrx_word' id='word_1_855' title='bbox 3346 4762 3476 4821; x_wconf 89' lang='lat' dir='ltr'><strong>erat</strong></span> 
     </span>
    </p>
   </div>
   <div class='ocr_carea' id='block_1_109' title="bbox 1891 4858 3474 4929">
    <p class='ocr_par' dir='ltr' id='par_1_109' title="bbox 1891 4858 3474 4929">
     <span class='ocr_line' id='line_1_109' title="bbox 1891 4858 3474 4929; baseline -0.001 -13"><span class='ocrx_word' id='word_1_856' title='bbox 1891 4860 2225 4917; x_wconf 86' lang='lat' dir='ltr'><strong>contrarium</strong></span> <span class='ocrx_word' id='word_1_857' title='bbox 2257 4859 2431 4921; x_wconf 75' lang='lat' dir='ltr'><strong>nobis,</strong></span> <span class='ocrx_word' id='word_1_858' title='bbox 2461 4866 2517 4914; x_wconf 93' lang='lat' dir='ltr'><strong>et</strong></span> <span class='ocrx_word' id='word_1_859' title='bbox 2546 4859 2908 4928; x_wconf 82' lang='lat' dir='ltr'><strong>triumphatos</strong></span> <span class='ocrx_word' id='word_1_860' title='bbox 2932 4866 3014 4914; x_wconf 86' lang='lat' dir='ltr'><strong>est</strong></span> <span class='ocrx_word' id='word_1_861' title='bbox 3046 4858 3218 4914; x_wconf 89' lang='lat' dir='ltr'><strong>hostis</strong></span> <span class='ocrx_word' id='word_1_862' title='bbox 3247 4873 3474 4929; x_wconf 85' lang='lat' dir='ltr'><strong>compu-</strong></span> 
     </span>
    </p>
   </div>
   <div class='ocr_carea' id='block_1_110' title="bbox 1894 4945 3477 5025">
    <p class='ocr_par' dir='ltr' id='par_1_110' title="bbox 1894 4945 3477 5025">
     <span class='ocr_line' id='line_1_110' title="bbox 1894 4945 3477 5025; baseline -0.001 -22"><span class='ocrx_word' id='word_1_863' title='bbox 1894 4959 2017 5004; x_wconf 89' lang='lat' dir='ltr'><strong>tans</strong></span> <span class='ocrx_word' id='word_1_864' title='bbox 2060 4958 2243 5007; x_wconf 81' lang='lat' dir='ltr'><strong>nostra</strong></span> <span class='ocrx_word' id='word_1_865' title='bbox 2273 4960 2515 5018; x_wconf 88' lang='lat' dir='ltr'><strong>peccata,</strong></span> <span class='ocrx_word' id='word_1_866' title='bbox 2565 4958 2620 5003; x_wconf 91' lang='lat' dir='ltr'><strong>et</strong></span> <span class='ocrx_word' id='word_1_867' title='bbox 2657 4962 2904 5018; x_wconf 77' lang='lat' dir='ltr'><strong>quaerens</strong></span> <span class='ocrx_word' id='word_1_868' title='bbox 2946 4945 3074 5025; x_wconf 76' lang='lat' dir='ltr'><strong>quid</strong></span> <span class='ocrx_word' id='word_1_869' title='bbox 3119 4945 3362 5017; x_wconf 77' lang='lat' dir='ltr'><strong>objiciet,</strong></span> <span class='ocrx_word' id='word_1_870' title='bbox 3419 4952 3477 5001; x_wconf 74' lang='lat' dir='ltr'><strong>et</strong></span> 
     </span>
    </p>
   </div>
   <div class='ocr_carea' id='block_1_111' title="bbox 1894 5028 3473 5111">
    <p class='ocr_par' dir='ltr' id='par_1_111' title="bbox 1894 5028 3473 5111">
     <span class='ocr_line' id='line_1_111' title="bbox 1894 5028 3473 5111; baseline -0.003 -18"><span class='ocrx_word' id='word_1_871' title='bbox 1894 5038 2029 5095; x_wconf 90' lang='lat' dir='ltr'><strong>nihil</strong></span> <span class='ocrx_word' id='word_1_872' title='bbox 2065 5038 2344 5092; x_wconf 84' lang='lat' dir='ltr'><strong>inveniens</strong></span> <span class='ocrx_word' id='word_1_873' title='bbox 2373 5038 2427 5092; x_wconf 92' lang='lat' dir='ltr'><strong>in</strong></span> <span class='ocrx_word' id='word_1_874' title='bbox 2455 5037 2545 5092; x_wconf 93' lang='lat' dir='ltr'><strong>illo</strong></span> <span class='ocrx_word' id='word_1_875' title='bbox 2570 5037 2621 5092; x_wconf 92' lang='lat' dir='ltr'><strong>in</strong></span> <span class='ocrx_word' id='word_1_876' title='bbox 2650 5052 2758 5111; x_wconf 79' lang='lat' dir='ltr'><strong>quo</strong></span> <span class='ocrx_word' id='word_1_877' title='bbox 2785 5028 3072 5101; x_wconf 84' lang='lat' dir='ltr'><strong>vincimus,</strong></span> <span class='ocrx_word' id='word_1_878' title='bbox 3112 5034 3395 5091; x_wconf 89' lang='lat' dir='ltr'><strong>credentes</strong></span> <span class='ocrx_word' id='word_1_879' title='bbox 3420 5034 3473 5089; x_wconf 91' lang='lat' dir='ltr'><strong>in</strong></span> 
     </span>
    </p>
   </div>
   <div class='ocr_carea' id='block_1_112' title="bbox 1894 5124 3476 5199">
    <p class='ocr_par' dir='ltr' id='par_1_112' title="bbox 1894 5124 3476 5199">
     <span class='ocr_line' id='line_1_112' title="bbox 1894 5124 3476 5199; baseline -0.004 -15"><span class='ocrx_word' id='word_1_880' title='bbox 1894 5144 2018 5184; x_wconf 91' lang='lat' dir='ltr'><strong>eum</strong></span> <span class='ocrx_word' id='word_1_881' title='bbox 2052 5128 2144 5198; x_wconf 87' lang='lat' dir='ltr'><strong>qui</strong></span> <span class='ocrx_word' id='word_1_882' title='bbox 2175 5143 2274 5199; x_wconf 83' lang='lat' dir='ltr'><strong>pro</strong></span> <span class='ocrx_word' id='word_1_883' title='bbox 2315 5127 2469 5183; x_wconf 89' lang='lat' dir='ltr'><strong>nobis</strong></span> <span class='ocrx_word' id='word_1_884' title='bbox 2506 5127 2840 5183; x_wconf 88' lang='lat' dir='ltr'><strong>debitoribus</strong></span> <span class='ocrx_word' id='word_1_885' title='bbox 2869 5125 3082 5190; x_wconf 85' lang='lat' dir='ltr'><strong>mortis,</strong></span> <span class='ocrx_word' id='word_1_886' title='bbox 3112 5124 3302 5180; x_wconf 91' lang='lat' dir='ltr'><strong>mortis</strong></span> <span class='ocrx_word' id='word_1_887' title='bbox 3325 5124 3476 5180; x_wconf 84' lang='lat' dir='ltr'><strong>debi-</strong></span> 
     </span>
    </p>
   </div>
   <div class='ocr_carea' id='block_1_113' title="bbox 1896 5213 3477 5288">
    <p class='ocr_par' dir='ltr' id='par_1_113' title="bbox 1896 5213 3477 5288">
     <span class='ocr_line' id='line_1_113' title="bbox 1896 5213 3477 5288; baseline -0.003 -13"><span class='ocrx_word' id='word_1_888' title='bbox 1896 5228 2009 5275; x_wconf 90' lang='lat' dir='ltr'><strong>tum</strong></span> <span class='ocrx_word' id='word_1_889' title='bbox 2055 5219 2204 5288; x_wconf 82' lang='lat' dir='ltr'><strong>quod</strong></span> <span class='ocrx_word' id='word_1_890' title='bbox 2234 5234 2339 5274; x_wconf 88' lang='lat' dir='ltr'><strong>non</strong></span> <span class='ocrx_word' id='word_1_891' title='bbox 2384 5217 2614 5274; x_wconf 88' lang='lat' dir='ltr'><strong>debebat</strong></span> <span class='ocrx_word' id='word_1_892' title='bbox 2639 5217 2887 5282; x_wconf 80' lang='lat' dir='ltr'><strong>exsolvit,</strong></span> <span class='ocrx_word' id='word_1_893' title='bbox 2917 5215 3136 5272; x_wconf 78' lang='lat' dir='ltr'><strong>solvens</strong></span> <span class='ocrx_word' id='word_1_894' title='bbox 3162 5213 3477 5270; x_wconf 88' lang='lat' dir='ltr'><strong>inimicitias</strong></span> 
     </span>
    </p>
   </div>
   <div class='ocr_carea' id='block_1_114' title="bbox 1895 5304 3476 5382">
    <p class='ocr_par' dir='ltr' id='par_1_114' title="bbox 1895 5304 3476 5382">
     <span class='ocr_line' id='line_1_114' title="bbox 1895 5304 3476 5382; baseline -0.003 -19"><span class='ocrx_word' id='word_1_895' title='bbox 1895 5326 2032 5382; x_wconf 89' lang='lat' dir='ltr'><strong>quas</strong></span> <span class='ocrx_word' id='word_1_896' title='bbox 2057 5309 2328 5380; x_wconf 85' lang='lat' dir='ltr'><strong>peccando</strong></span> <span class='ocrx_word' id='word_1_897' title='bbox 2350 5308 2718 5365; x_wconf 81' lang='lat' dir='ltr'><strong>contraximus</strong></span> <span class='ocrx_word' id='word_1_898' title='bbox 2741 5307 2797 5361; x_wconf 93' lang='lat' dir='ltr'><strong>in</strong></span> <span class='ocrx_word' id='word_1_899' title='bbox 2825 5320 2995 5361; x_wconf 83' lang='lat' dir='ltr'><strong>carne</strong></span> <span class='ocrx_word' id='word_1_900' title='bbox 3021 5320 3141 5372; x_wconf 89' lang='lat' dir='ltr'><strong>sua,</strong></span> <span class='ocrx_word' id='word_1_901' title='bbox 3166 5304 3353 5360; x_wconf 78' lang='lat' dir='ltr'><strong>bonus</strong></span> <span class='ocrx_word' id='word_1_902' title='bbox 3382 5319 3476 5375; x_wconf 86' lang='lat' dir='ltr'><strong>pa-</strong></span> 
     </span>
    </p>
   </div>
   <div class='ocr_carea' id='block_1_115' title="bbox 1892 5393 3474 5470">
    <p class='ocr_par' dir='ltr' id='par_1_115' title="bbox 1892 5393 3474 5470">
     <span class='ocr_line' id='line_1_115' title="bbox 1892 5393 3474 5470; baseline -0.006 -13"><span class='ocrx_word' id='word_1_903' title='bbox 1892 5410 2008 5458; x_wconf 91' lang='lat' dir='ltr'><strong>stor</strong></span> <span class='ocrx_word' id='word_1_904' title='bbox 2051 5401 2288 5455; x_wconf 89' lang='lat' dir='ltr'><strong>animam</strong></span> <span class='ocrx_word' id='word_1_905' title='bbox 2323 5415 2476 5455; x_wconf 90' lang='lat' dir='ltr'><strong>suam</strong></span> <span class='ocrx_word' id='word_1_906' title='bbox 2518 5412 2726 5470; x_wconf 90' lang='lat' dir='ltr'><strong>ponens</strong></span> <span class='ocrx_word' id='word_1_907' title='bbox 2763 5412 2863 5468; x_wconf 92' lang='lat' dir='ltr'><strong>pro</strong></span> <span class='ocrx_word' id='word_1_908' title='bbox 2911 5395 3102 5452; x_wconf 83' lang='lat' dir='ltr'><strong>ovibus</strong></span> <span class='ocrx_word' id='word_1_909' title='bbox 3144 5395 3276 5463; x_wconf 91' lang='lat' dir='ltr'><strong>suis,</strong></span> <span class='ocrx_word' id='word_1_910' title='bbox 3317 5403 3375 5449; x_wconf 92' lang='lat' dir='ltr'><strong>ut</strong></span> <span class='ocrx_word' id='word_1_911' title='bbox 3418 5393 3474 5449; x_wconf 94' lang='lat' dir='ltr'><strong>in</strong></span> 
     </span>
    </p>
   </div>
   <div class='ocr_carea' id='block_1_116' title="bbox 1892 5487 3475 5559">
    <p class='ocr_par' dir='ltr' id='par_1_116' title="bbox 1892 5487 3475 5559">
     <span class='ocr_line' id='line_1_116' title="bbox 1892 5487 3475 5559; baseline -0.006 -11"><span class='ocrx_word' id='word_1_912' title='bbox 1892 5499 2233 5549; x_wconf 87' lang='lat' dir='ltr'><strong>sacramento</strong></span> <span class='ocrx_word' id='word_1_913' title='bbox 2262 5498 2449 5545; x_wconf 76' lang='lat' dir='ltr'><strong>DOSU‘O</strong></span> <span class='ocrx_word' id='word_1_914' title='bbox 2490 5503 2688 5559; x_wconf 83' lang='lat' dir='ltr'><strong>corpus</strong></span> <span class='ocrx_word' id='word_1_915' title='bbox 2715 5497 2770 5544; x_wconf 77' lang='grc' dir='ltr'><strong>θῑ</strong></span> <span class='ocrx_word' id='word_1_916' title='bbox 2796 5487 3108 5559; x_wconf 89' lang='lat' dir='ltr'><strong>sanguinem</strong></span> <span class='ocrx_word' id='word_1_917' title='bbox 3152 5501 3309 5542; x_wconf 90' lang='lat' dir='ltr'><strong>suum</strong></span> <span class='ocrx_word' id='word_1_918' title='bbox 3352 5500 3475 5540; x_wconf 86' lang='lat' dir='ltr'><strong>ver-</strong></span> 
     </span>
    </p>
   </div>
   <div class='ocr_carea' id='block_1_117' title="bbox 1890 5574 3473 5649">
    <p class='ocr_par' dir='ltr' id='par_1_117' title="bbox 1890 5574 3473 5649">
     <span class='ocr_line' id='line_1_117' title="bbox 1890 5574 3473 5649; baseline -0.003 -13"><span class='ocrx_word' id='word_1_919' title='bbox 1890 5589 2053 5648; x_wconf 89' lang='lat' dir='ltr'><strong>teret,</strong></span> <span class='ocrx_word' id='word_1_920' title='bbox 2100 5587 2154 5635; x_wconf 88' lang='lat' dir='ltr'><strong>et</strong></span> <span class='ocrx_word' id='word_1_921' title='bbox 2196 5594 2324 5636; x_wconf 83' lang='lat' dir='ltr'><strong>oves</strong></span> <span class='ocrx_word' id='word_1_922' title='bbox 2364 5593 2498 5649; x_wconf 87' lang='lat' dir='ltr'><strong>quas</strong></span> <span class='ocrx_word' id='word_1_923' title='bbox 2535 5577 2837 5634; x_wconf 81' lang='lat' dir='ltr'><strong>redemerat</strong></span> <span class='ocrx_word' id='word_1_924' title='bbox 2870 5577 3050 5633; x_wconf 91' lang='lat' dir='ltr'><strong>carnis</strong></span> <span class='ocrx_word' id='word_1_925' title='bbox 3077 5592 3188 5633; x_wconf 61' lang='lat' dir='ltr'><strong>suae</strong></span> <span class='ocrx_word' id='word_1_926' title='bbox 3217 5574 3473 5632; x_wconf 84' lang='lat' dir='ltr'><strong>alimento</strong></span> 
     </span>
    </p>
   </div>
   <div class='ocr_carea' id='block_1_118' title="bbox 1894 5672 2135 5729">
    <p class='ocr_par' dir='ltr' id='par_1_118' title="bbox 1894 5672 2135 5729">
     <span class='ocr_line' id='line_1_118' title="bbox 1894 5672 2135 5729; baseline -0.012 -1"><span class='ocrx_word' id='word_1_927' title='bbox 1894 5672 2135 5729; x_wconf 87' lang='lat' dir='ltr'><strong>satiaret.</strong></span> 
     </span>
    </p>
   </div>
  </div>
