4006 6338
605 382 712 441 (iis

1210 481 1436 541 CAPUT
1485 479 1580 536 IX.

611 647 767 716 Quod
793 644 1033 702 Christus
1055 655 1152 716 pro
1177 637 1322 716 nobis
1350 636 1406 689 in
1433 627 1854 716 altariﬁquotidic
1873 621 2198 716 immolat‘ur,

680 694 1407 783 cuius'pariicipationem
1432 719 1549 760 cum
1573 694 1680 772 [ide
1700 709 1748 756 et
1778 701 1925 754 bonis
1957 694 2198 767 operibus

682 785 1038 846 accedendum
1061 790 1159 836 est.

679 939 780 1007 Qui
809 935 1024 1007 quando
1064 933 1182 988 haec
1220 933 1567 985 sacrosancta
1598 923 1854 997 mysteria
1877 917 2201 976 celebranda

612 1031 888 1102 discipulis
933 1028 1047 1082 suis
1095 1023 1336 1086 tradidit,
1385 1022 1526 1076 inter
1573 1027 1768 1074 czetera
1816 1015 1992 1072 dixit:
2027 1009 2202 1066 Filius

609 1101 834 1180 hominis
860 1117 1146 1176 secundum
1176 1115 1314 1186 quod
1341 1113 1614 1180 deﬁnitum
1659 1119 1733 1163 est
1769 1107 1926 1162 vadit.
1981 1101 2200 1157 Verum-

617 1228 791 1272 tamen
813 1230 889 1269 ea:
913 1211 992 1266 illi
1019 1208 1218 1264 homini
1253 1221 1346 1276 per
1381 1201 1813 1274 quem-tradetur
1835 1199 1855 1252 !
1879 1196 2031 1270 (Luc.
2063 1209 2200 1258 xxn,

611 1305 727 1376 22.)
763 1303 870 1359 Sed
905 1309 962 1355 et
979 1298 1146 1354 hodie
1175 1303 1228 1351 et
1261 1295 1316 1349 in
1350 1293 1736 1364 sempiternum
1768 1306 1849 1342 vae
1875 1287 1948 1342 illi
1974 1284 2200 1348 homini,

613 1374 717 1467 qui
741 1394 806 1450 ad
833 1405 1076 1448 mensam
1100 1387 1314 1444 Domini
1342 1385 1610 1454 malignus
1643 1381 1885 1446 accedit;
1935 1374 2028 1449 qui
2073 1377 2205 1432 iusi-

612 1488 719 1540 iliis
759 1491 941 1539 incute
985 1479 1238 1542 conditis,
1289 1477 1378 1548 qui
1426 1473 1740 1546 pnecordiis
1770 1471 1952 1541 aliquo
1999 1468 2205 1524 scelere

617 1577 873 1648 pollutus,
933 1570 1314 1645 mysteriorum
1361 1565 1563 1624 Christi
1605 1563 1831 1620 secretis
1877 1560 2206 1631 participare

613 1684 723 1724 non
767 1665 981 1721 metuit.
1045 1659 1258 1725 Etenim
1289 1658 1376 1714 ille
1401 1659 1455 1712 in
1485 1653 1791 1724 exemplum
1830 1649 1980 1706 Judre
2036 1649 2203 1704 ﬁlium

614 1758 854 1816 hominis
902 1754 1106 1818 tradit,
1143 1768 1248 1806 non
1293 1749 1508 1820 quidem
1551 1745 1751 1802 Judreis
1795 1741 2202 1814 peccatoribus,

1418 359 1754 422 HlNCMAllI
1789 356 2008 415 RHEM.
2055 347 2380 410 ARCIIIEP.
2425 344 2795 404 OPUSCULA
2833 341 3064 400 VARIA.
3714 345 3790 401 916

2224 470 2278 532 Α
2303 474 2356 524 et
2385 465 2669 539 occiditur,
2708 463 2803 521 sed
2831 459 3071 518 ﬁdelium
3111 473 3205 516 ore
3243 473 3398 514 suam
3433 459 3635 516 sumitur
3661 462 3703 518 in
3729 482 3791 520 sa-

2302 559 2491 616 lutem.
2517 547 2540 578 ⁵

2374 653 2541 724 Cujus
2562 659 2711 706 recte
2737 649 2965 721 ﬁguram
2991 663 3162 718 agnus
3187 647 3242 702 in
3271 645 3389 716 lege
3412 647 3652 718 paschalis
3668 660 3796 707 oste:-

2302 747 2411 812 dit,
2460 745 2553 816 qui
2594 744 2762 800 semel
2803 742 3055 814 populum
3083 742 3150 798 de
3178 739 3437 812 Egyptia
3461 742 3684 798 servitute
3702 745 3796 801 libe-

2301 854 2451 905 rans,
2483 838 2538 894 in
2577 836 2896 893 memoriam
2934 833 3176 905 ejusdem
3215 831 3541 888 liberatiouis
3561 845 3646 901 per
3663 848 3797 890 omnes

2303 947 2478 988 annos
2520 927 2890 987 immolatione
2933 940 3032 980 sua
3065 925 3315 978 eumdem
3353 922 3590 993 populum
3624 927 3798 978 sanctiﬁ-

2305 1040 2432 1080 care
2478 1021 2705 1085 solebat,
2756 1022 2930 1076 donec
2973 1018 3090 1086 ipse
3131 1014 3368 1079 veniret,
3414 1012 3494 1067 cui
3539 1011 3642 1066 talis
3676 1013 3797 1068 hostia

2307 1116 2672 1175 testimonium
2710 1115 2894 1180 dabat,
2942 1110 3263 1180 oblatusque
3309 1107 3583 1176 Patri'pro
3615 1107 3737 1161 nobis
3762 1109 3798 1161 io

2302 1211 2535 1267 hostiam
2564 1211 2894 1276 odoremque
2923 1203 3230 1267 suavitatis,
3281 1201 3583 1274 mysterium
3607 1216 3695 1256 suae
3717 1217 3800 1270 pas-

2306 1304 2473 1358 sionis
2498 1301 2682 1358 oblato
2709 1315 2848 1368 agno
2875 1299 2926 1352 in
2955 1305 3266 1352 creaturam
3297 1293 3453 1364 panis
3477 1293 3668 1362 vinique
3683 1302 3800 1346 trans-

2304 1394 2505 1458 ferret,
2537 1390 2792 1446 sacerdos
2815 1388 2988 1442 factus
3023 1387 3075 1440 in
3117 1395 3380 1439 aeternum
3415 1381 3678 1437 secundum
3703 1380 3801 1434 ordi-

2292 1501 2428 1541 nem
2456 1480 2868 1538 Melchisedech.
2895 1479 2962 1534 Et
2991 1477 3130 1531 sicut
3160 1475 3263 1540 illi,
3287 1473 3381 1544 qui
3407 1472 3562 1528 etiam
3588 1480 3799 1540 postquam

2305 1577 2483 1633 educti
2523 1585 2648 1631 sunt
2683 1575 2736 1629 in
2779 1572 3042 1643 sanguine
3079 1569 3206 1641 agni
3251 1569 3320 1623 de
3362 1575 3499 1622 terra
3541 1563 3738 1635 Egypti,
3766 1573 3800 1618 et

2305 1669 2564 1740 baptizati
2589 1675 2713 1722 sunt
2745 1665 2796 1719 in
2823 1664 2966 1718 nube
2991 1672 3044 1718 ct
3070 1663 3122 1716 in
3147 1659 3308 1724 mari,
3332 1655 3645 1729 exigentibus
3663 1655 3796 1724 culpis,

2307 1761 2638 1832 serpentium
2667 1759 2936 1814 morsibus
2963 1753 3371 1815 sternebantur,
3405 1761 3460 1804 ut
3487 1765 3548 1805 ex
3575 1748 3724 1803 ordine
3739 1745 3799 1800 lla-

611 1854 705 1910 sed
733 1861 912 1908 tamen
940 1848 1340 1920 peccatoribus,
1372 1843 1631 1898 membris
1661 1839 1870 1896 scilicet
1913 1837 2049 1901 suis,
2087 1835 2204 1905 qui-
2234 1839 2280 1899 1;
2309 1855 2432 1928 gem
2477 1853 2767 1910 exterioris
2813 1856 3171 1920 agnoscerem
3211 1854 3464 1916 quantum
3511 1843 3637 1897 intus
3672 1840 3799 1911 per";

608 1947 714 2002 bus
743 1944 870 2000 illud
913 1939 1292 1998 inaestimabile
1317 1945 1372 1992 et
1397 1933 1709 1992 inviolabile
1748 1929 1962 1987 Domini
2001 1943 2200 1998 corpus

607 2039 813 2094 violare
848 2033 1145 2108 praesumit.
1203 2031 1293 2088 Ille
1335 2029 1621 2084 Dominum
1669 2025 1885 2089 vendit,
1933 2023 2026 2094 qui
2081 2011 2201 2090 ejus

611 2144 798 2184 amore
828 2143 892 2183 ac
919 2128 1115 2182 timore
1157 2123 1418 2192 neglecto,
1467 2130 1683 2176 terrena
1718 2125 1774 2174 et
1812 2115 2042 2178 caduca,
2090 2113 2200 2167 imo

612 2222 775 2276 etiam
813 2219 1126 2281 criminosa,
1157 2215 1278 2286 plus
1306 2227 1491 2268 amare
1531 2219 1586 2266 et
1615 2221 1811 2265 curare
1839 2204 2198 2262 convincitur.

606 2316 724 2380 Vae,
753 2315 994 2382 inquam,
1023 2309 1098 2365 illi
1130 2307 1358 2372 homini,
1399 2307 1465 2360 de
1499 2319 1606 2374 quo
1637 2302 1792 2358 Jesus
1815 2341 1832 2366 ,
1877 2298 1968 2369 qui
2009 2295 2203 2352 altari-

603 2408 718 2463 bus
751 2401 1112 2460 sacrosanctis
1156 2400 1298 2454 inter
1341 2395 1750 2458 immolandum,
1785 2400 1971 2462 utpote
2006 2401 2202 2460 propo-

603 2500 712 2558 sita
740 2505 1178 2558 consecraturus,
1211 2492 1400 2547 adesse
1435 2505 1544 2545 non
1575 2487 1870 2549 dubitatur,
1900 2482 2203 2538 astantibus

609 2591 713 2646 sibi
741 2587 1004 2644 ministris
1031 2583 1364 2647 caelestibus,
1413 2579 1565 2651 queri
1610 2577 1820 2648 cogitur
1863 2593 1876 2628 :
1914 2573 2068 2636 Ecce,
2121 2572 2202 2625 in-

607 2683 821 2752 quiens,
871 2695 1059 2734 manus
1105 2674 1358 2730 tradentis
1413 2685 1496 2725 me
1539 2684 1742 2724 mecum
1795 2675 1867 2720 est
1915 2665 1970 2719 in
2023 2677 2202 2716 mensa

609 2775 782 2845 (ibid.,
841 2773 966 2843 21).
1005 2769 1082 2824 De
1133 2767 1334 2838 quibus
1370 2764 1500 2820 dicit
1531 2760 1861 2832 Apostolus:
1893 2756 2203 2826 Quicunque

565 2893 574 2900 -
607 2860 1002 2919 manducauerit
1039 2873 1224 2928 panem
1248 2855 1324 2912 vel
1353 2854 1535 2909 biberit
1573 2851 1784 2907 calicem
1825 2847 2038 2904 Domini
2067 2844 2204 2898 indi-

607 2973 724 3028 gne,
750 2971 868 3010 reus
897 2954 994 3006 erit
1017 2950 1250 3021 corporis
1271 2957 1319 3002 et
1348 2945 1619 3016 sanguinis
1645 2942 1872 2998 Domini.
1922 2939 2026 3004 Qui
2065 2937 2203 2992 enim

605 3045 894 3098 manducat
922 3052 969 3096 et
1004 3041 1128 3095 bibit
1159 3039 1395 3108 indigne,
1418 3035 1682 3105 judicium
1713 3032 1810 3087 sibi
1833 3029 2116 3085 manducat
2156 3036 2202 3082 et

609 3134 758 3196 bibit,
800 3148 905 3186 non
938 3129 1260 3201 dijudicans,
1307 3127 1362 3182 id
1405 3134 1508 3191 est,
1542 3139 1649 3180 non
1679 3125 1994 3180 discernens
2022 3121 2201 3176 debita

605 3222 962 3280 veneratione
990 3237 1020 3275 a
1047 3219 1184 3276 cibis
1215 3217 1450 3284 caeteris,
1487 3232 1674 3286 corpus
1719 3213 1952 3270 Domini.
2008 3210 2201 3266 Probet
2231 3192 2274 3254 Ο

608 3326 784 3372 autem
810 3315 1038 3384 seipsum
1071 3313 1248 3378 homo,
1276 3320 1326 3365 et
1353 3309 1428 3364 sic
1466 3309 1530 3362 de
1569 3323 1702 3379 pane
1730 3305 1822 3361 illo
1855 3305 1996 3368 edat,
2047 3311 2096 3357 et
2139 3302 2204 3356 de

609 3406 773 3462 calice
812 3405 970 3459 bibat.
1019 3401 1234 3469 Quoties
1277 3401 1415 3454 enim
1455 3413 1675 3468 cumque
1698 3393 2082 3450 manducabitis
2109 3407 2203 3460 pa-

609 3517 726 3556 nem
751 3501 888 3553 hunc
916 3505 962 3551 et
994 3494 1208 3550 calicem
1241 3492 1445 3556 bibetis,
1490 3499 1708 3544 mortem
1751 3485 1962 3540 Domini
1999 3499 2206 3537 annun-

612 3591 811 3646 tiabitis
848 3589 1012 3642 donec
1048 3587 1215 3640 veniat
1247 3582 1298 3654 (1
1329 3581 1450 3636 Cor.
1483 3597 1558 3646 xl,
1585 3579 1676 3644 26,
1704 3578 1793 3641 27,
1824 3576 1917 3646 28)
1949 3593 1962 3629 :
1991 3575 2115 3646 quia
2144 3582 2206 3628 ut

611 3683 851 3739 Joannes
877 3680 1010 3734 dicit
1049 3676 1327 3747 apostolus
1359 3695 1372 3730 :
1402 3673 1598 3728 Dilexit
1649 3689 1762 3736 nos,
1799 3679 1848 3726 et
1890 3670 2015 3724 lavit
2049 3685 2143 3723 nos
2171 3685 2204 3723 a

608 3768 837 3838 peccatis
883 3763 1073 3819 nostris
1111 3765 1164 3818 in
1193 3763 1450 3833 sanguine
1487 3777 1582 3816 suo
1627 3759 1808 3832 (Apoc.
1844 3775 1882 3824 ι,
1917 3757 2026 3829 15).
2085 3755 2203 3812 Non

609 3864 782 3920 solum
827 3871 1005 3916 autem
1052 3875 1097 3920 a.
1130 3858 1370 3929 peccatis
1417 3857 1471 3910 in
1513 3855 1772 3927 sanguine
1822 3867 1942 3918 suo,
1989 3849 2204 3922 quando

609 3956 926 4028 sanguinem
969 3970 1126 4011 suum
1186 3951 1332 4007 dedit
1375 3951 1428 4006 in
1478 3963 1640 4005 cruce
1685 3963 1782 4018 pro
1823 3946 2010 4009 nobis,
2030 3944 2124 3999 sed
2150 3950 2205 3998 et

609 4049 830 4121 quando
869 4046 1098 4117 quisque
1147 4051 1392 4104 nostrum
1435 4042 1488 4096 in
1536 4039 1797 4110 mysterio
1845 4043 2208 4094 Sacrosanctte

603 4139 876 4213 passionis
901 4139 1045 4194 illius
1068 4136 1317 4208 baptismi
1358 4133 1514 4205 aquis
1554 4134 1768 4188 ablutus
1803 4142 1907 4196 est,
1939 4129 2062 4200 quia
2089 4143 2208 4198 pre-

607 4235 744 4290 tium
774 4231 974 4287 Christi
1005 4230 1280 4300 sepultura
1311 4237 1492 4282 nostra
1514 4235 1617 4282 est.
1663 4225 1816 4282 Unde
1839 4239 1968 4295 ager
1993 4224 2059 4278 de
2086 4238 2210 4294 pre-

607 4325 688 4379 tio
713 4322 992 4394 sanguinis
1017 4321 1134 4391 ejus
1158 4328 1371 4390 emptus
1397 4326 1622 4374 vocatur
1641 4317 2028 4382 ‘achctdcmarh,
2051 4315 2104 4370 id
2124 4324 2208 4370 est

613 4431 744 4486 ager
772 4413 1050 4485 sanguinis
1075 4431 1086 4465 :
1113 4411 1362 4466 videlicet
1390 4425 1519 4479 ager
1543 4407 1867 4469 Iudaeorum,
1900 4407 1994 4462 sed
2022 4405 2204 4476 sepul-

609 4515 733 4560 tura
760 4513 944 4558 nostra
967 4509 1069 4557 est.
1092 4500 1202 4556 Nos
1221 4501 1363 4554 enim
1383 4498 1646 4569 peregrini
1676 4497 2199 4559 lbimusetadvcnm;

608 4612 718 4652 non
736 4594 1022 4650 balmimus
1035 4593 1124 4649 ubi
1140 4593 1626 4662 requiesceremus:
1647 4590 1735 4646 ille
1747 4591 2037 4646 cruciﬁxus
2055 4595 2204 4644 estet

608 4695 879 4753 mortuus,
901 4693 958 4741 et
990 4701 1089 4741 nos
1117 4685 1412 4754 consepulti
1441 4700 1626 4740 sumus
1649 4700 1771 4739 cum
1797 4683 1887 4737 illo
1911 4697 2007 4754 per
2031 4681 2202 4751 bapti-

513 4798 521 4807 '
610 4794 790 4834 sutum
815 4778 870 4834 in
897 4787 1148 4832 mortem.
1179 4776 1314 4844 Quia
1342 4777 1634 4848 quicunque
1661 4777 1908 4842 baptizati
1936 4789 2116 4828 sumus
2146 4776 2202 4829 in

611 4869 823 4928 Christo
849 4870 1094 4936 Domino,
1116 4869 1172 4924 in
1188 4880 1350 4923 morte
1372 4869 1534 4940 ipsius
1554 4869 1800 4939 baptizati
1819 4863 2197 4937 sumus’(Rom.

609 4976 688 5026 vr,
715 4961 804 5034 5),
849 4960 940 5031 qui
988 4976 1094 5016 non
1133 4960 1305 5015 solum
1351 4959 1569 5030 quando
1599 4959 1649 5013 in
1682 4973 1844 5014 cruce
1875 4959 2196 5028 sanguinem

611 5068 772 5108 suum
819 5051 968 5108 dedit
1011 5069 1112 5124 pro
1159 5053 1339 5118 nobis,
1383 5052 1467 5106 vel
1517 5052 1732 5123 quando
1777 5051 1831 5105 in
1876 5050 2201 5120 baptismate

612 5141 748 5198 lavit
772 5157 871 5198 nos
897 5157 926 5196 a
956 5143 1195 5212 peccatis
1225 5141 1427 5197 nostris
1454 5141 1506 5194 in
1540 5141 1803 5211 sanguine
1837 5156 1968 5206 suo,
2008 5156 2198 5196 verum

614 5237 781 5290 etiam
820 5235 1062 5305 quotidie
1090 5233 1226 5290 tollit
1255 5243 1474 5304 peccata
1507 5233 1726 5298 mutuli,
1759 5233 2010 5304 lavatque
2040 5250 2136 5289 nos
2168 5252 2198 5288 a

615 5327 858 5398 peccatis
900 5325 1102 5381 nostris
1147 5325 1479 5395 quotidianis
1525 5325 1578 5378 in
1624 5325 1886 5395 sanguine
1924 5339 2043 5390 suo,
2077 5339 2196 5379 cum

614 5419 855 5490 ejusdem
886 5419 1058 5472 beata:
1087 5413 1359 5486 passionis
1388 5415 1454 5469 ad
1484 5415 1654 5470 altare
1681 5413 1942 5469 memoria
1975 5413 2201 5484 replica-

612 5519 724 5585 tur,
771 5527 893 5565 cum
942 5508 1100 5580 panis
1151 5516 1206 5562 ct
1252 5507 1364 5562 vini
1411 5518 1664 5562 creatura
1703 5507 1756 5560 in
1801 5515 2200 5562 sacramentum

610 5605 803 5663 carnis
831 5611 886 5658 et
911 5603 1188 5672 sanguinis
1215 5599 1332 5670 ejus
1363 5599 1618 5656 ineffabili
1650 5601 1876 5671 spiritus
1906 5600 2205 5654 sanctiﬁca-

615 5692 764 5753 tione
799 5694 1149 5757 transfertur,
1198 5694 1386 5763 sicque
1433 5709 1630 5762 corpus
1670 5702 1725 5746 ct
1767 5693 1988 5764 sanguis
2030 5692 2200 5759 illius,

615 5797 728 5846 nan
756 5784 1050 5840 inﬁdelium
1076 5785 1324 5840 manibus
1355 5783 1420 5838 ad
1450 5784 1745 5855 perniciem
1775 5797 1928 5839 suam
1964 5783 2203 5840 inliditur

2262 5187 2264 5190 μ
2303 5142 2444 5198 dabo
2471 5157 2596 5194 caro
2625 5155 2738 5192 mea
2769 5146 2842 5190 est
2865 5152 2958 5204 pro
2990 5134 3172 5188 mundi
3191 5133 3325 5187 .eita.
3373 5127 3517 5180 Amen
3555 5125 3674 5204 aiunt

2305 1949 2444 2003 ciem
2476 1943 2750 2024 peccando
2774 1948 3112 2013 paterentur,
3141 1938 3441 1992 exaltatum
3471 1951 3560 2006 pro
3587 1933 3710 2002 signo
3727 1945 3798 1985 see

2301 2045 2517 2109 pentem
2549 2023 2758 2091 teneam
2786 2031 3141 2102 aspiciebant,
3173 2031 3319 2083 sicut
3347 2041 3497 2082 sacra
3525 2023 3795 2078 Numerorum

2303 2137 2491 2186 narrat
2515 2125 2740 2192 historia
2772 2123 2960 2196 (Nam.
2988 2121 3116 2192 xx),
3145 2120 3478 2175 sanabantur
3505 2116 3562 2168 ad
3593 2123 3793 2181 tempus:

2305 2217 2588 2291 temporali
2619 2223 2793 2272 morte
2816 2225 2870 2269 et
2892 2201 3042 2283 plaga
3061 2251 3076 2275 ,
3120 2224 3287 2280 quam
3321 2204 3625 2276 serpentium
3647 2215 3794 2257 morsus

2306 2313 2602 2368 intulerant
2629 2327 2642 2363 :
2672 2309 2744 2363 ita
2769 2316 2821 2362 et
2845 2307 2937 2376 qui
2965 2302 3285 2375 mysterium
3309 2297 3586 2354 Dominica‘.
3605 2292 3795 2366 passionis

2303 2407 2574 2466 credendo
2599 2413 2654 2461 ct
2672 2401 2978 2461 conﬁtendo
3001 2397 3296 2454 sinceriter
3317 2393 3563 2450 imitando
3583 2388 3791 2458 aspiciunt,

2304 2500 2582 2556 salvantur
2623 2496 2674 2551 in
2715 2501 3033 2568 perpetuum
3072 2490 3140 2544 ab
3175 2487 3328 2543 omni
3373 2493 3538 2540 morte
3562 2495 3692 2551 quam
3713 2491 3794 2548 pec-

2303 2593 2475 2648 cando
2518 2593 2572 2646 in
2615 2589 2792 2642 anima
2831 2585 3036 2656 pariter
3078 2589 3133 2637 et
3175 2593 3345 2635 carne
3380 2580 3733 2631 contraxerant,
3759 2577 3793 2619 tu

2305 2685 2474 2738 omnis
2507 2681 2594 2754 qui
2624 2678 2784 2732 credit
2817 2677 2871 2728 in
2901 2671 3169 2728 Christum
3204 2686 3308 2724 non
3337 2676 3536 2738 pereat,
3574 2663 3648 2718 sed
3667 2659 3792 2712 haben

2305 2775 2464 2826 vitam
2501 2746 2748 2824 aiternam
2786 2766 2966 2836 (Joan.
3002 2778 3060 2816 Ill
3083 2802 3096 2826 ,
3137 2760 3252 2830 16).
3302 2759 3369 2813 Et
3409 2757 3506 2810 hoc
3549 2753 3666 2808 inter
3698 2746 3791 2802 illam

2305 2867 2532 2936 ﬁguram
2580 2871 2636 2916 et
2679 2861 2839 2916 istam
2880 2855 3164 2911 veritatem
3213 2852 3396 2914 distat,
3438 2847 3553 2918 quia
3589 2858 3668 2914 per
3695 2837 3791 2892 illam

2310 2929 2533 3026 ﬁguram
2559 2954 2668 3006 vita
2699 2947 3066 3020 protelabatur
3097 2942 3441 3014 temporalis,
3481 2953 3566 3008 per
3591 2937 3700 2990 hanc
3719 2929 3791 2982 vita

2301 3028 2540 3104 donatur
2568 3045 2684 3098 sine
2713 3042 2819 3094 ﬁne
2849 3053 3125 3094 mansura.
3171 3035 3284 3090 Sed
3329 3031 3602 3088 curandum
3635 3022 3791 3078 solerter

2307 3146 2412 3202 est,
2437 3145 2496 3190 ut
2521 3133 2662 3206 quod
2689 3129 2994 3186 intellectus
3015 3129 3152 3182 bene
3177 3125 3345 3180 sentit.
3365 3118 3588 3191 operatio
3605 3111 3790 3178 condigna

2307 3225 2586 3298 perficiat,
2637 3229 2906 3292 quatenus
2946 3232 3067 3272 cum
3112 3214 3452 3270 confessione
3487 3216 3625 3262 recta:
3656 3209 3790 3256 nostra

2308 3317 2430 3372 ﬁdei
2456 3313 2542 3384 pie
2569 3321 2625 3369 et
2652 3310 2832 3368 sobrie
2861 3306 3241 3363 conversando
3267 3304 3333 3358 ad
3361 3298 3693 3373 perfectionem
3712 3301 3790 3359 pro.

2305 3410 2486 3464 missa:
2505 3405 2630 3460 vita:
2650 3402 2804 3458 nobis
2830 3413 3134 3455 mereamur
3158 3398 3443 3466 attingere.
3473 3390 3554 3446 Sic
3571 3386 3679 3441 enim
3700 3381 3790 3433 Dea:

2305 3497 2488 3552 dilexit
2519 3493 2791 3554 mundum,
2843 3500 2899 3545 ut
2939 3487 3136 3544 Filium
3185 3501 3340 3541 suum
3371 3479 3655 3552 unigenitum
3675 3471 3788 3524 daret.

2308 3597 2364 3643 ut
2393 3587 2560 3642 omnis
2595 3585 2683 3657 qui
2715 3582 2876 3637 credit
2924 3582 2977 3635 in
3017 3595 3134 3632 eum
3187 3595 3293 3632 non
3331 3581 3526 3646 pereat,
3562 3565 3637 3622 sed
3664 3559 3787 3614 habent

2306 3683 2469 3738 vitam
2496 3690 2744 3734 a’ternam
2773 3673 2968 3746 (ibid.).
2997 3671 3076 3725 Ad
3111 3685 3275 3740 quam
3304 3669 3391 3722 ille
3417 3659 3672 3734 perveniet,
3695 3648 3788 3718 ‘luiS‘

2307 3773 2432 3845 quis
2463 3771 2515 3826 in
2549 3779 2694 3824 recta
2723 3743 2828 3821 ﬁde
2851 3774 2904 3819 ct
2929 3743 3087 3818 bouis
3115 3761 3375 3831 operibus
3399 3743 3786 3826 perseveramus-

2306 3877 2414 3933 que
2435 3861 2490 3916 in
2519 3859 2702 3922 ﬁnem,
2730 3855 2855 3925 quia
2883 3862 2938 3909 ct
2960 3852 3096 3908 ﬁdes
3125 3853 3247 3907 sine
3267 3847 3510 3920 operibus
3536 3847 3702 3896 mortua
3717 3837 3786 3886 cst.

2307 3957 2396 4013 illa
2438 3953 2690 4008 videlicet
2729 3951 2900 4014 ﬁdes,
2945 3962 3066 4017 qum
3103 3961 3203 4016 per
3241 3941 3560 3999 dilectionem
3595 3943 3678 3985 non

2305 4053 2478 4108 ratur,
2517 4051 2571 4098 ct
2607 4044 2726 4098 sine
2768 4041 2871 4095 ﬁde
2914 4035 3250 4108 impossibile
3293 4041 3375 4088 est
3410 4029 3600 4100 placere
3629 4019 3725 4073 Deo.
3750 4011 3784 4064 1η

2306 4136 2504 4209 quibus
2532 4131 2860 4188 unanimiter
2885 4129 3056 4197 gratia
3084 4126 3179 4182 Dei
3208 4116 3600 4180 consistentibus
3619 4113 3788 4201 perseie'

2307 4227 2486 4284 rautia
2510 4222 2820 4281 necessaria
2845 4228 2930 4275 est
2953 4232 3125 4288 usque
3148 4218 3205 4272 in
3230 4215 3411 4280 ﬁnem,
3437 4207 3549 4280 quia
3572 4212 3696 4257 nemo
3711 4191 3786 4248 mil-

2308 4327 2429 4374 tens
2459 4331 2676 4371 manum
2706 4315 2758 4370 in
2791 4320 3033 4366 aratrum
3058 4320 3113 4366 et
3137 4309 3408 4380 aspiciens
3433 4311 3578 4360 retro,
3601 4300 3720 4362 aptus
3733 4287 3786 4337 '5‘

2309 4425 2476 4481 regno
2506 4408 2599 4462 Dei
2621 4448 2635 4472 ,
2668 4407 2719 4460 in
2747 4420 2854 4476 quo
2885 4401 3216 4458 tetcrualiter
3242 4399 3426 4454 vivunt
3459 4381 3610 4458 angeli
3639 4388 3784 4481 etnsan:

2309 4468 2521 4556 Clarum
2551 4468 2782 4568 spiritus
2798 4495 2866 4550 de
2891 4495 3037 4566 ligno
3064 4495 3209 4558 vitae,
3233 4493 3370 4548 sicut
3393 4489 3497 4557 ipse
3519 4478 3637 4568 dixit
3651 4491 3662 4526 :
3685 4468 3784 4524 Sicut

2305 4594 2362 4648 in
2388 4609 2469 4646 me
2499 4592 2615 4645 vivit
2657 4587 2834 4651 Pater,
2877 4597 2924 4642 et
2959 4603 3051 4656 ego
3088 4587 3199 4640 uiro
3230 4586 3283 4638 in
3314 4599 3370 4636 co
3400 4583 3584 4650 propter
3608 4565 3783 4618 Patrem;

2304 4693 2352 4738 et
2378 4683 2467 4752 qui
2492 4681 2774 4735 manducet
2803 4695 2905 4745 me,
2930 4689 2976 4732 et
3004 4679 3114 4746 ipse
3139 4677 3256 4731 civit
3283 4680 3478 4744 propter
3501 4679 3584 4717 me.
3607 4657 3782 4725 Ιίέ1⁰⁶³²⁸⁸

2301 4775 2454 4848 panis
2485 4775 2628 4836 vitta,
2661 4782 2707 4826 et
2733 4789 2826 4842 ego
2853 4787 2967 4825 sum
3002 4770 3164 4842 ραηὶδ⁸
3181 4769 3244 4821 de
3281 4764 3400 4820 cwlo
3431 4751 3716 4813 descendens,
3743 4743 3780 4788 ιιι

2303 4869 2348 4922 si
2374 4867 2491 4938 quis
2521 4881 2585 4920 ex
2608 4865 2720 4934 ipso
2753 4861 3146 4916 manducauerit
3177 4875 3278 4912 non
3307 4854 3559 4909 moriatur.
3591 4839 3679 4908 £99
3705 4841 3781 4884 ³⁸³³³⁸

2302 4960 2454 5030 panis
2481 4959 2619 5012 vit-ns
2644 4957 2733 5026 qui
2760 4955 2822 5008 de
2851 4953 2976 5007 coelo
3007 4949 3284 5012 descendi;
3312 4947 3356 5001 si
3389 4943 3496 5014 quis
3523 4931 3780 4990 mandarat?

2312 5051 2377 5103 rit
2401 5065 2464 5103 ea:
2487 5049 2583 5101 hoc
2613 5062 2746 5116 pane
2784 5044 2910 5098 vivet
2947 5043 3002 5114 in
3038 5051 3318 5102 a’ternunt,
3358 5045 3401 5088 et
3428 5029 3560 5103 ραηῐδ
3585 5021 3778 5092 imm”

2332 5143 2343 5156 .
2388 5142 2399 5156 .
2718 5155 2727 5156 ,
2781 5153 2793 5156 -
2830 5146 2842 5156 .
2869 5152 2953 5156 ---η
2992 5134 3172 5156 ---μμλι
3204 5133 3302 5156 με...
3384 5127 3517 5156 Aman
3555 5125 3674 5156 mum
3700 5100 3778 5156 dico

3726 5111 3778 5152 κο

2307 5233 2494 5288 vobis:
2527 5231 2647 5286 Nisi
2682 5227 3124 5283 manducaveritis
3161 5236 3365 5277 carnem
3398 5215 3488 5285 ﬁlii
3521 5193 3777 5288 hominis...“

2311 5324 2542 5380 biberitis
2571 5325 2684 5392 ejus
2711 5322 3042 5390 sanguinem,
3074 5333 3174 5370 non
3202 5308 3438 5367 [rubebitis
3458 5303 3590 5356 ritam
3609 5295 3650 5343 in
3666 5281 3773 5392 rei";

2313 5417 2418 5482 Qui
2463 5413 2746 5468 manducat
2793 5425 3002 5462 carnem
3053 5421 3218 5461 nteant
3283 5411 3328 5454 et
3401 5393 3510 5449 bibit
3552 5379 3775 5468 sanguinali

2309 5524 2506 5570 meum,
2529 5507 2677 5559 habet
2701 5503 2859 5558 vitam
2883 5510 3153 5564 aeternam,
3176 5508 3218 5552 et
3241 5511 3329 5564 ego
3354 5477 3624 5543 resuscitabo
3640 5481 3724 5523 cum
3739 5473 3773 5556 ³1η

2311 5597 2590 5652 novissimo
2612 5596 2715 5648 tlte.
2743 5593 2878 5647 Caro
2897 5593 3034 5646 enim
3055 5606 3170 5644 utea
3191 5602 3300 5641 rere
3319 5591 3388 5637 est
3407 5578 3551 5632 cibus,
3569 5576 3606 5620 ct
3623 5564 3772 5652 sonanti

2309 5707 2454 5763 meus
2478 5705 2594 5743 vere
2627 5697 2701 5741 est
2730 5695 2903 5756 potus.
2941 5684 3045 5749 Qui
3073 5679 3346 5736 manduca;
3383 5682 3526 5726 meum
3561 5647 3770 5763 (arma;

2312 5732 2453 5763 tu...“
2482 5732 2594 5743 ,ην
2627 5732 2697 5741 η,
2731 5732 2903 5756 r______
2945 5732 3040 5749 vi
3740 5734 3748 5742 .

2312 5783 2436 5840 bibit
2464 5797 2635 5836 mcum
2659 5780 2989 5850 sanguinem,
3016 5785 3186 5833 manet
3215 5774 3266 5826 in
3290 5783 3364 5824 me
3387 5771 3428 5819 et
3451 5773 3530 5830 ego
3550 5753 3594 5805 in
3617 5759 3676 5800 eo.
3698 5732 3765 5788 Ηίί
