4006 6338
184 341 293 399 917

1357 344 1446 402 DE
1481 342 1825 404 CAVENDIS
1862 342 2067 400 VlTllS
2088 384 2103 409 ,
2145 342 2302 402 ETC.

3360 345 3465 403 9|8

182 460 264 507 est
288 451 441 523 panis
466 452 556 523 qui
594 452 659 507 de
699 452 825 509 caelo
864 454 1128 510 descendit
1155 472 1173 511 :
1203 456 1292 527 qui
1321 457 1604 511 manducet
1632 457 1769 510 hunc
1797 459 1847 519 Α
1873 452 2047 508 locum
2074 454 2127 508 in
2159 464 2210 508 te
2239 453 2437 510 latendi
2486 454 2686 509 clamor
2715 470 2859 509 meus
2892 450 3015 525 (Iob
3040 471 3153 522 xvt,
3188 452 3298 526 i9).
3336 454 3468 512 Pec-

181 560 378 613 panem
406 545 532 599 vivet
561 545 616 599 in
643 555 897 600 a'ternum
926 546 1127 614 (Joun.
1156 563 1207 603 vt
1230 548 1270 619 ).
1309 548 1376 603 Et
1404 547 1580 619 pridie
1609 556 1771 617 quam

183 644 491 705 pateretur,
517 646 769 693 coenante
792 653 860 693 eo
885 654 1008 694 cum
1037 639 1315 711 discipulis
1344 640 1478 707 suis,
1517 640 1573 696 in
1614 648 1774 697 nocte

180 741 296 795 qua
326 725 662 793 tradebatur,
685 729 903 798 quando
933 739 1087 786 vetus
1118 730 1170 787 in
1202 747 1402 787 novum
1432 742 1486 788 et
1510 741 1772 788 atternum

183 814 395 884 pascha
420 824 670 872 nostrum
700 818 991 884 convertit,
1015 819 1067 875 in
1092 836 1200 891 quo
1225 822 1339 892 ipse
1362 822 1668 879 immolatus
1691 830 1777 879 est
1812 868 1818 874 .

179 903 465 973 Christus,
498 907 709 977 accepit
737 924 950 979 panem,
979 911 1253 966 benedixit
1283 928 1348 969 ac
1378 912 1569 984 fregit,
1603 914 1775 971 dedit-

181 1012 298 1067 que
318 997 595 1069 discipulis
616 999 729 1056 suis
751 1008 803 1055 el
823 1001 928 1055 ait:
955 1001 1185 1073 Accipite
1203 1013 1249 1057 et
1274 1004 1526 1059 contedite
1545 1046 1560 1070 ,
1581 1006 1678 1060 hoc
1698 1015 1776 1060 est

181 1105 379 1160 corpus
402 1106 606 1157 meum,
633 1091 774 1163 quod
806 1110 901 1163 pro
937 1093 1078 1149 vobis
1113 1096 1376 1162 tradetur,
1404 1098 1501 1151 hoc
1534 1097 1691 1166 facite
1720 1101 1776 1153 in

177 1197 359 1236 meam
386 1185 961 1251 commemorationem;
983 1195 1037 1241 et
1076 1205 1090 1240 :
1117 1187 1388 1257 Accipiens
1418 1188 1630 1245 calicem
1656 1206 1777 1261 gra-

183 1266 296 1319 tias
321 1266 423 1337 egit
445 1276 493 1321 et
519 1267 661 1322 dedit
686 1266 792 1323 illis
820 1270 998 1326 dicens
1022 1286 1041 1325 :
1064 1270 1235 1327 Bibite
1255 1289 1319 1327 ex
1342 1273 1440 1328 hoc
1468 1290 1662 1336 omnes,
1693 1274 1777 1330 hic

180 1365 264 1410 est
308 1358 524 1427 sanguis
559 1374 704 1413 meus
745 1362 863 1413 novi
907 1364 1203 1416 testamenti
1234 1402 1250 1428 ,
1285 1363 1375 1434 qui
1410 1380 1504 1434 pro
1542 1364 1686 1418 vobis
1727 1373 1777 1417 et

184 1461 287 1513 pro
309 1444 488 1500 multis
508 1447 807 1516 e/I'undetur
825 1447 878 1502 in
900 1451 1253 1506 remissionem
1271 1463 1600 1523 peccatorum
1622 1452 1775 1525 (Luc.

184 1539 349 1610 ιιι-ιι).
386 1539 510 1596 llaec
542 1540 629 1595 ille
662 1541 800 1596 dixit
830 1550 884 1598 et
915 1543 1065 1608 dicit,
1093 1553 1149 1599 et
1176 1544 1390 1617 perﬁcit
1430 1544 1519 1616 qui
1561 1545 1697 1600 dixit
1723 1553 1780 1601 et

186 1630 333 1686 facta
359 1640 505 1697 sunt,
532 1633 813 1689 mandavit
837 1642 893 1689 et
914 1643 1097 1690 creata
1119 1645 1263 1703 sunt,
1287 1645 1342 1691 et
1360 1651 1425 1693 eo
1449 1636 1612 1691 verbo
1634 1637 1777 1707 quod

186 1732 296 1788 est,
327 1732 384 1779 et
411 1740 508 1794 per
533 1727 677 1795 quod
709 1724 849 1781 facta
882 1735 1007 1781 sunt
1032 1727 1247 1795 omnia,
1278 1736 1334 1785 et
1362 1745 1458 1801 per
1484 1730 1779 1800 prophetas

1874 543 2019 598 cauti
2053 558 2199 597 emm
2228 544 2430 598 homini
2460 544 2660 599 dictum
2687 552 2807 599 est:
2836 543 2998 598 Terra
3032 561 3086 600 es
3124 555 3171 599 et
3198 546 3468 605 interrasit

1874 635 1972 692 ibis
1998 634 2153 706 (Gen.
2184 651 2276 698 ut,
2310 637 2419 707 19).
2452 637 2584 705 Qtue
2625 637 2837 694 scilicet
2888 646 3031 693 terra
3086 638 3470 709 Redemptoris

1875 725 2046 782 nostri
2092 726 2412 795 sanguinem
2461 744 2569 782 non
2595 728 2902 793 abscondit,
2934 729 3061 799 quia
3093 730 3468 799 unusquisque

1873 824 2132 889 peccator
2166 818 2556 888 redemptionis
2575 834 2687 875 sua:
2712 820 2945 889 pretium
2987 836 3219 877 sumens.
3238 820 3468 877 conﬁte-

1877 913 1968 962 tur
2003 921 2069 962 ac
2102 905 2318 971 laudat,
2354 915 2410 961 et
2446 906 2645 977 quibus
2679 908 2819 963 valet
2858 911 3118 980 proximis
3156 910 3465 966 inualescit.

1876 997 2044 1053 Terra
2068 998 2232 1053 etiam
2259 998 2575 1069 sanguinem
2605 999 2721 1069 ejus
2736 1017 2844 1057 non
2871 1004 3105 1071 operuit,
3133 1004 3258 1073 quia
3280 1012 3470 1059 sancta

1876 1087 2119 1144 Ecclesia
2171 1088 2578 1159 redempitiouis
2634 1106 2746 1145 sua:
2791 1094 3107 1163 mysterium
3159 1094 3213 1149 in
3257 1094 3470 1150 cunctis

1869 1176 1985 1247 jam
2005 1178 2190 1234 mundi
2220 1179 2463 1248 partibus
2487 1179 2768 1249 praedicat.
2795 1179 2980 1250 Neque
3009 1182 3214 1237 invenit
3233 1182 3286 1237 in
3312 1191 3466 1245 terra

1876 1267 2078 1326 latendi
2126 1269 2303 1324 locum
2353 1269 2560 1325 clamor
2589 1268 2725 1339 ejus.
2773 1270 2893 1343 Ipse
2938 1272 3081 1327 enim
3130 1273 3351 1344 sanguis
3378 1289 3468 1330 re-

1878 1360 2206 1431 demptionis
2242 1361 2335 1431 qui
2372 1362 2625 1428 srunitur,
2656 1362 2863 1419 clatuor
2892 1365 3062 1420 nostri
3095 1364 3472 1436 Redemptoris

1878 1458 1982 1505 est.
2015 1449 2169 1506 Unde
2197 1450 2362 1505 etiam
2411 1450 2611 1507 Paulus
2648 1451 2819 1507 dicit:
2849 1450 2914 1507 Et
2951 1454 3261 1525 sanguinem
3291 1469 3474 1523 asper—

1877 1542 2041 1598 sionis
2085 1542 2271 1598 melius
2312 1542 2603 1615 loquentem
2642 1561 2801 1615 quam
2829 1544 2955 1600 Abel
2985 1544 3174 1615 (Hebr.
3223 1561 3324 1611 xu,
3352 1544 3473 1616 24).

1880 1632 1960 1688 De
1985 1631 2123 1690 Abel
2145 1633 2409 1706 sanguine
2434 1635 2637 1690 dictum
2671 1636 2849 1691 fuerat
2874 1654 2887 1691 :
2926 1634 3041 1691 Vox
3062 1637 3335 1707 sanguinis
3362 1636 3475 1706 fra-

1879 1723 1977 1778 tris
2003 1724 2080 1778 tui
2104 1723 2230 1778 Abel
2260 1724 2454 1778 clamat
2482 1724 2551 1779 ad
2574 1742 2654 1780 me
2674 1725 2737 1780 de
2757 1735 2896 1780 terra
2928 1725 3087 1797 (Gen.
3125 1742 3199 1791 tv,
3229 1726 3337 1794 10).
3364 1725 3473 1781 Sed

189 1828 321 1869 suos
351 1814 598 1885 bydriam
630 1814 824 1873 farina:
850 1826 906 1873 et
935 1816 1209 1889 lecythum
1239 1820 1378 1883 olei,
1419 1829 1475 1875 ct
1512 1837 1608 1891 per
1645 1836 1774 1875 vasa
1806 1817 1853 1877 B
1881 1814 2102 1887 sanguis
2130 1814 2257 1871 Jesu
2294 1814 2488 1870 melius
2530 1814 2771 1886 loquitur
2801 1832 2962 1885 quam
3008 1815 3161 1881 Abel.
3195 1816 3320 1886 quia
3350 1830 3475 1870 58"-

188 1918 298 1957 nou
333 1919 502 1973 pauca
532 1902 785 1961 diﬂ'usum
814 1907 994 1962 oletun
1027 1909 1423 1980 multiplicavit,
1460 1919 1514 1965 et
1545 1908 1779 1965 Verbum

187 2010 319 2048 caro
352 1994 551 2050 factum
578 2003 684 2061 est,
713 2007 770 2052 et
798 1998 1064 2054 habitavit
1092 1999 1143 2054 in
1175 2000 1357 2066 nobis,
1386 2016 1508 2055 cum
1537 2001 1590 2055 in
1623 2011 1779 2057 utero

188 2082 846 2170 virginali'sanctiﬁcavit
894 2088 1305 2143 tabernaculum
1357 2104 1514 2144 suum
1562 2089 1778 2145 Altissi-

182 2190 345 2239 mus,
379 2184 559 2244 potest
586 2191 804 2231 manum
838 2193 1041 2247 ponere
1070 2179 1121 2233 in
1150 2178 1448 2246 ambobus,
1483 2187 1537 2233 et
1570 2190 1779 2251 putrem

181 2266 403 2321 scilicet
429 2266 729 2324 divinitatis
757 2270 1066 2340 :cqualitate
1094 2271 1329 2342 placare,
1359 2281 1414 2328 et
1444 2285 1641 2327 nostrae
1673 2272 1781 2328 fra-

182 2359 452 2431 gilitatem
502 2361 816 2417 substantia:
867 2365 1234 2431 assumenda,
1294 2381 1412 2420 eam
1459 2365 1575 2419 sine
1623 2364 1782 2421 ullius

182 2450 363 2521 culpae
390 2451 644 2522 contagio
669 2451 722 2506 in
763 2452 971 2507 unitate
1014 2470 1125 2508 suae
1171 2469 1417 2524 persome
1455 2455 1688 2524 compati
1728 2461 1783 2509 et

188 2538 477 2605 misereri,
510 2546 567 2593 et
596 2554 763 2608 panes
791 2556 854 2595 ac
899 2543 1074 2610 pisces
1096 2540 1251 2610 juxta
1287 2542 1573 2600 veritatem
1610 2558 1779 2598 evan-

185 2627 424 2699 gelicam
451 2644 547 2684 sua
581 2629 957 2687 benedictione
988 2634 1386 2704 multiplicavit,
1416 2642 1472 2689 et
1500 2651 1697 2705 aquam
1724 2635 1780 2690 in

186 2718 379 2774 vinum
408 2718 573 2774 tacito
602 2728 736 2774 nutu
763 2721 945 2785 vertit,
975 2730 1030 2776 et
1060 2732 1284 2778 naturas
1312 2738 1495 2779 rerum
1527 2731 1699 2778 mutat
1724 2732 1783 2779 ut

188 2809 311 2879 ipse
340 2808 521 2864 volet:
551 2809 708 2880 cujus
743 2811 1001 2867 veridicis
1035 2814 1216 2868 verbis
1254 2813 1621 2868 indubitanter
1655 2827 1778 2868 cre-

188 2900 334 2955 dens
368 2899 659 2970 Apostolus
694 2900 868 2956 chit:
904 2900 1132 2956 Calicem
1165 2902 1537 2958 benedictionis
1576 2903 1658 2955 cui
1696 2902 1783 2957 be-

188 2990 513 3057 nediximus,
536 3007 706 3045 nonne
726 2993 1129 3047 communicatio
1154 2994 1426 3065 sanguinis
1449 2993 1645 3047 Christi
1667 3002 1741 3047 est
1757 2992 1784 3047 Ρ

189 3075 310 3149 Ego
332 3078 467 3133 enint
493 3080 669 3150 accepi
694 3097 725 3134 a
756 3080 982 3135 Domino
1008 3081 1147 3152 quod
1174 3094 1220 3136 et
1246 3082 1444 3136 tradidi
1470 3083 1627 3145 vobis,
1652 3099 1781 3152 quo-

1881 1905 2001 1975 guis
2029 1904 2166 1959 Abel
2213 1904 2505 1960 fratricida:
2549 1905 2735 1961 fratris
2766 1917 3006 1963 mortem
3033 1907 3213 1978 petiit,
3254 1907 3476 1978 sanguis

1879 2002 2064 2049 autem
2098 1993 2311 2049 Domini
2345 1996 2510 2050 vitam
2558 1998 3001 2067 persecutoribus
3032 1995 3368 2067 impetravit.
3401 1994 3474 2052 Ut

1880 2095 2012 2155 ergo
2044 2083 2097 2137 in
2123 2084 2279 2139 nobis
2305 2095 2703 2141 sacramentum
2735 2087 3027 2143 Dominica:
3066 2087 3333 2157 passionis
3363 2103 3472 2143 non

1880 2175 2440 2241 sitotiosum,imitari
2476 2178 2733 2233 debemus
2757 2180 2900 2249 quod
2933 2178 3221 2244 sumimus,
3256 2187 3467 2250 etprius

1881 2263 2066 2320 dicare
2114 2266 2326 2321 cmteris
2374 2266 2517 2336 quod
2566 2283 2907 2324 veneramur.
2959 2269 3164 2325 Locum
3212 2270 3356 2325 enim
3387 2270 3466 2325 la-

1884 2356 2031 2412 tendi
2076 2357 2284 2412 clamor
2324 2357 2442 2428 ejus
2488 2359 2540 2414 iu
2589 2361 2745 2415 nobis
2777 2360 3039 2428 inveniet,
3089 2364 3135 2418 si
3177 2362 3282 2418 hoc
3325 2361 3470 2433 quod

1881 2461 2038 2501 ruens
2069 2447 2299 2502 credidit
2338 2447 2516 2519 lingua
2550 2457 2713 2505 tacet.
2754 2448 2861 2505 Sed
2899 2465 2967 2504 nc
2998 2450 3052 2505 in
3082 2451 3239 2506 nobis
3267 2452 3474 2508 clamor

1882 2533 2000 2604 ejus
2039 2534 2224 2601 lateat,
2276 2546 2445 2591 restat
2485 2546 2544 2592 ut
2569 2539 2938 2609 unusquisque
2978 2540 3134 2611 juxta
3189 2541 3473 2596 modulum

1882 2638 2041 2679 suum
2072 2624 2450 2681 viviﬁcatiouis
2480 2642 2590 2681 suae
2612 2630 2930 2698 mysterium
2966 2630 3232 2700 proximis
3263 2630 3475 2686 innote-

1882 2724 2040 2770 scat:
2071 2733 2089 2767 ι
2125 2715 2351 2770 credens
2374 2724 2429 2769 et
2450 2716 2717 2772 conﬁtens
2746 2726 2801 2772 et
2824 2719 3174 2786 annuntians,
3202 2719 3328 2790 quia
3355 2734 3478 2775 san-

1883 2804 2005 2876 guis
2029 2804 2231 2861 Christi
2249 2805 2367 2861 ideo
2396 2821 2593 2861 novum
2616 2816 2701 2861 est
2723 2816 3141 2877 testamentum,
3170 2809 3301 2878 quia
3333 2824 3474 2865 nova

1888 2894 2131 2961 dilectio,
2159 2910 2265 2965 qua
2303 2911 2475 2966 usque
2504 2896 2571 2951 ad
2602 2906 2831 2953 mortem
2863 2900 2915 2953 iu
2945 2899 3261 2955 novissimis
3304 2914 3475 2955 saecu-

1883 2984 2059 3041 lorum
2092 2986 2429 3057 temporibus
2481 3003 2580 3043 nos
2624 2988 2832 3045 dilexit.
2866 2989 3093 3046 Dilectio
3131 2991 3234 3047 ista
3268 3007 3366 3049 nos
3391 2992 3473 3047 in-

1882 3088 2067 3147 novat,
2102 3088 2164 3135 ut
2191 3080 2361 3135 simus
2393 3082 2644 3138 homines
2683 3083 2828 3149 novi,
2880 3083 3123 3140 baeredes
3159 3086 3470 3141 testamenti

188 3169 338 3220 niam
363 3167 613 3225 Dominus
637 3182 812 3225 noster
831 3170 989 3226 Jcsus
1016 3172 1259 3227 Christus
1288 3174 1339 3227 iu
1362 3190 1465 3244 qua
1497 3184 1644 3228 nocte
1668 3184 1781 3227 tra-
1810 3169 1855 3232 C
1887 3171 2033 3235 novi,
2062 3171 2205 3227 sicut
2230 3180 2286 3225 et
2312 3172 2599 3242 Apostolus
2631 3174 2762 3229 dicit
2789 3193 2801 3228 :
2828 3173 3039 3241 Quanto
3063 3176 3228 3245 magis
3256 3177 3472 3247 sanguis

186 3257 415 3311 debatur
435 3260 627 3330 accepit
647 3278 857 3331 panem,
880 3273 927 3316 et
952 3265 1150 3333 gratias
1173 3281 1329 3335 agens
1350 3264 1379 3333 f
1378 3266 1502 3335 regit
1527 3282 1589 3319 uc
1606 3263 1773 3319 dicit:

197 3350 431 3417 Accipite
470 3362 517 3407 et
557 3355 871 3411 manducate
896 3371 915 3409 :
954 3358 1052 3412 hoc
1088 3369 1161 3414 est
1206 3376 1393 3431 corpus
1428 3379 1597 3415 meum
1639 3362 1780 3433 quod

188 3457 289 3511 pro
328 3442 466 3497 vobis
502 3444 760 3513 tradetur,
804 3448 900 3502 hoc
932 3449 1089 3518 facite
1123 3452 1176 3505 in
1206 3469 1376 3506 meum
1404 3470 1781 3508 commemora-

192 3532 409 3587 tionem.
432 3530 687 3590 Similiter
708 3546 756 3592 et
786 3539 1000 3594 calicem
1021 3551 1295 3612 postquam
1317 3544 1534 3597 eleuarit
1563 3544 1740 3600 dicens
1759 3560 1779 3600 :

199 3620 304 3675 Hic
347 3623 488 3679 calix
536 3642 725 3681 novum
764 3637 1127 3686 testamentum
1159 3642 1234 3687 est
1272 3633 1327 3688 in
1364 3651 1475 3688 meo
1504 3635 1780 3705 sanguine,

193 3712 295 3767 hoc
320 3713 479 3783 facite
501 3718 907 3787 quotiescunque
934 3720 1163 3776 biberitis
1195 3724 1250 3776 in
1279 3740 1446 3777 meam
1474 3741 1784 3779 commemo-

196 3805 471 3861 rationem.
519 3806 940 3882 Quotiescunque
986 3812 1125 3867 enim
1167 3814 1553 3869 manducabitis
1593 3831 1781 3885 panem

192 3893 335 3946 hunc
361 3904 411 3948 et
441 3895 656 3952 calicem
688 3898 886 3965 bibetis,
916 3911 1134 3956 mortem
1161 3901 1376 3958 Domini
1401 3905 1781 3961 annuntiabitis

193 3983 361 4039 donec
380 3988 553 4043 veniat
587 3988 639 4061 (Ι
663 3987 786 4044 Cor.
816 4009 870 4057 κ,
893 3992 993 4063 χι).

266 4073 399 4140 Qum
426 4078 845 4137 communicatio
871 4092 926 4137 et
950 4082 1293 4155 participatio
1316 4084 1560 4155 corporis
1582 4093 1636 4141 et
1657 4101 1783 4142 san-

192 4164 373 4236 guinis
401 4167 613 4223 Domini
640 4169 783 4224 sicut
810 4186 877 4225 ex
906 4173 1157 4229 omnibus
1186 4185 1334 4229 recta
1370 4175 1476 4231 ﬁde
1507 4175 1780 4233 omn-enti-

190 4255 298 4312 bus
324 4272 432 4314 una
462 4258 552 4325 ﬁt,
599 4259 673 4314 ita
711 4269 766 4315 et
809 4278 913 4317 una
954 4265 1093 4319 redit
1118 4265 1170 4319 in
1197 4281 1422 4333 omnes,
1474 4282 1579 4321 non
1624 4277 1780 4338 parte

187 4364 481 4420 corporea,
513 4351 608 4408 sed
634 4352 835 4410 virtute
861 4355 1059 4411 divina.
1084 4358 1191 4426 Qui
1221 4359 1366 4414 enim
1400 4375 1540 4416 unus
1566 4376 1781 4432 semper

187 4450 250 4495 et
285 4440 427 4496 idem
464 4443 687 4515 intelligi
716 4447 1106 4520 participaliter
1133 4466 1240 4506 non
1269 4461 1481 4521 potest,
1530 4461 1710 4509 tamen
1748 4468 1781 4508 a

189 4533 308 4588 suis
342 4535 588 4594 ﬁdelibus
623 4515 937 4613 participari
975 4544 1193 4611 dicitur,
1226 4515 1350 4601 cum
1395 4515 1610 4617 in'ejus
1649 4545 1778 4601 sub-
1806 4515 1861 4576 Β

189 4624 450 4680 stantiam
481 4644 609 4698 pars
637 4630 782 4685 nulla
810 4633 1147 4690 admittatur.
1202 4636 1307 4691 Sed
1346 4636 1471 4706 quia
1509 4637 1652 4692 hunc
1684 4653 1781 4693 ex-

187 4713 431 4784 primere
458 4717 697 4786 perfecte
735 4736 985 4777 sermone
1021 4740 1126 4779 non
1166 4732 1484 4793 possttmus,
1530 4722 1782 4780 luunani-'

193 4805 330 4860 tatis
379 4818 579 4863 nostra:
636 4810 853 4867 modulo
907 4814 1061 4882 quasi
1116 4814 1357 4869 infantiae
1408 4815 1781 4872 imbecillitate

189 4898 510 4967 praepediti,
571 4915 694 4955 eum
754 4902 1096 4973 aliquatenus
1147 4905 1498 4962 balbutiendo
1552 4922 1779 4961 resona-

191 5002 340 5043 mus.
381 4988 546 5061 Cujus
585 5006 783 5064 corpus
821 4993 989 5050 Judei
1023 5007 1415 5068 persequentes
1454 4999 1624 5053 moliti
1657 5007 1786 5054 sunt

190 5077 351 5147 quasi
382 5084 750 5139 consumendo
782 5092 1150 5157 exstuguere,
1182 5096 1238 5141 et
1272 5087 1499 5158 gentiles
1539 5088 1784 5143 esurien-

190 5179 306 5224 tem
340 5182 576 5227 mentcm
623 5188 776 5228 suam
815 5174 1126 5233 desiderant
1156 5194 1253 5248 per
1279 5177 1651 5248 quotidianum
1684 5178 1785 5233 im-

190 5260 508 5317 molalionis
549 5264 875 5319 sacriﬁcium
908 5267 973 5322 de
1002 5266 1118 5336 ejus
1167 5267 1419 5322 carnibus
1463 5268 1681 5335 satiare,
1732 5277 1785 5322 et

190 5351 373 5421 ipsius
424 5351 807 5425 Redemptoris
838 5356 1175 5426 sanguinem,
1221 5373 1378 5428 quem
1409 5368 1784 5427 persecutores

190 5444 484 5501 scvientes
517 5444 789 5510 fuderunt,
830 5450 1170 5520 postmodum
1202 5453 1485 5506 ClBthllle
1515 5451 1784 5518 biberunt,

188 5547 427 5605 eumque
455 5551 577 5594 esse
605 5538 700 5595 Dei
740 5538 937 5595 Filium
980 5542 1414 5612 praedicaverunt
1441 5543 1660 5616 (.lloral.
1689 5544 1783 5599 lib.

187 5640 315 5692 rm,
346 5641 398 5682 c.
425 5625 503 5700 8).
527 5647 546 5682 ι
582 5630 656 5686 De
681 5647 789 5704 quo
804 5632 1059 5690 videlicet
1083 5636 1342 5707 sanguine
1371 5636 1632 5707 scriptum
1662 5645 1744 5692 est
1772 5656 1785 5694 :

194 5715 384 5788 Terra,
413 5739 476 5778 ne
512 5725 718 5796 operias
762 5728 1068 5801 sanguinem
1116 5744 1287 5783 meum
1311 5768 1324 5795 ,
1357 5744 1518 5799 neque
1561 5729 1786 5784 inueniat

1886 3259 2101 3327 Christi,
2124 3261 2214 3333 qui
2233 3278 2325 3332 per
2347 3263 2603 3333 Spiritum
2645 3274 2884 3318 sanciunt
2917 3266 3248 3333 semetipsum
3290 3265 3475 3319 obtulit

1882 3353 2281 3408 immaculatum
2326 3353 2458 3419 Deo,
2495 3355 2797 3409 emundabit
2828 3356 3199 3410 conscientiam
3241 3366 3476 3410 nostram

1883 3444 1948 3498 ab
1974 3443 2215 3515 operibus
2238 3446 2476 3507 mortuis,
2526 3445 2595 3497 ad
2642 3445 2969 3500 serviendum
3017 3445 3124 3499 Deo
3172 3444 3400 3500 virenti?
3426 3454 3475 3500 et

1882 3534 2002 3589 ideo
2030 3534 2150 3588 novi
2181 3536 2477 3589 testamenti
2515 3535 2773 3589 mediator
2797 3545 2872 3590 est
2901 3533 3090 3599 (Hebr.
3134 3550 3210 3602 Ix,
3236 3533 3325 3601 14,
3355 3534 3468 3605 15).

1882 3623 1988 3680 Per
2015 3625 2163 3681 hunc
2196 3642 2327 3697 ergo
2352 3626 2667 3697 sanguinem
2692 3626 2814 3680 novi
2848 3625 3179 3690 testamenti,
3209 3623 3300 3695 qui
3332 3622 3466 3680 el'fu-

1884 3728 1977 3769 sus
2011 3723 2095 3769 est
2120 3714 2173 3767 in
2217 3715 2590 3769 remissionem
2642 3724 3025 3785 peccatorum,
3056 3714 3393 3782 cmundabit,
3421 3713 3475 3770 id

1883 3812 1969 3859 est
1994 3803 2277 3860 innovabit
2307 3805 2696 3860 conscientiam
2730 3806 2971 3862 ﬁdelium
2993 3847 3008 3871 ,
3038 3814 3094 3861 et
3129 3806 3266 3861 ﬁunt
3309 3805 3472 3863 iidem

1882 3895 2087 3962 ﬁdeles,
2109 3895 2262 3967 juxta
2285 3897 2532 3953 eumdem
2555 3896 2894 3967 Apostolum,
2910 3899 3154 3955 lueredes
3178 3885 3474 3955 secundum

1884 3989 2034 4056 Spem
2063 3986 2187 4042 vitae
2213 3995 2451 4051 aeternae,
2485 3998 2530 4042 et
2573 3988 3027 4058 repromissionem
3075 3989 3338 4059 accipiunt
3384 3989 3477 4060 qui

1882 4077 2053 4131 uocati
2082 4086 2203 4130 sunt
2244 4085 2460 4131 wterna:
2489 4076 2811 4132 Ita'reditatis
2843 4076 3030 4149 (ibid.,
3088 4076 3197 4148 15).
3240 4077 3309 4132 Et
3353 4078 3476 4133 ideo

1885 4166 2107 4237 sanguis
2131 4164 2219 4221 ille
2247 4179 2375 4221 vere
2404 4166 2529 4220 novi
2566 4167 2875 4222 testamenti
2910 4177 2965 4223 et
2987 4167 3175 4222 aeterni
3213 4176 3317 4232 est,
3346 4168 3474 4237 quia

1885 4272 2023 4329 quos
2069 4271 2101 4312 a
2149 4264 2419 4312 vetustate
2469 4256 2707 4323 innovat,
2757 4259 2822 4312 ad
2854 4266 3115 4312 aeternam
3160 4256 3472 4313 felicitatem

1885 4349 2152 4420 perducit.
2190 4348 2327 4404 Hinc
2359 4347 2657 4404 Zacharias
2702 4349 2963 4421 propheta
3015 4350 3160 4404 velut
3195 4350 3262 4404 ad
3294 4349 3472 4429 ipsum

1887 4439 2177 4496 Dominum
2206 4439 2433 4511 loquens
2459 4441 2532 4495 ait
2567 4462 2580 4494 :
2610 4439 2690 4495 Tu
2716 4459 2920 4514 quoque
2947 4442 2999 4494 in
3034 4442 3287 4513 sanguine
3316 4453 3475 4499 testa-

1886 4532 2049 4586 menti
2069 4531 2147 4585 tui
2167 4530 2386 4586 emisisti
2413 4532 2607 4586 vinctos
2637 4541 2753 4586 tuos
2772 4532 2836 4585 de
2858 4530 2993 4587 lacu,
3024 4531 3077 4586 in
3104 4549 3206 4604 quo
3238 4549 3340 4587 non
3362 4543 3476 4588 erat

1886 4638 2024 4691 aqua
2054 4619 2239 4691 (Zach.
2266 4636 2344 4686 ix,
2372 4620 2481 4688 11).
2506 4619 2641 4688 Quia
2669 4620 2917 4676 videlicet
2948 4636 3045 4691 per
3065 4620 3226 4691 hujus
3254 4625 3474 4695 sangui-

1886 4713 1972 4769 nis
2014 4711 2353 4777 eﬁ‘usionem,
2386 4720 2436 4767 et
2466 4713 2673 4782 antiqui
2714 4713 2847 4784 justi
2878 4729 2974 4785 spe
3010 4712 3204 4769 futurae
3238 4718 3480 4789 redemp-

1888 4807 2049 4861 tionis
2073 4805 2307 4861 devincli
2334 4806 2403 4861 ab
2430 4805 2623 4861 inferni
2646 4806 2896 4864 claustris
2918 4808 3099 4864 educti
3130 4818 3276 4875 sunt,
3305 4822 3361 4865 et
3382 4825 3479 4880 per

1884 4896 2135 4952 eumdem
2178 4897 2341 4950 etiam
2384 4912 2573 4952 omnes
2621 4898 2904 4954 credentes
2929 4915 2958 4952 a
2989 4909 3333 4968 peccatorum
3360 4902 3479 4957 vin-

1886 4986 2043 5052 culis,
2066 4994 2124 5041 et
2151 4986 2218 5041 de
2245 4986 2362 5042 lacu
2399 4988 2651 5053 miserim,
2676 4999 2731 5043 et
2761 4990 2826 5044 de
2852 4988 2963 5044 luto
2982 4990 3129 5046 faecis
3148 4991 3474 5061 eripiuntur.

1885 5078 2015 5134 Item
2046 5076 2188 5149 quod
2213 5078 2302 5133 hic
2329 5077 2529 5134 dicitur
2558 5081 2861 5150 mysterium
2887 5080 3028 5150 fidei,
3058 5089 3112 5135 et
3141 5081 3194 5149 in
3228 5081 3334 5138 illis
3355 5099 3475 5139 ver-

1885 5173 1971 5228 bis
2009 5172 2220 5227 Domini
2269 5174 2466 5244 quibus
2493 5173 2809 5245 mysterium
2851 5174 3093 5243 corporis
3117 5182 3170 5229 et
3200 5176 3478 5246 sanguinis

1887 5264 1969 5320 sui
1996 5264 2217 5320 tradidit
2243 5282 2346 5320 non
2371 5264 2587 5335 legitur,
2610 5263 2822 5319 videtur
2843 5265 2909 5320 de
2930 5266 3036 5318 alio
3061 5265 3177 5321 loco
3200 5266 3476 5338 Evangelii

1878 5369 2163 5429 sumptum
2193 5376 2343 5425 esse,
2376 5361 2464 5415 ubi
2496 5360 2791 5417 secundum
2823 5358 3088 5416 Joannem
3131 5362 3198 5416 de
3248 5362 3350 5417 hoc
3390 5376 3478 5415 eo-

1893 5453 2013 5508 dem
2039 5463 2383 5510 sacrameuto
2416 5452 2736 5522 quibusdam
2771 5452 3050 5523 discipulis
3075 5470 3179 5507 non
3210 5453 3474 5509 credenti-

1892 5543 1992 5601 bus
2014 5546 2239 5616 loquens
2269 5547 2343 5599 ait
2370 5562 2382 5598 :
2421 5543 2585 5599 Verba
2611 5561 2729 5616 quis
2755 5545 2963 5599 locutus
2989 5561 3103 5599 sum
3136 5546 3275 5600 vobis
3320 5548 3480 5617 spiri-

1892 5647 1975 5694 tus
2018 5648 2066 5692 ct
2113 5640 2220 5692 vita
2266 5646 2406 5702 sunt,
2456 5637 2546 5691 sed
2590 5646 2710 5691 sunt
2749 5637 2966 5709 quidam
2993 5654 3058 5694 ea:
3085 5638 3223 5692 vobis
3253 5637 3343 5709 qui
3372 5654 3477 5693 non

1892 5728 2220 5785 crediderunt
2252 5726 2432 5802 (Joau.
2465 5743 2537 5784 γι.
2579 5728 2686 5801 ll).
2711 5727 2954 5788 Ostendit
2981 5730 3123 5789 enim
3145 5746 3202 5788 se
3223 5745 3489 5808 maguum.
