4006 6338
623 324 730 383 919

1438 319 1771 380 lilNCMARI
1807 321 2026 379 RHEM.
2065 322 2389 381 ARCHIEP.
2428 322 2794 384 OPUSCULA
2838 324 3072 382 VARlA.
3733 334 3810 392 εν)

627 447 829 506 dixisse
864 442 1183 519 mysterium
1221 454 1348 497 cum
1390 438 1505 495 ait:
1541 437 1709 494 Verba
1737 452 1856 510 qua:
1885 454 1979 510 ego
2009 438 2213 494 locutus
2241 444 2291 503 Α
2320 437 2425 493 hoc
2469 436 2921 508 frequentandum
2959 438 3360 495 commendavit
3399 436 3813 514 Ecclesia,un

626 556 745 597 sum
779 537 921 594 vobis
951 537 1167 608 spiritus
1209 543 1259 589 et
1300 534 1406 588 vita
1449 541 1572 587 sunt
1602 531 1786 602 (Joan.
1813 546 1890 597 vr,
1913 530 2047 604 65):
2082 545 2226 620 cum.

625 644 807 689 autem
851 628 1114 701 adiungit,
1145 626 1235 682 sed
1273 635 1395 681 sunt
1437 624 1655 696 quidam
1686 640 1752 680 ea;
1794 624 1936 704 vobis
1977 623 2066 695 qui
2106 640 2212 678 non

624 723 975 786 crediderunt,
1023 718 1258 777 ostendit
1286 731 1541 789 magnum
1581 717 1723 772 istud
1749 716 2064 788 mysterium
2101 730 2208 770 non

624 827 743 868 esse
756 811 861 867 nisi
883 810 1005 865 ﬁdei
1021 818 1076 866 et
1092 807 1449 877 ﬁdelium,qui
1470 807 1634 862 verba
1658 807 1903 883 audiunt,
1918 815 1972 861 et
1988 806 2108 861 ideo
2129 805 2211 861 eis

623 904 842 974 spiritus
876 910 932 957 et
956 902 1065 955 vita
1093 909 1239 964 sunt,
1271 899 1396 969 quia
1434 914 1530 954 eos
1576 898 1896 969 spiritaliter
1934 896 2209 952 intellecta

622 994 914 1051 viviﬁcant.
947 993 1144 1049 Totum
1177 1008 1308 1063 ergo
1331 991 1475 1062 quod
1502 991 1557 1045 in
1588 991 1691 1046 hac
1715 989 1992 1046 oblatione
2023 989 2209 1044 Domi-

621 1089 725 1145 nici
748 1088 993 1159 corporis
1011 1093 1066 1142 et
1078 1084 1356 1156 sanguinis
1377 1083 1572 1153 agitur,
1595 1082 1911 1154 mysterium
1932 1080 2210 1138 est.Aliud

620 1182 765 1238 enim
808 1181 1047 1246 videtur,
1089 1178 1234 1233 aliud
1277 1176 1628 1247 intelligitur:
1654 1175 1797 1246 quod
1838 1175 2054 1231 videtur
2082 1189 2209 1247 spe-

619 1275 759 1331 ciem
803 1274 971 1329 habet
1020 1269 1378 1342 corporalem,
1429 1270 1572 1340 quod
1607 1267 1926 1340 intelligitur
1970 1266 2208 1325 ﬁ'uctum

620 1367 787 1425 habet
807 1364 1165 1438 spiritualem.
1196 1362 1485 1420 Sciendum
1515 1377 1645 1418 vero
1666 1370 1769 1428 est,
1792 1360 1936 1433 quod
1957 1361 2208 1417 eumdem

622 1458 847 1513 calicem
874 1455 1144 1512 Dominici
1170 1454 1467 1523 sanguinis,
1485 1453 1640 1526 juxta
1664 1453 2063 1509 observantiam
2095 1451 2206 1508 Ec-

619 1545 804 1601 clesiae
845 1544 1124 1600 catholica:
1176 1542 1436 1614 apostolis
1490 1542 1775 1607 traditam,
1821 1542 1927 1598 nisi
1984 1538 2208 1597 mistum

620 1653 760 1707 aqua
782 1636 962 1694 offerri
986 1653 1093 1693 non
1125 1636 1274 1703 licet,
1300 1634 1615 1707 quiajunum
1639 1634 1775 1689 ﬁunt
1801 1635 1854 1689 in
1882 1632 2207 1704 redemptio-

617 1730 705 1784 nis
730 1737 930 1783 nostraa
945 1727 1205 1799 mysterio
1228 1742 1349 1783 cum
1369 1727 1448 1780 ait
1468 1744 1482 1780 :
1502 1725 1555 1780 N
1557 1743 1624 1781 an
1636 1725 1812 1780 bibam
1827 1726 2016 1780 amodo
2029 1741 2094 1779 ea:
2109 1726 2206 1779 hoc

2310 545 2418 601 que
2442 531 2558 600 ipse
2581 530 2764 587 veniat
2784 532 2838 586 in
2864 531 2972 586 ﬁne
2998 531 3199 598 saeculi,
3227 532 3443 602 quando
3461 534 3815 593 eritsanetorum

2310 622 2546 692 requies,
2592 637 2701 677 non
2747 623 2925 678 adhuc
2956 623 3009 676 in
3037 630 3379 677 sacramento
3414 622 3544 692 spei,
3568 638 3660 694 quo
3680 624 3815 683 inito:

2311 724 2556 787 tempore
2584 716 2929 771 consociatur
2953 714 3219 780 Ecclesia,
3250 713 3486 785 quandiu
3526 715 3699 771 bibitur
3715 720 3816 788 quod

2309 806 2379 862 de
2399 805 2600 861 Christi
2632 805 2803 861 latere
2827 807 3085 870 manavit,
3105 806 3200 860 sed
3224 806 3339 876 jam
3362 805 3415 859 in
3440 805 3546 874 ipsa
3560 806 3816 875 perfectione

2311 894 2509 952 salutis
2546 905 2781 959 aeternae,
2815 911 2939 952 eum
2989 898 3233 951 tradetur
3268 911 3489 967 regnum
3530 895 3630 951 Deo
3650 898 3816 954 etPatti

2308 993 2371 1040 ut
2403 986 2455 1040 in
2492 985 2584 1041 illa
2635 987 2920 1056 perspicua
2952 987 3410 1057 contemplatione
3451 988 3820 1047 incommutabilis

2313 1078 2563 1135 veritatis
2586 1078 2748 1134 nullis
2777 1081 3053 1151 mysteriis
3083 1079 3457 1151 corporalibus
3483 1095 3719 1153 egeamus.

2935 1174 3166 1231 CAPUT
3200 1174 3274 1228 Χ.

2318 1260 2479 1329 Quod
2501 1258 2593 1334 per
2626 1263 2820 1318 Christi
2854 1264 3201 1318 humilitatem
3226 1265 3388 1335 panis
3421 1264 3695 1333 angelorum
3715 1270 3819 1334 pratis

2312 1381 2325 1397 ι
2384 1332 2562 1388 noster
2589 1336 2761 1405 factus
2786 1336 2852 1388 sit
2878 1349 2896 1387 :
2921 1337 3159 1405 quodque
3179 1353 3209 1388 α
3226 1332 3444 1388 Christo
3466 1335 3568 1405 ipso
3590 1336 3669 1401 ,‘iat
3695 1332 3820 1389 conse-

2381 1406 2566 1479 cratio,
2583 1404 2630 1458 et
2653 1406 2707 1457 in
2727 1404 2953 1479 imagine
2969 1408 3121 1474 panis
3148 1422 3269 1479 vera
3291 1406 3358 1457 sit
3378 1421 3502 1479 (caro
3525 1404 3745 1479 (Σικίμῃ
3761 1423 3821 1458 tto-

2382 1474 2462 1528 bis
2488 1492 2605 1528 cum
2631 1474 2931 1545 paenitentia
2956 1485 3001 1530 et
3029 1476 3225 1529 mundo
3257 1476 3416 1533 corde
3443 1477 3772 1528 manducando.

2382 1565 2517 1621 Erat
2563 1565 2709 1619 enim
2758 1574 2917 1620 antea
2967 1566 3266 1620 secundum
3305 1565 3547 1619 ordinem
3586 1562 3819 1619 Judaaorutn

2308 1656 2490 1712 Aaron
2520 1656 2852 1712 sacriﬁcium
2901 1657 2956 1711 in
2998 1657 3236 1712 victimis
3266 1671 3542 1726 pecorum,
3585 1665 3633 1711 et
3673 1656 3813 1711 hocin

2312 1748 2597 1821 mysterio.
2627 1746 2876 1802 Nondum
2898 1762 3132 1817 namque
3153 1755 3276 1802 erat
3306 1746 3620 1801 sacriﬁcium
3639 1747 3819 1814 corporis

616 1820 875 1890 genimine
898 1820 1013 1874 vilis
1033 1818 1249 1891 (Matth.
1269 1834 1421 1884 xxvi,
1438 1819 1551 1890 29),
1570 1827 1625 1875 et
1638 1818 1886 1875 delatore
1903 1817 2045 1888 ejus,
2063 1817 2202 1888 quod

2311 1800 2679 1910 ethanguinis
2706 1838 2940 1903 Domini,
2969 1800 3115 1908 ψιλά
3151 1836 3341 1891 ﬁdeles
3375 1844 3567 1891 norunt
3595 1836 3672 1905 qui
3696 1800 3815 1889 iiun—

615 1913 803 1971 lancea
832 1912 1151 1969 transﬁxum
1181 1920 1293 1980 est,
1323 1928 1461 1985 aqua
1496 1929 1619 1968 cum
1658 1912 1919 1984 sanguine
1964 1927 2205 1983 egressa,

616 2009 802 2063 vinum
831 2007 900 2062 de
928 2020 1059 2062 vera
1082 2007 1265 2063 carnis
1288 2006 1406 2078 ejus
1432 2006 1541 2063 vite
1574 2022 1697 2062 cum
1721 2022 1862 2076 aqua
1890 2018 2207 2075 expressum

614 2100 872 2157 ostendit.
904 2098 1031 2155 Haec
1072 2100 1218 2155 enim
1250 2106 1374 2155 sunt
1415 2106 1755 2155 sacramenta
1785 2096 2061 2161 Ecclesiae,
2090 2094 2208 2150 sine

614 2192 815 2261 quibus
840 2191 907 2245 ad
936 2190 1103 2244 vitam
1133 2205 1256 2260 qua:
1281 2204 1411 2245 vera
1439 2189 1550 2244 vita
1577 2198 1662 2245 est
1687 2204 1794 2244 non
1828 2187 2080 2243 intratur.
2114 2185 2207 2241 ille

614 2279 837 2351 sanguis
868 2280 923 2335 in
954 2279 1331 2336 remissionem
1379 2279 1532 2335 fusus
1558 2288 1644 2334 est
1666 2286 2033 2349 peccatorum,
2066 2292 2206 2349 aqua

614 2370 706 2426 illa
750 2369 988 2426 salutare
1037 2377 1302 2440 temperat
1344 2368 1617 2438 poculum,
1663 2368 1780 2422 haec
1826 2374 1883 2422 et
1929 2367 2207 2423 lavacrum

611 2469 837 2533 praestat
865 2470 922 2516 et
963 2470 1173 2532 potum.
1206 2459 1320 2516 Hoc
1365 2468 1536 2516 totum
1582 2459 1877 2515 Dominicae
1917 2458 2209 2516 oblationis

611 2551 935 2623 mysterium
978 2560 1183 2622 quanta
1230 2551 1433 2621 pietate
1475 2558 1532 2606 et
1571 2565 1756 2605 amore
1803 2552 2069 2621 agendum
2112 2551 2206 2616 sit,

614 2645 960 2701 commendat
985 2644 1105 2715 ipse
1127 2644 1389 2700 Dominus
1413 2642 1642 2698 dicendo
1666 2661 1679 2697 :
1710 2641 1842 2698 Παει-
1869 2643 2207 2713 quotiescun-

612 2754 712 2806 que
736 2737 960 2807 feceritis
982 2737 1039 2792 in
1063 2738 1165 2792 mei
1199 2738 1504 2795 memoriam
1534 2736 1739 2807 facietis
1763 2735 1814 2806 (Ι
1841 2734 1965 2791 Cor.
1992 2751 2067 2800 ιι,
2090 2735 2206 2806 25).

615 2828 770 2896 Quod
811 2843 1087 2900 exponens
1132 2830 1419 2900 Apostolus
1462 2830 1531 2886 ad
1561 2829 1873 2885 Corinthios
1915 2829 2035 2884 ait:
2065 2828 2211 2895 Quo-

614 2922 916 2993 tiescunque
935 2923 1076 2977 enim
1108 2922 1493 2977 manducabitis
1518 2939 1708 2992 panem
1748 2924 1887 2977 hunc
1913 2931 1961 2976 et
1991 2921 2207 2976 calicem

620 3010 829 3078 bibatis,
874 3021 1096 3067 mortem
1140 3012 1354 3068 Domini
1399 3012 1779 3067 annuntiabitis
1818 3011 1982 3067 donec
2034 3013 2207 3067 veniat

614 3103 769 3174 (ibid.
822 3102 936 3175 26).
984 3103 1133 3160 Illius
1179 3118 1307 3176 ergo
1354 3105 1512 3176 panis
1541 3112 1597 3160 et
1618 3102 1802 3159 calieis
1825 3102 2028 3158 oblatio
2054 3119 2203 3160 mor-

612 3194 687 3250 tis
706 3192 909 3250 Christi
928 3202 1012 3251 est
1031 3195 1474 3250 commemoratio
1499 3203 1555 3250 et
1575 3192 1936 3259 annuntiatio,
1959 3207 2078 3263 qum
2094 3209 2202 3249 non

612 3294 729 3341 tam
774 3284 955 3341 verbis
999 3299 1162 3355 quam
1205 3284 1338 3356 ipsis
1381 3284 1656 3357 mysteriis
1700 3283 1900 3356 agitur,
1944 3298 2045 3355 per
2082 3298 2205 3354 qua:

610 3378 819 3436 nostris
845 3378 1120 3435 mentibus
1148 3393 1296 3434 mors
1330 3377 1419 3433 illa
1450 3378 1686 3449 pretiosa
1717 3377 1882 3432 altius
1918 3383 1974 3433 et
2007 3375 2204 3432 fortius

615 3471 1050 3526 commendatur.
1077 3468 1214 3536 Quid
1240 3478 1324 3525 est
1345 3468 1491 3524 enim
1520 3468 1711 3523 mortis
1737 3466 1946 3523 Christi
1965 3481 2205 3523 comme-

609 3562 867 3627 moratio,
891 3562 1000 3617 nisi
1022 3560 1303 3616 charitatis
1322 3558 1439 3629 ejus
1459 3559 1892 3615 commendatio?
1916 3575 2077 3630 quam
2107 3576 2204 3615 no-

608 3650 697 3707 bis
720 3651 913 3706 beatus
938 3649 1268 3721 evangelista
1304 3651 1690 3706 commendans
1714 3650 1822 3704 ait’
1841 3648 2024 3705 Sciens
2044 3649 2202 3705 Iesus

610 3726 736 3814 quia
775 3741 910 3796 venit
952 3741 1085 3796 hora
1122 3742 1236 3812 ejus
1277 3751 1333 3796 ut
1374 3751 1607 3796 transeat
1651 3757 1716 3796 ea:
1744 3742 1841 3796 hoc
1884 3743 2081 3797 mundo
2129 3743 2200 3824 ad

609 3826 853 3897 Patrem,
881 3847 1002 3885 cum
1025 3829 1290 3887 dilexisset
1316 3847 1440 3887 suos
1479 3832 1570 3903 qui
1609 3842 1757 3887 erant
1801 3832 1858 3886 in
1895 3833 2114 3899 mundo,
2142 3834 2201 3889 in

608 3919 769 3989 ﬁnem
815 3919 998 3977 dilexit
1044 3938 1132 3977 eos
1168 3921 1351 3995 (Joan.
1399 3939 1522 3989 xm,
1556 3923 1630 3994 l).
1682 3921 1740 3978 Id
1786 3932 1869 3978 est
1907 3938 2080 3994 usque
2129 3922 2198 3978 ad

606 4018 841 4067 mortem
877 4026 1002 4068 eum
1035 4011 1127 4068 illa
1173 4012 1391 4069 dilectio
1418 4012 1688 4084 perduxit.
1718 4011 1853 4080 Quia
1881 4022 2087 4069 tantum
2116 4013 2198 4070 di-

603 4101 741 4159 lexit
770 4119 866 4161 eos
895 4113 954 4161 ut
980 4114 1286 4161 moreretur
1309 4114 1530 4175 propter
1569 4120 1683 4161 eos.
1713 4104 1826 4161 Hoc
1850 4106 1994 4161 enim
2027 4114 2193 4162 testa-

608 4204 701 4251 tus
729 4203 812 4251 est
832 4196 1021 4253 dicens
1045 4215 1058 4252 :
1084 4196 1345 4267 Majorem
1366 4197 1465 4251 hac
1487 4195 1815 4252 dilectionem
1840 4213 1988 4253 nemo
2016 4198 2191 4265 habet,

602 4296 662 4341 ut
698 4288 932 4343 animam
970 4304 1123 4344 suam
1150 4297 1309 4359 ponat
1347 4290 1464 4361 quis
1507 4306 1603 4359 pro
1630 4289 1813 4345 amicis
1857 4290 1966 4345 suis
2007 4289 2189 4361 (Joan.

601 4395 696 4447 xv,
734 4381 845 4451 15).
894 4379 1193 4452 Propterea
1234 4391 1292 4436 et
1321 4382 1494 4437 iturus
1521 4382 1588 4437 ad
1619 4382 1946 4452 passionem,
1992 4390 2049 4437 et
2094 4398 2194 4452 per

2231 3151 2278 3214 C

2309 1929 2508 2003 gelium
2528 1930 2801 2002 legerunt.
2833 1929 2990 1997 Quod
3014 1927 3350 1984 sacriﬁcium
3373 1942 3516 1981 nunc
3539 1925 3745 1980 diffusum
3762 1934 3819 1979 est

2310 2030 2424 2078 toto
2464 2022 2598 2077 orbe
2632 2034 2897 2076 terrarum
2936 2036 3035 2091 per
3069 2035 3194 2075 eum
3233 2019 3304 2075 de
3343 2031 3451 2089 quo
3483 2017 3705 2087 scriptum
3726 2025 3815 2070 est:

2308 2111 2517 2167 Iuravit
2549 2110 2805 2165 Dominus
2834 2120 2879 2165 et
2914 2127 3016 2165 non
3039 2110 3303 2181 paenitebit
3332 2125 3470 2172 eum,
3496 2117 3549 2161 tu
3578 2103 3815 2160 asacerdos

2306 2205 2364 2259 in
2393 2214 2646 2259 wternum
2685 2203 2972 2258 secundum
3013 2203 3252 2257 ordinem
3296 2201 3650 2255 Melchisedech
3692 2197 3809 2269 (Psal.

2308 2310 2395 2350 CIX
2417 2335 2434 2360 ,
2460 2294 2539 2365 4).
2567 2294 2681 2349 Iloc
2704 2294 2771 2348 de
2796 2294 3024 2350 Domino
3050 2301 3240 2350 nostro
3279 2291 3407 2348 Jesu
3443 2292 3641 2348 Christo
3667 2292 3811 2345 dictum

2311 2394 2417 2451 est,
2448 2385 2577 2455 quia
2613 2384 2786 2440 voluit
2817 2400 2940 2440 esse
2966 2384 3194 2440 salutem
3226 2393 3471 2439 nostram
3493 2384 3543 2437 in
3571 2397 3749 2452 corpore
3773 2388 3810 2435 ct

2315 2475 2581 2545 sanguine
2602 2490 2723 2541 suo,
2756 2490 2876 2545 qua:
2905 2474 3309 2530 commendavit
3333 2475 3487 2529 nobis
3509 2475 3568 2529 de
3588 2472 3809 2528 humilitate

2309 2577 2427 2620 sua.
2452 2564 2567 2620 Nisi
2596 2566 2741 2620 enim
2773 2575 2918 2620 esset
2943 2564 3186 2629 humilis,
3221 2580 3329 2619 non
3355 2565 3726 2618 manducaretur
3743 2575 3808 2613 nec

2310 2657 2608 2710 bilteretnr.
2656 2656 2884 2726 ReSpice
2916 2654 3259 2710 altitudinem
3295 2654 3461 2725 ipsius
3497 2672 3511 2708 :
3545 2652 3606 2706 In
3625 2651 3805 2722 principia

2311 2727 2679 2807 erat'verbum,
2714 2756 2760 2800 et
2784 2746 2994 2800 verbum
3016 2755 3130 2800 erat
3155 2746 3301 2815 apud
3324 2762 3443 2798 eum
3468 2742 3629 2814 (Joan.
3650 2741 3698 2811 ι).
3716 2740 3807 2795 Me

2309 2837 2466 2892 cibus
2504 2836 2888 2905 sempiternus.
2922 2833 3030 2890 Sed
3070 2834 3409 2889 ntandueant
3451 2831 3626 2903 angeli,
3650 2829 3802 2884 mandu-

2310 2936 2438 2982 cant
2460 2941 2707 2998 superna:
2734 2926 2983 2991 virtutes,
3014 2924 3351 2979 manducant
3380 2923 3614 2979 caelestes
3631 2919 3804 2989 spiritus,

2309 3030 2365 3075 et
2385 3022 2716 3076 manducent
2735 3029 2791 3074 et
2808 3020 3151 3090 saginantur,
3170 3027 3231 3072 et
3252 3019 3518 3088 integrum
3542 3021 3689 3069 manet
3707 3009 3804 3081 quod

2310 3129 2405 3169 eos
2444 3113 2608 3170 satiat
2648 3121 2705 3168 et
2747 3111 3003 3167 laetiﬁcat.
3034 3109 3166 3178 Quis
3198 3120 3383 3165 autem
3420 3110 3571 3164 homo
3601 3105 3804 3176 pervenire

2308 3213 2494 3275 posset
2520 3203 2589 3258 ad
2616 3201 2763 3257 illum
2790 3201 3011 3256 cibum?
3031 3200 3173 3255 unde
3200 3215 3301 3255 cor
3337 3198 3575 3254 idoneum
3595 3195 3657 3249 illi
3689 3189 3802 3246 cibo!

2308 3295 2604 3368 Oportebat
2632 3310 2763 3367 ergo
2788 3303 2848 3350 ut
2868 3280 3055 3350 mensa
3080 3294 3166 3349 illa
3197 3294 3531 3349 laetesceret.
3558 3300 3609 3344 ut
3631 3283 3801 3358 parvulis

2306 3388 2638 3460 proveniret.
2677 3386 2830 3443 Unde
2857 3396 3039 3441 autem
3071 3386 3130 3440 ﬁt
3155 3385 3319 3440 cibus
3349 3384 3465 3439 lac!
3484 3383 3608 3437 unde
3628 3380 3743 3435 cibus
3763 3375 3798 3428 in

2306 3480 2392 3536 lac
2433 3479 2787 3544 convertitur,
2833 3479 2935 3533 nisi
2978 3495 3077 3548 per
3119 3492 3346 3533 carnem
3394 3468 3799 3547 trajiciaturiNau

2305 3581 2481 3627 mater
2510 3572 2613 3626 hoc
2630 3569 2783 3625 facit.
2823 3569 2977 3638 Quod
3004 3570 3300 3624 manducat
3320 3578 3504 3631 mater,
3530 3566 3619 3619 hoc
3643 3558 3798 3616 mandu-

2303 3673 2394 3721 eat
2424 3662 2635 3729 infans;
2673 3661 2767 3717 sed
2809 3663 2936 3732 quia
2971 3661 3147 3715 minus
3191 3669 3281 3715 est
3320 3661 3533 3715 idoneus
3559 3654 3704 3710 infans
3736 3648 3797 3716 qui

2302 3768 2444 3825 pane
2472 3760 2742 3816 vescatur,
2779 3752 2956 3821 ipsum
2988 3760 3160 3804 mater
3190 3749 3468 3812 inearnat,
3492 3754 3542 3802 et
3565 3760 3648 3815 per
3680 3739 3796 3796 humi-

2302 3843 2525 3900 ditalem
2548 3841 2800 3898 mamillae
2827 3843 2884 3896 in
2906 3840 3062 3897 laetis
3085 3857 3309 3897 succum
3332 3841 3398 3896 de
3420 3841 3526 3910 ipso
3546 3852 3661 3908 pane
3677 3829 3796 3901 pascit

2303 3930 2588 3987 infantem.
2622 3929 2904 3996 Quomodo
2932 3930 3153 4009 ergo_de
3174 3930 3295 3999 ipso
3324 3945 3457 4000 pane
3483 3926 3630 3998 pascit
3652 3934 3722 3975 nos

2298 4024 2501 4094 pientia
2530 4023 2661 4077 Dei?
2686 4022 2811 4093 quia
2844 4006 3074 4076 Verbum
3097 4038 3222 4075 caro
3249 4023 3443 4091 factum
3469 4029 3537 4073 est
3555 4029 3595 4071 et
3612 4006 3791 4068 habitarit

2301 4118 2355 4172 in
2403 4115 2550 4169 nobis
2599 4113 2774 4186 (ibid.,
2818 4112 2929 4184 M).
2958 4112 3148 4167 Videte
3175 4128 3305 4184 ergo
3330 4096 3791 4169 ltumilitatem,qnil

2298 4224 2489 4280 panem
2507 4206 2819 4277 angelorum
2835 4205 3183 4260 manducavit
3207 4207 3387 4269 homo,
3405 4202 3690 4270 utscriptum
3703 4200 3789 4246 est:

2297 4301 2500 4356 Panem
2538 4300 2652 4355 caeli
2682 4300 2823 4354 dedit
2854 4301 2949 4363 eis,
2980 4317 3167 4372 panem
3208 4299 3501 4369 angelorum
3544 4283 3790 4348 manducavit

2295 4393 2448 4447 homo
2466 4389 2637 4465 (Psal.
2660 4407 2865 4456 Lxxvu,
2884 4390 2994 4458 '15).
3019 4391 3077 4448 ld
3096 4398 3178 4446 est
3206 4409 3220 4445 :
3256 4391 3478 4445 Verbum
3504 4384 3615 4441 illud
3633 4393 3713 4449 quo
3728 4388 3790 4442 ll“

601 4470 1018 4527 resurrectionis
1044 4482 1100 4525 et
1134 4471 1468 4528 ascensionis
1512 4471 1738 4543 gloriam
1787 4472 2122 4528 discessurus
2159 4488 2191 4528 e
2220 4501 2271 4561 ι)
2298 4464 2525 4537 ...ιηωτ
2558 4482 2731 4551 angeli
2766 4481 3179 4552 sempiternum,
3209 4481 3351 4552 quod
3377 4488 3456 4534 est
3480 4473 3654 4545 :equale
3671 4464 3788 4525 Patri.

606 4561 835 4626 mundo,
864 4559 967 4616 hoc
1010 4570 1406 4617 sacramentum
1438 4561 1687 4616 ultimum
1717 4560 1994 4631 discipulis
2025 4562 2192 4616 tradi-

609 4652 711 4717 dit,
736 4662 798 4706 ut
822 4651 1140 4708 memoriam
1170 4661 1334 4709 tantae
1360 4654 1664 4720 eharitatis,
1701 4669 1801 4725 per
1828 4669 1992 4726 quam
2019 4654 2189 4710 solam

601 4743 904 4810 solvamur,
927 4743 1089 4802 altius
1110 4760 1298 4801 eorum
1325 4747 1597 4803 mentibus
1616 4748 1883 4820 inﬁgeret.
1912 4747 2193 4816 Quatenus

603 4848 824 4905 semper
869 4848 1139 4892 memores
1166 4835 1354 4902 simus,
1386 4846 1442 4891 et
1472 4837 1684 4908 quales,
1712 4849 1766 4894 et
1805 4848 2067 4909 quantum
2121 4841 2190 4896 ab

604 4941 671 4983 eo
696 4926 876 4982 dilecti
909 4927 1102 4994 simus,
1129 4943 1199 4984 ne
1221 4928 1287 4984 de
1322 4928 1479 4983 nobis
1502 4929 1820 5000 gloriemur,
1846 4939 2107 5001 quantum
2134 4939 2194 4985 ut

604 5021 672 5077 de
694 5019 786 5076 illo
820 5035 1119 5091 speremus.
1154 5021 1306 5089 Quod
1332 5028 1618 5091 utrumque
1647 5021 1934 5092 diligenter
1962 5023 2197 5093 amplius

508 5150 513 5157 β
604 5116 828 5186 exponit
869 5126 924 5172 et
972 5115 1206 5171 inculcat
1250 5114 1471 5172 dicens:
1502 5115 1571 5170 Ut
1593 5118 1718 5187 quid
1749 5120 1886 5172 enim
1928 5118 2196 5185 Christus,

607 5221 727 5259 cum
777 5206 952 5261 adhuc
987 5206 1186 5276 inﬁmi
1234 5223 1482 5273 essemus,
1522 5209 1807 5263 secundum
1852 5220 2054 5279 tempus
2099 5229 2193 5283 pro

608 5296 784 5366 impiis
816 5305 1053 5352 mortuus
1098 5306 1174 5352 est
1219 5296 1397 5369 (Rom.
1430 5314 1483 5361 v,
1517 5298 1617 5366 6)?
1646 5299 1708 5353 Et
1755 5309 1878 5370 post
1920 5292 2194 5370 paululum

602 5387 839 5444 dicitur:
866 5389 1209 5444 Commendat
1232 5400 1428 5456 autent,
1471 5390 1665 5461 inquit,
1698 5409 1848 5446 suam
1879 5393 2189 5448 charitatem

608 5478 746 5535 Deus
776 5479 832 5534 in
860 5479 1029 5545 nobis,
1059 5480 1305 5551 quoniam
1336 5481 1382 5535 si
1407 5498 1526 5534 cum
1570 5482 1744 5536 adhuc
1788 5492 2085 5551 peccatores
2113 5500 2192 5538 es-

598 5584 798 5635 semus,
830 5566 1072 5624 Christus
1117 5588 1212 5642 pro
1236 5570 1380 5624 nobis
1427 5582 1663 5626 mortuus
1701 5581 1798 5639 est,
1834 5573 1997 5628 multo
2032 5575 2194 5645 igitur

605 5663 774 5731 magis
791 5661 1077 5731 justiﬁcati
1113 5680 1250 5717 nunc
1272 5664 1325 5717 in
1356 5665 1610 5734 sanguine
1651 5666 1814 5735 ipsius
1833 5666 1962 5720 salvi
1997 5668 2192 5722 erimus

598 5751 665 5804 ab
705 5749 787 5805 ira
814 5768 905 5822 per
968 5754 1138 5823 ipsum
1197 5751 1350 5824 (ibid.
1389 5751 1500 5823 89).
1567 5752 1680 5810 Hoc
1725 5770 1855 5825 ergo
1897 5755 2185 5823 agendum,

2296 4572 2641 4627 manducavit
2673 4571 2834 4625 homo
2853 4610 2870 4635 ,
2899 4570 3025 4639 quia
3055 4587 3172 4625 cum
3203 4571 3255 4624 in
3278 4569 3443 4639 {arma
3468 4566 3551 4620 Dei
3576 4568 3696 4620 esset,
3718 4566 3787 4607 m

2294 4663 2535 4732 rapinam
2557 4661 2688 4715 arbit
2699 4678 2773 4715 rut
2783 4678 2841 4717 us
2867 4672 2940 4716 est
2971 4679 3080 4716 esse
3098 4660 3349 4732 a’qualcm
3372 4675 3424 4713 se
3444 4657 3561 4710 Deo.
3592 4648 3786 4720 Sagiﬂan'

2296 4763 2387 4809 tur
2416 4754 2504 4808 illo
2532 4753 2728 4823 angeli,
2762 4753 2855 4807 sed
2880 4754 3212 4825 semetipsum
3238 4749 3532 4811 exinaniuit,
3558 4735 3785 4832 utmandu:

2297 4852 2449 4899 caret
2492 4859 2686 4914 panem
2727 4843 3044 4914 angelorum
3078 4843 3259 4898 homo.
3301 4840 3537 4895 Formam
3562 4831 3669 4922 serti
3690 4831 3785 4922 σεξῑε

2295 4935 2441 5005 piens
2471 4935 2527 4989 in
2552 4933 2949 4988 similitudinem
2991 4933 3259 4987 hominum
3283 4932 3448 5001 [actus
3469 4968 3483 4992 ,
3509 4935 3550 4979 et
3568 4918 3708 4976 habits
3726 4918 3782 5005 ξπτ

2298 4999 2479 5082 uentus
2510 5035 2565 5079 ut
2585 5026 2760 5090 homo,
2784 5024 3077 5077 humiliavit
3098 5041 3151 5078 se
3166 4999 3337 5093 factus
3359 5018 3576 5074 obediens
3597 4999 3780 5078 usque“

2300 5127 2551 5179 mortem,
2586 5125 2803 5169 mortem
2830 5124 3005 5168 autem
3034 5116 3207 5168 crucis
3229 5111 3440 5182 (Philip.
3470 5124 3534 5167 tt,
3569 5094 3779 5190 Gisia"?

2291 5208 2405 5278 jam
2427 5206 2492 5260 de
2516 5219 2677 5260 cruce
2705 5205 3178 5258 commendaretur
3197 5219 3323 5257 caro
3344 5209 3396 5255 et
3415 5193 3604 5262 sanguis
3623 5188 3777 5241 Donum

2298 5311 2496 5351 novum
2528 5293 2877 5348 sacriﬁcium.
2906 5292 3133 5360 Quando
3158 5292 3461 5362 loquebatur
3485 5279 3694 5338 Dominus
3710 5280 3776 5367 no-

2298 5398 2412 5457 ster
2451 5385 2609 5442 Iesus
2654 5383 2903 5440 Christus
2932 5385 2998 5440 de
3042 5398 3267 5454 corpore
3315 5395 3451 5436 suo:
3489 5370 3609 5433 Nisi,
3633 5364 3772 5461 inquit.

2297 5476 2689 5533 manducauerit
2715 5476 2831 5547 quis
2856 5490 3063 5529 carnem
3093 5489 3257 5529 meam
3284 5481 3329 5526 et
3360 5464 3523 5523 biberit
3543 5457 3771 5547 sanguineis

2298 5586 2494 5635 meum,
2528 5585 2632 5623 non
2661 5567 2865 5621 habebit
2891 5566 3049 5620 vitam
3083 5565 3136 5620 in
3157 5580 3231 5619 se.
3265 5561 3396 5617 Caro
3422 5556 3542 5612 enim
3573 5561 3662 5603 mea
3691 5546 3769 5635 "ff

2301 5673 2375 5718 est
2402 5677 2520 5715 esca
2538 5700 2553 5725 ,
2576 5668 2624 5712 et
2647 5658 2861 5728 sanguis
2886 5673 3030 5712 meus
3059 5673 3173 5712 vere
3199 5665 3271 5711 est
3302 5661 3443 5726 potus
3468 5644 3618 5719 (Joan.

2302 5764 2349 5810 et
2375 5753 2487 5819 56).
2516 5721 2824 5810 intellectus
2850 5748 3143 5821 spiritualis
3177 5721 3467 5805 credentem
3497 5736 3629 5792 alium
3658 5721 3760 5779 lic“:
