4006 6338
183 365 296 423 921

1373 363 1463 423 DE
1497 363 1833 425 CAVENDIS
1872 363 2071 424 VITIIS
2091 409 2107 436 ,
2143 368 2297 426 ETC.

3362 375 3471 434 Μ

184 479 324 550 quia
351 477 525 534 littera
555 477 777 544 occidit,
810 477 1026 549 spiritus
1057 484 1142 533 est
1165 475 1258 549 qui
1288 476 1513 546 vivi/icat
1543 475 1628 549 (11
1658 475 1782 533 Cor.
1811 475 1866 537 Α
1890 476 2056 544 άὶιὶω,
2088 481 2346 552 perjuria,
2377 482 2517 552 falsa
2545 483 2862 550 testimonia,
2907 492 2958 539 et
3001 484 3202 558 reliqua
3226 505 3346 558 qua:
3377 505 3470 544 eo-

184 589 280 640 m,
313 573 392 644 6).
422 572 678 645 Discipuli
701 571 847 628 enim
881 570 998 640 ejus
1025 571 1118 643 qui
1143 585 1270 626 eum
1296 571 1664 641 sequebantur
1688 585 1782 626 ex-

183 674 469 737 paverunt
493 672 548 720 et
587 664 1002 727 exhorruerunt,
1027 677 1332 719 sermonem
1357 677 1462 717 non
1487 661 1786 732 intelligen-

184 766 305 826 tes,
330 767 385 813 et
404 765 655 829 putantes
676 758 860 812 nescio
882 756 1012 828 quid
1051 757 1247 812 durum
1289 755 1471 812 dicere
1495 755 1784 812 Dominum

183 861 450 906 nostrum
478 849 662 906 Jesum
698 849 1006 915 Christum,
1039 849 1181 919 quod
1217 863 1439 904 carnem
1468 849 1587 920 ejus
1621 862 1785 918 quem

183 941 456 997 videbant
485 939 860 996 manducaturi
887 949 1043 996 erant
1063 980 1079 1005 ,
1109 947 1167 995 et
1185 940 1502 1011 sanguinem
1535 939 1782 1006 bibituri,

184 1042 249 1086 et
275 1047 383 1085 non
411 1038 700 1098 potuerunt
725 1031 976 1086 tolerare.
995 1029 1102 1085 Sed
1125 1031 1263 1099 ipse,
1291 1046 1414 1086 cum
1437 1030 1782 1086 commenda-

189 1128 285 1172 ret
318 1119 491 1188 ipsum
511 1135 708 1189 corpus
745 1135 901 1175 suum
945 1131 1002 1176 et
1021 1121 1337 1191 sanguinem
1361 1137 1548 1188 suum,
1577 1122 1786 1193 accepit

187 1210 253 1265 in
293 1225 486 1264 manus
512 1225 640 1265 suas
670 1211 815 1281 quod
838 1221 1036 1266 norunt
1063 1211 1272 1278 ﬁdeles,
1297 1220 1352 1267 et
1383 1213 1497 1283 ipse
1517 1228 1576 1268 se
1601 1221 1788 1283 porta-

188 1300 292 1356 bat
317 1303 709 1370 quodammodo
735 1317 858 1357 cum
884 1304 1088 1358 diceret
1114 1322 1126 1358 :
1152 1302 1268 1358 Hoc
1286 1315 1358 1360 est
1382 1322 1569 1376 corpus
1590 1322 1782 1360 meum.

192 1395 336 1463 Quia
383 1386 506 1450 cum
552 1397 900 1451 commendat
941 1411 1138 1466 corpus
1169 1406 1223 1453 et
1253 1399 1569 1470 sanguinem
1602 1414 1783 1464 suum,

193 1488 565 1544 humilitatem
595 1504 750 1544 suam
785 1492 1150 1545 commendat.
1181 1491 1357 1560 Ipsam
1392 1492 1536 1546 enim
1562 1491 1784 1546 humili-

193 1590 370 1636 tatem
404 1595 560 1636 suam
600 1581 788 1636 docuit
829 1581 1088 1636 Dominus
1138 1589 1324 1638 noster
1363 1582 1418 1636 in
1465 1596 1690 1651 corpore
1731 1588 1787 1636 et

195 1675 464 1746 sanguine
492 1690 610 1730 suo.
653 1674 927 1745 Sapientia
960 1675 1076 1741 Dei,
1109 1691 1272 1746 quam
1317 1677 1621 1732 videbimus
1644 1675 1785 1731 facie

197 1772 268 1824 ad
310 1769 524 1834 faciem,
569 1777 625 1824 et
669 1784 860 1824 omnes
899 1769 1223 1835 videbimus,
1264 1779 1319 1825 et
1365 1785 1524 1825 nemo
1567 1770 1780 1833 zelabit,

1884 572 2162 642 inquinant
2203 572 2463 628 hominem
2491 573 2707 645 (Matth.
2736 591 2828 641 xv,
2858 575 2968 647 I9).
3022 577 3126 633 Et:
3168 579 3276 650 Age
3304 581 3470 650 pumi-

1885 665 2102 720 tentiam
2118 665 2526 736 (Act.vln,9.2).
2562 666 2884 724 Ptenitentia
2915 678 3096 724 autem
3127 681 3180 726 et
3206 673 3473 727 munditia

1872 756 2070 840 cordis
2091 755 2223 812 facit
2249 766 2302 812 te
2325 758 2586 814 accedere
2611 760 2678 814 ad
2706 763 2896 825 Deum,
2925 772 2980 818 et
3006 763 3248 833 recipere
3275 766 3472 820 stolam

1885 848 2126 919 priorem
2149 888 2165 914 ,
2202 862 2362 917 quam
2392 849 2626 918 perdidit
2657 853 2913 924 prodigus
2943 854 3106 920 ﬁlius,
3137 857 3437 910 substantia
3465 897 3480 920 ,

1887 961 2054 1016 quam
2087 962 2116 1002 a
2145 956 2300 1017 patre
2332 962 2430 1002 suo
2460 956 2776 1017 acceperat,
2825 947 3083 1017 dissipata
3125 965 3247 1004 cum
3294 964 3472 1004 mere-

1887 1038 2118 1093 tricibus
2163 1037 2396 1093 vivendo
2447 1037 2742 1092 luxuriose.
2803 1037 2929 1092 Ilmc
2975 1040 3118 1093 enim
3171 1039 3475 1094 substantia

1888 1130 2044 1185 nobis
2080 1138 2164 1185 est
2193 1146 2221 1184 a
2251 1129 2362 1184 Deo
2390 1129 2587 1184 donata
2609 1170 2624 1194 ,
2661 1143 2822 1183 omne
2861 1129 3003 1197 quod
3033 1130 3284 1195 vivimus,
3323 1131 3472 1199 sapi-

1887 1238 2028 1288 mus,
2057 1223 2379 1293 cogitamus,
2410 1222 2462 1276 in
2486 1222 2649 1277 verba
2679 1221 3116 1291 prorumpimus;
3151 1233 3205 1276 et
3233 1223 3286 1276 in
3319 1221 3476 1276 dissi-

1889 1317 2111 1388 patione
2144 1315 2305 1385 hujus
2333 1314 2650 1370 substantiae
2676 1312 2868 1366 stolam
2899 1312 3231 1382 perdidimus
3251 1354 3266 1378 ,
3304 1313 3356 1366 id
3391 1321 3474 1367 est

1887 1415 2097 1461 vestem
2127 1405 2363 1474 Spiritus
2395 1403 2598 1468 sancti,
2642 1410 2850 1456 vestem
2890 1401 3215 1472 nuptialem,
3268 1409 3473 1454 vestem

1890 1496 2235 1561 innocentite,
2259 1511 2422 1565 quam
2445 1495 2536 1565 qui
2564 1508 2670 1548 non
2695 1494 2965 1558 habuerit,
2997 1508 3100 1547 non
3129 1501 3305 1563 potest
3333 1493 3478 1562 regis

1889 1588 2152 1644 interesse
2204 1587 2474 1642 convivio.
2545 1585 2718 1652 Quam
2769 1587 2907 1640 bene
2959 1585 3210 1639 conditus
3265 1584 3478 1652 accepit

1891 1677 2072 1741 homo,
2099 1675 2239 1730 male
2266 1691 2296 1730 a
2325 1684 2574 1746 serpente
2601 1689 2896 1745 persuasus
2923 1674 3178 1744 perdidit,
3203 1688 3477 1742 quamque

1892 1767 1946 1821 in
1975 1767 2298 1836 baptismate
2332 1766 2656 1835 recepimus.
2691 1762 2798 1819 Sed
2829 1772 2882 1818 et
2911 1772 3033 1834 post
3061 1764 3349 1833 baptisma,
3381 1779 3479 1832 per

196 1861 453 1916 omnibus
480 1830 540 1915 sc
565 1860 783 1916 exhibet
812 1871 866 1916 et
896 1861 1104 1932 integra
1132 1830 1219 1917 est
1244 1869 1299 1918 et
1327 1871 1477 1918 casta
1500 1872 1584 1917 est
1603 1830 1782 1917 omni;
1813 1830 1862 1890 Β
1892 1830 2082 1929 dignos
2109 1858 2440 1928 pmnitentize
2459 1830 2674 1912 l'ructus
2699 1830 2930 1925 gratiam
2960 1855 3051 1910 Dei
3081 1830 3394 1925 recipimus,
3419 1865 3475 1910 et

195 1951 322 2006 bus.
349 1950 429 2004 Illi
463 1957 744 2004 mutantur
775 1951 831 2005 in
863 1964 1011 2016 eum,
1053 1960 1109 2006 et
1156 1953 1268 2022 ipsc
1303 1953 1357 2006 in
1402 1968 1497 2008 eos
1527 1969 1633 2008 non
1667 1969 1786 2008 mu-

199 2048 365 2095 tatur.
387 2040 502 2110 Ipse
521 2049 604 2096 est
624 2041 849 2107 veritas,
871 2041 984 2109 ipse
1013 2049 1093 2096 est
1124 2041 1282 2096 Deus.
1313 2043 1526 2098 Veritas
1553 2043 1785 2098 Verbum

198 2129 297 2184 Dei
353 2137 458 2197 est,
518 2129 783 2200 sapientia
827 2130 925 2184 Dei
977 2138 1080 2196 est,
1127 2145 1226 2200 per
1259 2146 1420 2201 quem
1471 2132 1614 2188 facta
1663 2141 1788 2188 sunt

198 2219 405 2282 omnia,
439 2219 532 2288 qui
561 2218 698 2273 dixit
724 2233 739 2273 :
771 2217 1092 2274 Potestatem
1115 2221 1276 2276 habeo
1303 2224 1528 2292 ponendi
1555 2224 1788 2278 animam

191 2326 371 2363 meam
400 2309 578 2380 (Joan.
605 2327 662 2376 ι,
693 2309 804 2381 18).
825 2311 943 2381 Ipsa
969 2321 1053 2367 est
1078 2313 1354 2368 humilitas
1377 2314 1588 2369 Domini
1617 2315 1788 2370 nostri

190 2397 325 2453 Jesu
354 2397 586 2464 Christi,
612 2401 726 2470 ipsa
754 2401 981 2456 multum
997 2404 1424 2458 'commendatur
1454 2405 1784 2474 hominibus,

191 2489 269 2543 ad
294 2490 467 2558 ipsam
509 2505 608 2544 nos
647 2492 900 2547 hortatur
936 2502 997 2546 ut
1038 2493 1304 2559 vivamus,
1343 2495 1484 2550 sicut
1511 2497 1709 2551 dicitur
1733 2499 1788 2552 in

193 2581 442 2636 Canticis
469 2581 803 2636 canticorum
831 2597 846 2636 :
883 2581 1077 2649 Venies
1111 2593 1165 2638 et
1191 2591 1544 2653 pertransies.
1578 2587 1661 2641 Ab
1688 2587 1791 2642 ini-

192 2674 276 2727 tio
308 2673 430 2727 ﬁdei
471 2675 688 2728 venturi
740 2689 928 2729 sumus
952 2675 1094 2730 facie
1132 2676 1197 2730 ad
1236 2675 1452 2743 faciem,
1481 2679 1623 2733 sicut
1654 2677 1791 2732 scri-

192 2772 352 2833 ptum
389 2771 473 2818 est
511 2782 522 2817 :
555 2764 908 2828 Dilectissimi,
939 2766 1040 2834 ﬁlii
1073 2765 1172 2819 Dei
1217 2783 1422 2832 sumus,
1465 2778 1512 2821 et
1551 2769 1785 2822 nondum

194 2857 443 2924 apparuit
465 2857 591 2926 quid
619 2857 835 2910 erimus.
871 2855 1078 2911 Scimus
1111 2859 1362 2928 quoniam
1387 2875 1504 2912 cum
1531 2875 1789 2928 apparue-

197 2949 289 3010 rit,
321 2946 515 3002 similes
553 2950 601 3002 ei
641 2951 858 3014 erimus,
883 2951 1130 3020 quoniam
1167 2951 1452 3007 ridebimus
1481 2969 1597 3006 eum
1631 2954 1786 3008 sicuti

196 3047 298 3091 est.
354 3035 598 3092 Videmus
627 3056 765 3093 nunc
804 3057 897 3109 per
917 3040 1183 3109 speculum
1232 3042 1288 3096 in
1335 3043 1628 3112 tenigmate,
1663 3054 1786 3097 tunc

197 3136 376 3179 autem
423 3126 558 3194 facie
597 3129 666 3181 ad
712 3130 901 3197 faciem
943 3128 995 3201 (Ι
1032 3129 1194 3185 Joan.
1239 3148 1321 3196 III,
1363 3132 1440 3201 2).
1478 3135 1782 3204 Antequam

197 3231 332 3287 ergo
362 3216 639 3272 videamus
672 3218 813 3274 facie
847 3219 914 3274 ad
943 3219 1134 3274 faciem
1185 3223 1328 3292 quod
1356 3223 1543 3278 vident
1587 3223 1784 3295 angeli,

198 3325 338 3379 opus
359 3319 441 3365 est
469 3312 624 3366 nobis
651 3313 910 3367 accedere
933 3314 998 3368 ad
1024 3316 1166 3369 hanc
1195 3316 1580 3382 humilitatem,
1611 3327 1666 3372 et
1692 3317 1788 3372 ad-

200 3400 412 3455 haerere
453 3402 580 3456 huic
613 3403 926 3470 humilitati,
953 3419 1115 3475 quam
1145 3408 1491 3462 commendat
1531 3408 1789 3464 Dominus

201 3499 391 3547 noster
431 3491 588 3548 Iesus
640 3494 911 3558 Christus,
944 3511 1067 3551 cum
1107 3500 1450 3554 commendat
1495 3516 1692 3571 corpus
1732 3508 1787 3556 et

201 3583 520 3651 sanguinem
563 3600 719 3638 suum
756 3585 1052 3652 celebrari,
1099 3603 1261 3657 quam
1296 3591 1656 3646 humilitatem
1686 3608 1787 3662 pro

201 3675 359 3731 nobis
389 3677 662 3746 suscipere
697 3677 948 3750 dignatus
981 3688 1064 3734 εει
1105 3695 1226 3735 cum
1270 3680 1507 3736 Verbum
1549 3698 1676 3738 caro
1714 3682 1788 3738 fa-

201 3774 354 3820 ctum
396 3775 497 3821 est.
539 3767 794 3823 Accedite
829 3783 961 3838 ergo
999 3770 1067 3823 ad
1113 3785 1235 3824 cum
1277 3779 1331 3826 et
1386 3772 1784 3828 iIluminamini.

199 3857 564 3912 Accesserunt
608 3857 778 3912 Iudici
826 3870 886 3912 nt
931 3860 1376 3929 tenebrarentur;
1441 3875 1790 3920 accesserunt

200 3947 350 4002 enim
377 3948 444 4002 ad
470 3948 616 4003 illum
645 3959 704 4004 ut
733 3949 1132 4021 cruciﬁgerent.
1166 3951 1275 4008 Nos
1304 3955 1370 4006 ad
1402 3968 1525 4008 eum
1564 3955 1788 4009 acceda-

200 4053 325 4092 mus
350 4044 409 4092 ut
438 4053 631 4108 corpus
661 4049 712 4094 et
733 4042 1049 4111 sanguinem
1085 4041 1202 4109 ejus
1233 4044 1584 4114 accipiamus.
1619 4046 1696 4102 Illi
1723 4047 1787 4102 de

196 4129 461 4184 cruciﬁxo
484 4133 748 4188 tenebrati
772 4145 919 4199 sunt,
950 4149 1050 4189 nos
1072 4136 1447 4192 manducando
1466 4138 1786 4193 cruciﬁxum

195 4229 256 4275 et
291 4219 525 4275 bibendo
555 4217 940 4277 illuminamur.
989 4223 1129 4280 Ecce
1175 4225 1428 4294 gentibus
1462 4226 1640 4284 datur.
1663 4244 1788 4282 cru-

197 4308 396 4365 ciﬁxus
431 4309 698 4367 Christus.
754 4313 905 4370 Unde
957 4315 1221 4370 accedunt
1261 4318 1482 4387 gentes?
1526 4315 1658 4372 Fide
1702 4333 1787 4372 se-

195 4403 418 4467 ctanda,
459 4405 619 4460 corde
661 4405 939 4473 inhiando,
985 4408 1254 4464 charitate
1297 4411 1582 4464 currendo.
1612 4410 1786 4467 Pedes

1889 1949 2160 2004 occiditur
2186 1949 2342 2004 nobis
2367 1947 2566 2002 vitulus
2595 1947 2891 2017 saginatus,
2920 1946 3010 2016 qui
3039 1961 3134 2016 pro
3162 1946 3475 2015 paenitentis

1889 2041 2203 2096 immolatur
2227 2041 2398 2096 salute
2419 2080 2434 2103 ,
2480 2040 2532 2094 id
2561 2047 2644 2094 est
2673 2040 2786 2110 ipse
2818 2039 3084 2103 Salvator,
3118 2039 3272 2109 cujus
3298 2039 3474 2107 quoti-

1887 2131 1976 2187 die
1999 2147 2164 2187 carne
2189 2132 2486 2201 pascimur,
2515 2146 2709 2185 cruore
2730 2139 3014 2200 putamur;
3051 2130 3291 2199 quotidie
3322 2143 3476 2198 pater

1890 2223 2061 2278 ﬁlium
2105 2224 2330 2291 recipit,
2376 2237 2590 2292 semper
2617 2223 2870 2277 Christus
2898 2222 3247 2277 credentibus
3278 2223 3473 2276 immo-

1889 2313 2052 2370 latur.
2099 2316 2176 2370 De
2203 2330 2311 2384 quo
2339 2315 2571 2369 dicitur:
2610 2313 2710 2379 Ite,
2742 2315 2988 2368 adducite
3017 2314 3237 2367 vitulum
3264 2331 3476 2384 sagma-

1891 2415 1998 2459 tum
2028 2405 2180 2474 (Luc.
2208 2421 2299 2472 xv,
2334 2405 2459 2476 25);
2517 2405 2570 2459 id
2620 2413 2703 2459 est
2751 2405 3039 2472 przedicate
3085 2404 3366 2466 occisum,
3421 2414 3475 2457 et

1889 2497 2077 2554 oﬁ'erte
2103 2498 2153 2551 in
2180 2512 2279 2552 suo
2304 2497 2561 2568 mysterio
2590 2482 2998 2557 immolandum,
3030 2503 3084 2549 ct
3111 2495 3350 2564 quotidie
3377 2508 3474 2562 pro

1887 2587 2064 2652 vobis,
2098 2587 2149 2641 id
2181 2597 2266 2642 est
2296 2603 2395 2658 pro
2424 2585 2802 2656 peccatoribus
2833 2593 3104 2639 mortuum
3135 2583 3371 2645 credite;
3417 2592 3473 2636 et

1889 2679 2317 2748 quotiescunque
2346 2677 2394 2731 ei
2426 2677 2655 2731 hostiam
2688 2691 2798 2730 sua:
2828 2675 3098 2744 passionis
3127 2672 3354 2735 oﬁ'ertis,
3387 2681 3472 2724 to-

1890 2769 1993 2822 ties
2020 2767 2086 2820 ad
2113 2767 2507 2821 absolutionem
2539 2776 2774 2820 vestram
2807 2766 3111 2835 passionem
3147 2764 3289 2818 illius
3321 2779 3478 2832 repa-

1889 2861 2000 2916 rari
2030 2859 2304 2915 conﬁdite.
2354 2859 2646 2929 Epulemur
2676 2859 2877 2928 itaque,
2915 2858 2968 2911 id
2997 2865 3078 2911 est
3107 2857 3160 2911 in
3195 2855 3472 2910 remissio-

1889 2966 2014 3005 nem
2045 2958 2392 3019 peccatorum
2439 2957 2747 3003 nostrorum
2796 2961 3018 3002 carnem
3059 2955 3114 3001 ct
3158 2947 3475 3016 sanguinem

1889 3039 2007 3109 ejus
2038 3039 2267 3094 ﬁdeliter
2295 3039 2579 3094 credentes
2609 3053 2906 3092 sumamus.
2957 3036 3124 3106 Igitur
3164 3037 3303 3090 sicut
3334 3036 3473 3090 scri-

1887 3143 2039 3204 ptum
2070 3145 2153 3188 est
2176 3149 2190 3187 :
2227 3132 2446 3187 Gustata
2469 3141 2516 3186 et
2542 3132 2710 3186 videte
2735 3147 2891 3202 quam
2920 3131 3094 3183 suavis
3121 3138 3193 3182 est
3219 3129 3475 3182 Dominus

1891 3223 2064 3297 (Psal.
2093 3240 2287 3289 xxxm,
2315 3224 2392 3294 9),
2425 3224 2517 3293 qui
2549 3223 2727 3277 dixit:
2772 3221 2891 3275 Nisi
2926 3222 3042 3292 quis
3082 3221 3476 3274 manducarerit

1890 3333 2101 3370 carnem
2134 3333 2326 3381 meam,
2368 3328 2414 3370 et
2447 3315 2629 3368 biberit
2661 3315 2966 3384 sanguinem
3005 3329 3197 3376 meum,
3242 3328 3344 3364 non
3374 3313 3473 3364 lm-

1891 3407 2024 3460 bebit
2049 3407 2102 3461 in
2127 3423 2180 3459 se
2200 3407 2379 3460 vitam.
2413 3404 2470 3459 Si
2494 3414 2674 3459 autem
2699 3419 2803 3457 nou
2831 3402 3180 3460 intellexeris,
3202 3401 3476 3470 quomodo

1889 3512 1996 3550 non
2024 3495 2406 3550 intellexerunt
2427 3494 2518 3563 qui
2546 3494 2832 3547 dixerunt:
2861 3492 3136 3557 Quomodo
3157 3492 3265 3561 ipse
3288 3491 3474 3560 poterit

1890 3587 2035 3640 nobis
2076 3586 2204 3639 dare
2245 3602 2455 3639 carnem
2497 3601 2650 3639 suam
2690 3589 3012 3638 manducare
3043 3584 3226 3654 (Joan.
3251 3598 3326 3647 vi,
3355 3581 3466 3650 53),

1891 3678 2030 3733 sicut
2059 3677 2255 3747 legitur
2283 3677 2339 3732 in
2370 3677 2528 3732 titulo
2555 3675 2757 3731 Psalmi
2789 3676 3049 3746 trigesimi
3084 3675 3250 3740 tertii,
3279 3674 3476 3728 immu-

1890 3767 2028 3823 tabit
2056 3766 2248 3821 faciem
2278 3782 2430 3822 suam
2462 3767 2650 3832 David,
2687 3767 2736 3821 id
2769 3775 2850 3820 est
2874 3765 3144 3830 Christus,
3177 3774 3230 3820 et
3259 3764 3477 3819 recedet

1890 3876 1920 3915 a
1954 3869 2032 3926 te,
2069 3868 2125 3914 et
2151 3859 2388 3914 dimittet
2418 3868 2490 3924 te,
2521 3869 2578 3912 et
2611 3859 2776 3913 abiet.
2827 3859 3026 3912 Beatus
3056 3868 3237 3912 autem
3268 3857 3352 3910 vir
3382 3856 3475 3924 qui

1890 3960 2075 4021 sperat
2122 3949 2177 4004 in
2220 3965 2367 4004 eum.
2425 3948 2683 4018 Quisquis
2733 3964 2839 4002 non
2887 3957 3072 4018 sperat
3122 3948 3176 4000 in
3225 3947 3471 4007 Domino,

1889 4044 2057 4096 miser
2085 4050 2198 4106 est;
2244 4041 2335 4110 qui
2366 4046 2551 4109 sperat
2578 4039 2632 4092 in
2665 4053 2751 4100 se,
2799 4047 2892 4091 aut
2929 4039 2981 4090 in
3011 4037 3193 4107 aliquo
3232 4036 3338 4089 a‘lio
3381 4034 3477 4088 ho-

1890 4135 2070 4198 mine,
2112 4143 2168 4188 et
2206 4133 2298 4187 ille
2339 4131 2506 4186 miser
2534 4138 2634 4184 est.
2681 4128 2821 4184 Vere
2859 4144 3085 4198 magnus
3124 4127 3383 4182 Dominus
3421 4133 3478 4179 et

1888 4224 2262 4282 misericordia
2291 4223 2441 4293 ejus;
2494 4235 2622 4274 vere
2650 4219 2741 4290 qui
2774 4219 2930 4273 nobis
2959 4217 3291 4272 manducare
3328 4215 3477 4270 dedit

1889 4333 2087 4388 corpus
2115 4331 2295 4380 suum,
2326 4315 2379 4369 in
2408 4330 2516 4385 quo
2546 4321 2692 4367 tanta
2723 4325 3013 4381 perpessus
3041 4317 3146 4374 est,
3179 4317 3234 4362 et
3259 4306 3477 4376 sangui-

1889 4424 2012 4462 nem
2044 4408 2264 4471 bibere,
2299 4406 2390 4475 qui
2426 4415 2511 4460 est
2548 4402 2863 4474 prepitiatio
2888 4410 3233 4470 peccatorum
3264 4407 3477 4451 nostro-

196 4494 278 4548 tui
301 4495 542 4550 Charitas
562 4504 666 4552 est.
689 4498 834 4554 Duos
864 4499 1050 4569 pedes,
1073 4500 1124 4554 id
1146 4510 1230 4556 est
1251 4500 1591 4557 dilectionem
1613 4503 1706 4559 Dei
1730 4512 1786 4559 et
1809 4525 1862 4585 D
1889 4516 2008 4554 rum
2028 4541 2043 4565 ,
2081 4499 2206 4569 quia
2237 4499 2289 4554 in
2324 4499 2562 4569 peccatis
2591 4498 2704 4553 suis
2745 4495 3052 4573 moriuntur
3078 4493 3172 4565 qui
3214 4508 3312 4564 per
3348 4507 3474 4546 eum

193 4585 431 4656 proximi
473 4585 636 4654 habe,
675 4596 735 4642 ut
769 4603 876 4642 non
929 4590 1004 4644 sis
1034 4590 1282 4656 claudus,
1319 4601 1374 4646 et
1411 4593 1534 4648 istis
1573 4594 1784 4650 duobus

193 4675 426 4746 pedibus
447 4693 607 4732 curre
633 4679 700 4733 ad
726 4679 916 4734 Deum.
950 4679 1055 4736 Sed
1079 4683 1208 4736 dicit
1239 4683 1434 4755 aliquis
1464 4703 1476 4739 :
1501 4685 1784 4752 Quomodo

196 4765 268 4819 ad
289 4781 412 4820 eum
433 4767 668 4824 accedo?
696 4768 886 4825 Tantis
914 4771 1098 4835 malis,
1129 4773 1294 4828 tantis
1317 4778 1554 4844 peccatis
1581 4793 1779 4832 onera-

197 4865 290 4912 tus
315 4873 432 4912 sum
451 4899 467 4924 ,
511 4869 660 4916 tanta
680 4861 885 4917 scelera
912 4863 1148 4918 clamant
1173 4866 1241 4920 de
1272 4869 1601 4923 conscientia
1627 4885 1742 4924 mea
1762 4909 1778 4936 ,

196 4950 472 5016 quomodo
504 4951 677 5006 audeo
699 4955 958 5008 accedere
980 4953 1045 5008 ad
1072 4957 1230 5009 eum?
1245 4955 1561 5022 Quomodo?
1587 4957 1643 5014 Si
1674 4961 1780 5014 hu-

197 5041 495 5097 miliaveris
523 5051 576 5099 te
607 5059 707 5113 per
744 5045 1118 5114 paenitentiam
1141 5087 1156 5113 ,
1197 5056 1252 5101 et
1295 5049 1637 5105 mundaveris
1687 5067 1782 5106 cor

196 5139 372 5184 tuum.
393 5129 708 5203 Beaticnim
721 5137 916 5188 mundo
939 5136 1114 5201 corde,
1133 5137 1380 5206 quoniam
1400 5139 1497 5207 ipsi
1520 5138 1688 5193 Deum
1710 5141 1783 5195 vi-

193 5222 388 5277 debunt
417 5224 630 5294 (Matth.
657 5243 710 5292 v,
739 5228 816 5292 8).
841 5225 1009 5283 Aufer
1036 5229 1160 5282 inde
1186 5230 1542 5300 cupiditatum
1571 5233 1778 5298 sordes,

193 5309 353 5366 aufer
380 5312 554 5368 labem
585 5317 860 5382 avaritiae,
901 5317 1054 5372 aufer
1085 5319 1261 5372 tabem
1295 5321 1740 5390 superstitionum
1765 5363 1780 5389 ,

195 5403 356 5456 aufer
391 5405 676 5476 sacrilegia
719 5415 775 5461 et
814 5406 983 5461 malas
1024 5407 1406 5477 cogitationes,
1449 5410 1604 5466 aufer
1633 5412 1779 5478 odia,

194 5509 306 5547 non
337 5493 457 5548 dico
486 5497 658 5551 solum
689 5497 949 5553 adversus
975 5499 1240 5565 amicum,
1274 5500 1369 5556 sed
1395 5502 1558 5555 etiam
1590 5503 1782 5558 adver-

192 5599 290 5639 sus
317 5585 617 5644 inimicum.
649 5590 927 5662 Auferjlla
953 5606 1072 5662 qua:
1096 5592 1226 5647 dicit
1247 5591 1508 5650 Dominus
1533 5596 1586 5649 in
1611 5595 1782 5650 Evan-

194 5676 338 5746 gelio
367 5678 434 5733 de
461 5682 626 5738 corde
651 5684 963 5753 procedere.
1016 5683 1094 5738 De
1122 5684 1310 5752 corde,
1342 5686 1549 5757 inquit,
1589 5697 1782 5743 exeunt

195 5770 540 5840 cogitationes
578 5776 754 5844 mulce,
791 5777 1072 5845 adulteria,
1109 5777 1503 5850 fornicationes,
1546 5781 1773 5838 immun-

1887 4605 1994 4644 non
2025 4588 2464 4651 reconciliantur,
2516 4597 2572 4642 et
2623 4603 2731 4642 non
2781 4585 3101 4655 tlclinquent
3145 4600 3336 4640 omnes
3381 4585 3474 4654 qui

1885 4687 2108 4749 sperant
2132 4679 2184 4733 in
2218 4692 2363 4732 eum.
2397 4677 2504 4732 Iste
2528 4686 2614 4731 est
2644 4677 2838 4731 modus
2861 4675 3089 4745 justitia:
3121 4675 3390 4737 humana),
3414 4683 3476 4728 ut

1884 4767 1995 4820 vita
2016 4766 2264 4821 mortalis
2291 4765 2687 4837 quantumlibet
2705 4766 2973 4836 proﬁciat,
2993 4765 3119 4836 quia
3144 4765 3260 4820 sine
3281 4764 3477 4820 delicto

1881 4871 2002 4913 esse
2033 4873 2138 4912 non
2166 4867 2374 4928 potest,
2424 4858 2476 4912 in
2508 4859 2611 4912 hoc
2641 4873 2747 4911 non
2782 4857 3091 4926 delinquat,
3134 4857 3260 4911 dum
3293 4865 3476 4924 sperat

1880 4947 1937 5002 in
1967 4962 2092 5002 eum
2126 4947 2180 5000 in
2209 4962 2319 5016 quo
2349 4956 2433 5001 est
2460 4948 2708 5001 remissio
2737 4947 3058 5000 delictorum
3080 4986 3096 5012 ,
3128 4961 3249 5014 qua:
3278 4959 3382 4997 non
3416 4944 3476 4998 ﬁt

1883 5037 1988 5092 nisi
2017 5051 2120 5105 pet|
2139 5037 2454 5108 sanguinem
2486 5034 2711 5091 Christi.
2767 5034 3002 5090 Grandis
3031 5035 3175 5089 enim
3212 5033 3472 5104 majestas

1881 5136 1938 5181 et
1965 5127 2186 5198 grandis
2221 5128 2459 5196 potentia
2487 5136 2572 5181 est
2598 5127 2876 5196 sanguinis
2905 5125 3139 5189 Christi,
3171 5140 3279 5195 quo
3308 5125 3474 5178 solvit

1883 5232 2104 5270 manum
2135 5217 2363 5279 diaboli,
2397 5225 2453 5271 et
2485 5215 2715 5271 redemit
2746 5231 2846 5270 nos
2877 5215 2943 5268 de
2971 5230 3130 5268 manu
3158 5215 3329 5284 ipsius
3362 5214 3467 5268 ini-

1884 5307 2033 5363 mici.
2073 5308 2227 5363 Sicut
2253 5310 2398 5364 enim
2428 5317 2554 5364 sunt
2581 5307 2761 5376 aliqua
2791 5305 3044 5360 animalia
3065 5345 3080 5372 ,
3119 5316 3174 5361 et
3200 5306 3472 5377 stringunt

1883 5396 2088 5466 aliquid
2120 5398 2261 5452 intra
2302 5414 2360 5452 se
2398 5398 2699 5459 inclusum,
2745 5397 2847 5452 hoc
2875 5397 3061 5452 dicunt
3089 5406 3144 5452 et
3176 5397 3371 5451 medici
3413 5406 3468 5452 et

1881 5487 2128 5557 physici,
2169 5496 2229 5541 ut
2259 5489 2362 5542 nisi
2394 5489 2629 5542 fraetum
2663 5487 2858 5552 fuerit,
2888 5504 2917 5542 a
2948 5503 3006 5542 se
3036 5505 3141 5542 non
3173 5489 3464 5555 dividetur,

1881 5591 1984 5632 nec
2022 5577 2246 5633 dimittit
2286 5577 2417 5632 illud
2456 5579 2601 5649 quod
2642 5578 2970 5635 intrinsecus
3001 5581 3242 5634 clausum
3278 5588 3463 5647 tenet;

1879 5669 1926 5724 si
1969 5676 2151 5723 autem
2193 5669 2419 5724 missum
2460 5668 2622 5724 fuerit
2649 5670 2864 5735 oleum,
2908 5670 3090 5725 statim
3133 5669 3465 5736 dissolvitur,

1880 5767 1934 5815 et
1977 5758 2120 5831 quod
2166 5760 2415 5818 strictum
2460 5759 2638 5818 fuerat
2683 5760 2976 5832 dissipatur
3018 5769 3073 5818 et
3112 5761 3370 5818 dividitur
3409 5761 3466 5816 in
