4006 6338
618 313 723 369 923

1434 305 1765 362 IllNCMARl
1802 304 2014 360 RHEM.
2053 302 2371 360 ARCHIEP.
2411 301 2777 359 OPUSCUIA
2815 299 3047 356 VARIA.

3715 315 3791 372 921

617 436 840 498 partes;
898 423 976 481 sic
1022 429 1079 480 et
1127 433 1346 479 manum
1394 419 1740 474 durissimam
1786 416 1982 473 diaboli
2033 414 2195 469 solvit
2221 421 2267 475 Α
2296 409 2495 466 deﬁcit.
2526 409 2644 464 Non
2672 424 2803 481 ergo
2843 410 3164 474 timeamus,
3199 392 3435 479 fratres,
3466 414 3617 486 ipsum
3647 436 3792 492 panem

620 522 842 592 sanguis
887 519 1107 575 Christi.
1162 514 1392 570 Nolebat
1438 527 1536 566 nos
1583 510 1858 564 dimittere
1907 506 2193 570 diabolus,

622 614 935 684 sanguinem
963 610 1100 665 fudit
1122 608 1383 663 Dominus
1406 604 1558 675 quasi
1581 603 1759 659 oleum
1786 601 2196 665 misericordiae,

622 716 678 761 et
707 722 801 775 per
827 706 1000 775 ipsum
1024 717 1123 767 nos
1145 699 1416 755 liberavit.
1448 700 1523 753 De
1545 698 1647 753 hoc
1669 698 1790 752 oleo
1814 694 2198 750 misericordia:

622 796 822 850 Christi
866 810 963 864 per
988 792 1314 862 prophetam
1337 788 1574 842 dicitur:
1605 783 1983 856 Computrescit
2005 784 2197 853 jugum

622 906 655 940 a
683 887 817 954 facie
844 885 943 939 olei
966 883 1102 953 (Isa.
1130 898 1185 946 Χ,
1210 882 1324 950 27).
1361 880 1471 936 Snb
1495 880 1626 949 jugo
1653 878 1850 948 quippe
1880 876 2200 931 tenebamur

624 975 901 1029 diabolicae
938 972 1356 1034 dominationis,
1396 970 1491 1024 sed
1530 969 1673 1023 uncti
1714 982 1899 1022 sumus
1925 966 2044 1020 oleo
2069 962 2196 1033 Spi-

625 1066 759 1118 ritus
790 1062 993 1127 sancti,
1037 1077 1143 1131 quo
1178 1062 1243 1116 de
1284 1059 1628 1114 immaculata
1663 1057 1879 1127 Virgine
1906 1062 2199 1122 conceptus

624 1161 679 1205 et
705 1159 864 1205 natus
886 1160 970 1206 est
997 1150 1264 1214 Christus,
1289 1164 1386 1218 per
1411 1147 1564 1217 cujus
1592 1147 1906 1217 sanguinem
1937 1154 1993 1200 et
2019 1159 2048 1197 a
2071 1143 2200 1214 jugo

625 1241 1011 1297 dominationis
1038 1239 1318 1295 diabolica:
1345 1253 1531 1291 sumus
1563 1236 1858 1304 redempti,
1904 1243 1960 1288 et
2004 1248 2035 1286 a
2076 1248 2267 1303 pec-nt

626 1333 764 1386 catis
811 1332 1062 1385 omnibus
1110 1329 1427 1391 emundati,
1478 1336 1536 1380 ut
1584 1326 1715 1380 dicit
1762 1325 1918 1380 nobis
1965 1321 2201 1377 Joannes

625 1421 938 1488 apostolus:
978 1417 1203 1488 Sanguis
1237 1416 1366 1471 Jesu
1401 1416 1595 1470 Christi
1639 1413 1769 1468 Filii
1810 1413 1907 1467 Dei
1951 1412 2200 1467 emundat

625 1526 719 1563 nos
771 1509 833 1562 ab
881 1510 1022 1564 omni
1067 1518 1275 1578 peccato
1305 1507 1356 1576 (I
1383 1508 1619 1572 Joan.r,
1657 1508 1733 1578 7).
1790 1505 2198 1560 Sacramentum

626 1614 858 1668 namque
908 1601 1200 1655 Dominica:
1251 1600 1560 1669 passionis,
1620 1606 1675 1653 et
1722 1599 1996 1668 praeterita
2044 1597 2202 1651 nobis

624 1692 806 1745 omnia
831 1691 882 1744 in
909 1690 1175 1759 baptismo
1204 1691 1404 1760 pariter
1426 1697 1647 1760 peccata
1668 1688 1949 1752 relaxavit,
1971 1697 2027 1741 et
2049 1686 2202 1755 quid-

2296 503 2626 567 mandueare
2643 543 2659 568 ,
2690 516 2758 557 ne
2787 501 2926 557 forte
2953 502 3209 559 ﬁniamus
3242 504 3389 560 illum
3408 548 3424 572 ,
3450 518 3500 563 et
3524 522 3681 579 postea
3701 522 3796 587 quid

2298 594 2683 648 manducemus
2704 608 2810 648 non
2834 594 3170 650 inveniamus
3199 612 3212 648 :
3238 598 3577 656 manducetur
3592 604 3795 678 Christus,

2297 684 2816 750 vivitmanducatus,
2836 685 2961 754 quia
2982 687 3515 747 resurrexitoccisus.
3532 692 3797 766 Necquando

2299 776 2687 829 manducamus
2725 776 2791 830 de
2822 775 2913 830 illo
2941 788 3123 846 partes
3165 777 3415 834 facimus.
3454 782 3517 837 Et
3547 788 3723 855 quidem
3755 795 3795 849 in

2298 876 2643 920 sacramento
2672 868 2751 921 sic
2782 867 2873 932 ﬁt,
2904 877 2959 921 et
2987 878 3188 923 norunt
3214 872 3399 927 fideles
3423 882 3797 943 quemadmodum

2298 957 2627 1011 manducent
2649 972 2869 1013 carnem
2890 958 3111 1015 Christi.
3144 960 3520 1034 Unusquisque
3539 969 3704 1038 accipit
3717 986 3799 1040 par

2302 1054 2407 1100 tem
2437 1064 2611 1101 suam.
2644 1047 2747 1102 Per
2774 1058 2954 1117 partes
2980 1052 3361 1118 manducatur,
3388 1064 3442 1108 et
3465 1068 3629 1112 manet
3648 1060 3797 1130 integer

2302 1147 2446 1194 totus
2474 1157 2487 1194 :
2517 1156 2612 1211 per
2635 1151 2816 1210 partes
2842 1144 3201 1198 manducatur
3224 1144 3279 1199 in
3305 1157 3641 1214 sacramento,
3660 1160 3702 1205 et
3721 1169 3799 1207 ma-

2301 1242 2395 1286 net
2418 1234 2623 1304 integer
2647 1244 2789 1288 totus
2811 1236 2864 1288 in
2887 1236 3046 1298 cwlo,
3072 1247 3259 1292 manet
3284 1237 3486 1309 integer
3507 1241 3555 1293 in
3576 1243 3705 1296 corde
3719 1253 3797 1298 tuo.

2301 1324 2471 1380 Totus
2494 1325 2637 1380 enim
2660 1337 2778 1381 erat
2805 1327 2944 1396 apud
2975 1327 3194 1383 Patrem
3225 1331 3438 1398 quando
3466 1332 3659 1387 venitin
3679 1335 3799 1406 Virgi-

2301 1431 2426 1472 nem
2456 1418 2678 1487 implere
2712 1418 2890 1483 illam,
2921 1433 3021 1472 nec
3049 1420 3279 1475 recessit
3306 1419 3503 1476 abillo.
3533 1421 3797 1482 Veniebatin

2301 1522 2521 1562 carnem
2567 1519 2624 1562 ut
2653 1525 2775 1563 eum
2810 1509 3056 1564 homines
3084 1512 3507 1581 manducarent,
3541 1522 3590 1567 et
3617 1518 3800 1573 manebat

2303 1597 2514 1669 integer
2542 1599 2681 1669 apud
2705 1605 2918 1669 patrem
2948 1610 3005 1654 ut
3033 1601 3255 1673 angelos
3284 1612 3541 1672 pasceret.
3568 1604 3625 1658 Et
3644 1610 3796 1675 quando

2302 1687 2551 1744 Christus
2580 1691 2759 1745 factus
2789 1700 2869 1746 est
2901 1693 3093 1759 homo,
3138 1707 3337 1763 panem
3376 1695 3659 1763 angelorum
3689 1712 3795 1749 man-

625 1781 754 1849 quid
785 1781 1097 1851 quotidiana
1136 1780 1429 1850 fragilitate
1467 1790 1588 1850 post
1626 1778 1893 1848 baptisma
1925 1774 2199 1830 commisi-
2229 1777 2276 1836 B
2306 1778 2526 1834 ducavit
2555 1780 2735 1837 homo.
2764 1774 3078 1852 Mysterium
3105 1792 3354 1838 nostrum
3378 1784 3429 1837 in
3458 1800 3621 1839 mensa
3643 1784 3793 1842 Domini

625 1886 775 1935 mus,
821 1869 1061 1938 ejusdem
1100 1869 1269 1923 nostri
1301 1868 1682 1937 Redemptoris
1717 1867 1872 1920 nobis
1909 1865 2081 1935 gratia
2121 1862 2201 1917 di-

625 1963 822 2028 mittit,
867 1962 1098 2016 maxime
1130 1976 1252 2016 cunt
1289 1961 1428 2014 inter
1455 1975 1620 2030 Opera
1650 1958 1787 2013 lucis
1818 1973 1937 2027 qua:
1970 1955 2200 2010 facimus

627 2052 903 2106 humiliter
940 2051 1180 2121 quotidie
1221 2060 1437 2105 nostros
1483 2050 1560 2104 illi
1601 2048 1924 2105 conﬁtemur
1960 2060 2198 2109 errores,

627 2158 749 2197 cum
785 2142 1059 2212 sanguinis
1101 2141 1242 2195 illius
1283 2151 1623 2196 sacramenta
1662 2138 1988 2210 percipimus
2015 2177 2030 2201 ,
2078 2152 2202 2190 cum

627 2232 959 2286 din‘iittentes
986 2232 1320 2286 debitoribus
1351 2230 1550 2285 nostris
1581 2238 1784 2295 nostra,
1828 2227 1983 2282 nobis
2020 2226 2202 2282 debita

627 2320 824 2374 dimitti
882 2336 1201 2391 prccanmr,
1252 2336 1374 2375 cum
1422 2335 1690 2375 memores
1743 2318 2011 2390 passionis
2060 2317 2204 2371 illius

627 2410 858 2464 libenter
885 2413 1108 2465 adversa
1138 2426 1363 2479 qumque
1390 2410 1696 2464 toleramus.
1730 2407 1928 2463 Fidelis
1949 2407 2094 2462 enim
2120 2414 2205 2461 est

628 2504 795 2569 Deus,
836 2506 927 2573 qui
956 2521 1063 2560 non
1092 2506 1366 2576 permittet
1399 2520 1498 2560 nos
1535 2505 1730 2560 tentari
1763 2519 1926 2574 supra
1965 2503 2021 2558 id
2057 2502 2201 2573 quod

626 2613 912 2667 possumus
955 2596 1180 2652 sulfcrre
1209 2596 1261 2669 (I
1287 2595 1408 2651 Cor.
1434 2596 1511 2669 χ).
1564 2596 1835 2667 Quidquid
1864 2596 2009 2652 enim
2039 2596 2203 2650 homo

628 2706 821 2760 passus
851 2691 1011 2746 fuerit
1039 2707 1137 2762 pro
1176 2691 1395 2746 nomine
1423 2690 1656 2757 Christi,
1706 2697 1761 2745 et
1802 2704 1902 2761 pro
1945 2704 2040 2760 spe
2081 2688 2205 2743 vitae

626 2790 865 2847 aeternae,
900 2792 956 2837 et
989 2798 1311 2851 permanens
1345 2782 1684 2848 toleraverit,
1722 2782 1895 2853 major
1920 2781 1968 2837 ei
1996 2795 2205 2836 merces

629 2875 877 2940 dabitur;
909 2876 1001 2944 qui
1031 2876 1074 2929 si
1102 2876 1326 2929 cesserit
1347 2874 1578 2938 diabolo,
1609 2890 1731 2928 cum
1760 2873 1848 2928 illo
1878 2874 2205 2928 condemna-

631 2965 863 3017 nahitur.
901 2965 1007 3018 Sed
1032 2980 1195 3034 opera
1221 2964 1602 3019 misericordia:
1633 2978 1755 3019 cum
1784 2963 1872 3033 pia
1900 2961 2205 3017 humilitate

629 3054 919 3123 impetrant
954 3070 982 3106 a
1013 3055 1263 3119 Domino,
1303 3063 1362 3108 ut
1396 3070 1502 3109 non
1536 3054 1815 3123 permittat
1851 3066 2038 3107 servos
2075 3067 2202 3106 suos

2304 1868 2538 1938 positum
2566 1879 2678 1933 est,
2710 1870 3027 1941 mysterium
3059 1880 3313 1925 nostrum
3344 1873 3602 1943 accipitis,
3627 1883 3670 1928 et
3692 1877 3740 1927 ad
3759 1876 3796 1931 id

2303 1959 2448 2027 quod
2487 1958 2620 2014 estis
2657 1958 2830 2014 Arnen
2873 1961 3247 2030 respondetis,
3279 1970 3335 2017 et
3364 1964 3793 2034 respondendosub-

2305 2046 2567 2102 scribitis.
2599 2047 2773 2102 Audis
2802 2062 2932 2120 ergo
2960 2064 3164 2120 corpus
3210 2050 3447 2116 Christi,
3486 2061 3537 2106 et
3579 2055 3792 2122 respondes

2302 2137 2498 2192 Amen.
2551 2137 2771 2194 Utinam
2820 2149 3003 2195 teneat
3045 2158 3145 2198 eor
3191 2144 3338 2214 quod
3387 2144 3510 2198 dicit
3543 2145 3789 2208 os,utiuam

2306 2226 2509 2283 habeat
2533 2230 2667 2285 ﬁdes
2696 2232 2840 2300 quod
2870 2232 3037 2286 verbo
3067 2234 3402 2303 respondes:
3433 2242 3544 2288 esto
3568 2235 3789 2288 membrum

2306 2321 2552 2391 corporis
2578 2320 2816 2389 Christi,
2846 2331 2906 2377 ut
2930 2337 3116 2387 verum
3149 2326 3222 2379 sit
3247 2324 3439 2379 Amen.

2268 2433 2322 2462 κ
2374 2409 2689 2482 Mysterium
2721 2412 2873 2482 pacis
2903 2414 3129 2469 unitatis
3161 2425 3361 2469 nostra:
3402 2414 3623 2470 Christus
3651 2413 3692 2467 in
3722 2428 3786 2467 sua

2305 2517 2495 2558 mensa
2536 2505 2877 2559 consecravit
2902 2521 2917 2559 :
2946 2514 3002 2559 et
3032 2506 3157 2576 quis
3184 2506 3323 2560 alius
3353 2506 3453 2560 nisi
3483 2505 3585 2576 ipse
3617 2504 3785 2574 quotidie

2305 2598 2361 2653 in
2390 2613 2485 2653 sua
2513 2614 2697 2654 mensa
2733 2606 3082 2654 consecratur
3109 2601 3133 2654 ἳ
3162 2601 3303 2655 Deus
3339 2601 3477 2655 enim
3503 2600 3634 2653 adest
3664 2596 3784 2651 verbis

2305 2683 2418 2745 suis
2445 2690 2774 2760 evangelicis
2792 2731 2807 2757 ,
2837 2691 2954 2745 sine
2978 2692 3177 2760 quibus
3204 2700 3577 2747 sacramentum
3600 2703 3681 2743 non
3701 2702 3784 2741 oon-

2304 2793 2576 2847 secratur,
2627 2790 2683 2837 et
2730 2782 2846 2852 ipse
2894 2782 3204 2841 sanctiﬁcat
3251 2791 3616 2838 sacramentum
3654 2792 3782 2841 suum,

2305 2882 2363 2928 et
2392 2874 2522 2929 facit
2563 2875 2836 2945 seipsum,
2878 2875 3018 2929 sicut
3054 2874 3171 2945 ipse
3212 2876 3343 2932 dicit
3374 2894 3388 2928 :
3427 2873 3535 2928 Ποι-
3567 2880 3628 2927 est
3655 2886 3782 2938 corpus

2305 2981 2511 3031 meum,
2540 2968 2679 3036 quod
2709 2983 2803 3037 pro
2834 2967 2975 3021 vobis
3014 2969 3275 3022 tradetur.
3324 2967 3470 3022 Sicut
3491 2966 3613 3021 enim
3632 2964 3683 3017 ad
3705 2976 3783 3015 ter-

2308 3051 2437 3110 bum
2490 3056 2661 3122 illius,
2716 3064 2773 3110 ut
2819 3057 3054 3127 primum
3101 3056 3374 3125 iusserat,
3422 3054 3651 3125 germinat
3687 3060 3783 3105 terra

632 3145 824 3197 tentari
850 3146 1126 3215 plusquam
1150 3155 1375 3215 possunt
1399 3145 1685 3200 sustinere.
1710 3142 1932 3199 Gustate
1956 3151 2008 3197 et
2026 3141 2205 3197 videte
2233 3135 2277 3193 (ἶ
2316 3147 2539 3201 herbam
2580 3146 2879 3209 virentem,
2922 3154 2977 3200 et
3015 3144 3305 3202 facientem
3344 3160 3541 3210 semen,
3572 3151 3616 3197 et
3644 3140 3780 3209 lignum

631 3250 791 3303 quam
815 3237 997 3291 suavis
1020 3246 1102 3291 est
1128 3236 1402 3300 Dominus,
1418 3251 1578 3306 quam
1600 3236 1791 3291 beatus
1811 3235 1894 3288 vir
1912 3233 2001 3303 qui
2027 3241 2213 3304 sperat

630 3330 684 3383 in
709 3344 792 3385 eo.
820 3328 979 3400 (Aug.
996 3345 1151 3383 serm.
1171 3328 1206 3382 2
1223 3328 1287 3382 de
1308 3327 1444 3382 verb.
1467 3326 1791 3398 apost.);tEt
1812 3326 2097 3380 audiamus
2118 3339 2211 3379 ve-

629 3438 811 3478 racem
826 3421 1136 3492 Magistrum
1151 3422 1389 3476 divinum
1405 3420 1817 3490 Redemptorem
1835 3417 2211 3474 commendan-

632 3522 739 3567 tem
763 3514 920 3567 nobis
936 3513 1169 3582 pretium
1184 3520 1426 3566 nostrum
1443 3512 1756 3582 sanguinem
1771 3526 1947 3566 suum.
1972 3508 2211 3564 Locutus

630 3615 715 3659 est
738 3606 883 3660 enim
912 3604 1067 3660 nobis
1086 3604 1154 3659 de
1176 3618 1402 3674 corpore
1425 3611 1480 3658 et
1504 3602 1766 3672 sanguine
1792 3617 1909 3668 suo,
1933 3616 2212 3657 commen-

632 3695 769 3750 dans
801 3695 963 3750 talem
999 3710 1179 3750 escam
1223 3704 1278 3749 et
1317 3694 1476 3749 talem
1506 3702 1728 3764 potum:
1764 3694 1886 3749 Nisi
1916 3693 2209 3749 manduca-

630 3787 808 3841 veritis
845 3803 1056 3841 carnem
1094 3802 1264 3841 meam
1307 3796 1355 3840 et
1401 3786 1629 3840 biberitis
1670 3786 1978 3856 sanguinem
2016 3802 2208 3851 meum,

633 3896 736 3933 non
774 3879 1026 3933 habebitis
1062 3878 1220 3933 vitam
1256 3878 1311 3931 in
1349 3878 1489 3933 vobis
1529 3876 1712 3949 (Joan.
1736 3892 1811 3940 vr,
1838 3876 1951 3946 51).
2005 3876 2072 3930 Et
2109 3877 2212 3932 hoc

633 3967 770 4022 dixit
798 3966 865 4022 de
891 3968 1003 4021 vita
1032 3968 1153 4037 quis
1182 3967 1321 4022 alius
1350 3981 1512 4035 quam
1554 3967 1667 4036 ipsa
1699 3966 1850 4021 vita?
1891 3967 1995 4021 erit
2029 3975 2211 4021 autem

631 4058 708 4112 illi
740 4057 946 4113 homini
977 4072 1123 4113 mors
1153 4073 1259 4112 non
1287 4056 1429 4123 vita,
1469 4058 1562 4127 qui
1597 4058 1911 4113 mendacem
1942 4057 2213 4126 putaverit

631 4149 818 4203 vitam.
856 4148 1000 4218 Ergo
1039 4157 1093 4202 et
1128 4148 1194 4202 de
1232 4161 1459 4217 corpore
1505 4162 1569 4201 ac
1612 4148 1873 4218 sanguine
1918 4161 2017 4202 suo
2063 4146 2213 4201 dedit

626 4239 792 4305 nobis
847 4238 1117 4295 salubrem
1153 4235 1520 4292 refectionem.
1572 4235 1894 4292 Manducent
1937 4250 2067 4306 ergo
2116 4234 2210 4304 qui

633 4330 994 4396 manducant,
1042 4337 1099 4383 et
1142 4328 1330 4382 bibant
1367 4328 1458 4396 qui
1499 4327 1717 4393 bibunt,
1766 4327 2010 4382 esuriant
2049 4336 2104 4382 et
2133 4327 2209 4381 si-

634 4422 803 4487 tiant,
850 4421 1014 4474 vitam
1062 4420 1416 4484 manducent,
1460 4418 1627 4472 vitam
1674 4419 1882 4475 bibant.
1933 4418 2035 4486 Qui
2081 4417 2210 4474 illud

2313 3236 2642 3307 pomiferum
2680 3236 2886 3290 faciens
2928 3238 3167 3291 fructum
3199 3237 3353 3306 juxta
3401 3249 3552 3305 genus
3590 3234 3781 3293 suum,et

2314 3329 2570 3399 impletur
2610 3330 2851 3398 quotidie
2894 3330 3038 3399 quod
3076 3331 3314 3401 primum
3355 3329 3518 3385 dixit:
3556 3322 3779 3379 arma”:

2311 3419 2738 3489 multiplicamini
2775 3420 2793 3491 (
2819 3417 2947 3473 Gen.
2983 3436 3034 3485 ι,
3061 3421 3134 3474 2?.
3157 3421 3175 3493 )
3198 3462 3215 3487 ,
3246 3436 3363 3490 qua:
3392 3416 3651 3475 benedictio
3671 3410 3778 3465 etiam

2312 3523 2417 3564 nec
2442 3518 2564 3579 post
2586 3518 2866 3579 peccatum
2898 3510 3135 3564 hominis
3160 3520 3244 3567 est
3266 3509 3489 3565 abolita:
3520 3506 3585 3561 ita
3606 3510 3649 3557 et
3669 3497 3776 3552 verba

2314 3603 2458 3659 illius
2480 3643 2495 3669 ,
2527 3602 2619 3672 qui
2656 3611 2798 3657 totus
2830 3602 3032 3671 ubique
3074 3611 3193 3669 est,
3225 3609 3279 3655 et
3322 3611 3520 3668 semper
3554 3587 3773 3657 est,etiam

2311 3710 2412 3765 per
2438 3703 2757 3764 peccatores
2786 3692 2995 3763 prolata
3027 3692 3082 3746 in
3108 3689 3521 3747 sanctiﬁcatione
3547 3678 3776 3765 οοψοΐὶξεί

2316 3763 2598 3854 sanguinis
2630 3774 2805 3848 illius,
2835 3798 2932 3854 per
2961 3798 3154 3838 omnes
3184 3794 3392 3837 mensas
3415 3778 3464 3833 in
3488 3763 3774 3854 catholicaiic-

2312 3852 2480 3928 clesia
2521 3882 2637 3929 toto
2677 3852 2946 3928 terrarum
2991 3873 3125 3928 orbe
3166 3872 3383 3936 diffusa,
3429 3864 3673 3951 perfectam
3704 3852 3773 3951 νὶηξ

2313 3964 2561 4019 obtinent
2588 3964 2946 4019 consecrandi
2977 3980 3176 4035 corpus
3215 3974 3268 4019 et
3295 3959 3576 4029 sanguinem
3603 3948 3689 4017 ejus
3712 3948 3771 4011 ill“

2314 4054 2449 4111 dixit
2478 4072 2491 4108 :
2525 4055 2758 4124 Accipite
2787 4064 2834 4108 et
2872 4055 3222 4121 manducare,
3253 4055 3344 4111 hoc
3378 4059 3447 4105 est
3482 4057 3635 4113 corpus
3660 4045 3771 4131 ηεξξι

2314 4146 2451 4217 quod
2477 4163 2573 4217 pro
2603 4120 2745 4200 vobis
2774 4146 3057 4213 tradetur;
3088 4147 3156 4201 Et
3181 4120 3443 4214 {Accipite
3463 4146 3505 4192 et
3532 4120 3769 4217 ὸίόίεεῐμιὲίσ

2313 4214 2391 4291 est
2420 4214 2637 4307 sanguis
2668 4252 2845 4302 meus,
2877 4237 2966 4307 qui
2990 4253 3085 4306 pro
3121 4236 3261 4291 vobis
3293 4243 3338 4288 et
3371 4246 3456 4301 pro
3488 4221 3633 4279 multis
3659 4214 3770 4281 ei“

2314 4326 2468 4381 detur
2492 4329 2546 4382 in
2572 4328 2926 4382 remissionem
2955 4337 3305 4397 peccatorum.
3333 4320 3451 4376 Haec
3472 4314 3768 4397 quotiescunque

2320 4418 2548 4490 feceritis
2567 4458 2580 4483 ,
2609 4417 2663 4470 in
2692 4418 2791 4471 mei
2818 4395 3124 4470 meritoriam
3153 4415 3367 4487 facietis.
3390 4410 3451 4465 Et
3468 4410 3583 4463 sicut
3601 4395 3768 4490 sive”

635 4513 932 4571 nianducas
961 4511 1222 4578 reﬁceris,
1252 4512 1344 4567 sed
1376 4510 1457 4565 sic.
1484 4510 1728 4566 reﬁceris
1767 4520 1828 4565 ut
1857 4527 1965 4567 non
1997 4511 2214 4566 deﬁciat
2242 4478 2291 4537 D
2320 4509 2543 4572 reticus,
2573 4508 2687 4562 sive
2713 4507 3114 4572 schismaticus,
3137 4508 3250 4562 sive
3272 4504 3586 4559 facinorosos,
3605 4488 3764 4578 qUiStl‘“

636 4604 780 4658 unde
819 4604 1080 4659 reﬁceris.
1138 4602 1269 4657 lllud
1315 4602 1678 4673 hiberelquid
1723 4612 1807 4657 est
1844 4602 1951 4658 nisi
1994 4603 2218 4658 vivere?

630 4694 899 4763 ‘Manduca
948 4694 1156 4761 vitam,
1210 4694 1334 4749 bibe
1382 4694 1587 4758 vitam;
1638 4692 1863 4749 habebis
1910 4693 2116 4759 vitam,
2162 4701 2219 4760 et

638 4789 847 4857 integra
878 4795 962 4843 est
989 4786 1119 4842 vita.
1174 4786 1325 4843 Tunc
1352 4796 1529 4842 autem
1560 4786 1664 4842 hoc
1691 4788 1825 4853 erit,
1869 4786 1922 4842 id
1949 4795 2063 4852 est,
2107 4787 2218 4841 vita

639 4880 929 4948 unicuique
954 4879 1061 4933 erit
1088 4895 1286 4949 corpus
1311 4890 1365 4934 et
1394 4881 1614 4950 sanguis
1644 4880 1867 4945 Christi,
1902 4881 1947 4935 si
1982 4879 2126 4949 quod
2160 4879 2217 4935 in

641 4982 985 5025 sacramento
1013 4971 1296 5026 visibiliter
1327 4972 1580 5035 sumitur,
1622 4973 1676 5027 in
1709 4974 1822 5043 ipsa
1851 4972 2083 5027 veritate
2112 4970 2219 5041 spi-

642 5061 872 5116 ritaliter
903 5064 1277 5126 manducetur,
1309 5062 1623 5132 spiritaliter
1647 5061 1882 5118 bibatur.
1913 5083 1933 5116 ι
1955 5063 2219 5119 Adistam

641 5166 885 5206 mensam
915 5153 1036 5222 quis
1068 5168 1168 5207 nos
1197 5153 1446 5207 invitavit
1474 5161 1529 5207 et
1556 5153 1686 5222 quid
1721 5154 2084 5223 praeparavit?
2128 5154 2221 5209 lu—

548 5292 553 5297 .
640 5243 833 5298 vitavit
860 5245 1122 5300 Dominus
1152 5260 1358 5309 servos,
1382 5253 1436 5299 et
1466 5248 1787 5315 praeparavit
1813 5248 1891 5302 eis
1921 5248 2099 5303 cibum
2135 5263 2220 5303 se-

641 5332 840 5405 ipsum.
862 5335 997 5403 Quis
1015 5336 1211 5390 audeat
1230 5344 1285 5390 et
1305 5338 1629 5392 manducare
1650 5337 1933 5391 Dominum
1956 5338 2145 5393 suum?
2163 5345 2217 5393 et

641 5433 824 5481 tamen
848 5427 925 5480 ait
951 5441 966 5480 :
998 5425 1100 5491 Qui
1132 5428 1412 5481 manducat
1439 5443 1539 5491 me,
1564 5437 1609 5481 et
1640 5429 1747 5498 ipse
1768 5429 1887 5483 vivit
1909 5438 2118 5499 propter
2137 5445 2218 5484 me

638 5517 842 5589 (Joan.
869 5535 956 5582 vi,
986 5517 1116 5589 58).
1161 5517 1385 5585 Quando
1424 5519 1673 5576 Christus
1714 5523 2069 5576 manducatur
2112 5522 2219 5576 vita

2320 4601 2374 4654 in
2406 4600 2747 4654 confessione
2778 4609 2979 4654 sancta:
3007 4598 3288 4654 Trinitatis
3308 4593 3544 4665 baptizet,
3569 4597 3655 4672 non
3672 4574 3766 4672 valet

2322 4691 2410 4746 ille
2440 4692 2533 4761 qui
2562 4692 2635 4745 ita
2662 4692 2971 4760 baptizatus
2998 4699 3080 4746 est
3106 4707 3137 4745 a
3162 4690 3312 4747 bonis
3339 4668 3763 4767 catholicis_rcbait“'

2322 4781 2434 4835 zari
2457 4820 2472 4846 ,
2501 4795 2571 4835 ne
2599 4778 2871 4835 confessio
2897 4790 2951 4835 et
2979 4780 3250 4835 invocatio
3278 4774 3404 4832 tanti
3427 4763 3620 4826 nominis
3638 4755 3761 4848 videi:

2323 4882 2413 4929 tur
2455 4871 2755 4937 annullari,
2798 4871 2928 4941 quia
2969 4872 3084 4942 ipse
3119 4880 3230 4938 est,
3270 4878 3324 4924 ut
3358 4862 3579 4930 scriptum
3599 4856 3679 4942 est.
3700 4854 3760 4910 ‘1‘"

2313 4967 2550 5036 baptizat
2568 5005 2582 5030 ,
2602 4964 2693 5033 qui
2716 4939 3127 5034 discipulis—suis
3141 4963 3299 5036 jussit
3319 4959 3479 5016 dicens
3502 4969 3513 5004 :
3538 4946 3624 5036 Ite,
3640 4939 3758 5036 dealt

2317 5074 2492 5111 omnes
2531 5066 2736 5126 gentes,
2788 5055 3113 5125 baptizantes
3161 5072 3244 5110 eos
3288 5053 3339 5105 in
3383 5043 3557 5100 nomine

2317 5146 2449 5203 Filii
2493 5114 2554 5203 etv
2581 5114 2811 5220 Spiritus
2847 5114 3017 5202 sancti
3054 5147 3283 5218 (Matth.
3318 5114 3757 5220 ιινιιι,19)ς¹ίξηξι

2319 5195 2342 5202 _
2494 5195 2539 5203 --
2581 5195 2809 5220 vr.--"
2847 5195 3015 5202 πη---
3054 5195 3071 5218 κ
3098 5195 3282 5203 ___-----
3319 5195 3344 5196 η
3480 5195 3487 5199 .

2319 5238 2688 5310 cujuscunque
2720 5238 2807 5295 vel
2842 5239 3233 5310 qualiscunque
3268 5229 3430 5290 meriti
3461 5195 3753 5310 summio“:

2324 5331 2469 5387 cium
2534 5331 2963 5386 consecrationis
3020 5332 3451 5386 sacramentorum
3500 5308 3681 5373 εοτροηδ
3718 5294 3754 5387 fu

2326 5423 2607 5496 sanguinis
2646 5422 2851 5478 Christi
2893 5422 3189 5477 secundum
3226 5411 3522 5472 traditionem

2330 5517 2445 5588 ipse
2473 5524 2561 5571 est
2590 5515 2683 5585 qui
2713 5516 2904 5571 eadem
2931 5522 3266 5570 sacramenta
3288 5500 3530 5588 constiti“

642 5566 659 5589 .
988 5566 1051 5573 η
1077 5566 1116 5589 ,-
1166 5566 1381 5585 ,ιη-ην
1431 5566 1671 5576 mu---"
1714 5566 2060 5576 -.η-..ημν--ςη
2124 5566 2219 5576 η...
2330 5566 2443 5588 τ--
2478 5566 2557 5571 η-
2596 5566 2683 5585 τν-
2720 5566 2904 5571 τ-κτρ-

642 5610 1020 5675 manducatur,
1053 5623 1154 5665 nec
1179 5610 1442 5664 occiditur
1473 5617 1531 5663 ut
1557 5610 1930 5676 manducetur,
1960 5612 2055 5667 sed
2081 5627 2280 5667 mora.
2332 5625 2427 5665 sua
2450 5649 2464 5675 ,
2493 5610 2585 5678 qui
2619 5608 2784 5663 dixit:
2817 5606 3049 5676 Accipite
3075 5616 3122 5662 et
3151 5600 3412 5661 camedite:
3438 5566 3750 5678 H00}fi_‘i’ﬁf

645 5705 765 5753 tuos
794 5699 1048 5755 viviﬁcat.
1087 5682 1312 5767 Quando
1344 5698 1704 5755 manducatur
1742 5700 1948 5768 reﬁcit,
1984 5703 2080 5758 sed
2116 5718 2222 5761 non

2334 5647 2427 5665 υυι.
2450 5649 2464 5675 ,
2534 5647 2585 5663 υ.
2619 5647 2784 5663 ........
2817 5647 3047 5676 .-...,....,
3075 5647 3120 5662 ν.
3151 5647 3371 5661 ......------
3538 5672 3545 5679 .
3579 5666 3587 5676 .
3726 5647 3746 5677 ,⁸

2334 5647 2538 5769 "'9qu:
2568 5700 2707 5772 ‘IuOd
2732 5715 2827 5771 Pro
2858 5697 2999 5755 vobis
3035 5698 3301 5754 tradetur:
3328 5688 3385 5744 Ει
3410 5724 3422 5748 ,
3448 5674 3623 5738 licet?“
3645 5662 3678 5707 τί
3698 5647 3731 5698 θ’
