4006 6338
174 350 286 411 925

1345 344 1438 402 DE
1473 342 1817 402 CAVENDIS
1858 343 2103 409 VlTllS,
2144 345 2297 401 ETC.

3361 342 3468 401 926

177 468 284 520 bite
312 478 332 520 :
361 461 465 519 Hic
492 468 585 518 est
629 460 844 532 sanguis
885 474 1065 525 meus,
1113 459 1207 531 qui
1250 472 1346 530 pro
1393 460 1535 514 vobis
1576 467 1627 513 et
1668 474 1765 529 pro
1798 446 1972 528 Aper
2001 460 2265 529 gratiam,
2295 460 2392 515 sed
2419 460 2574 531 quasi
2609 460 2782 516 Filius
2819 474 2887 517 ex
2916 459 3220 517 substantia
3253 458 3464 527 Patris,

171 558 367 614 multis
395 556 699 628 eﬁ'undetur
736 555 794 608 in
833 553 1194 608 remissionem
1232 550 1565 623 peccatorum
1589 568 1608 606 :
1636 549 1771 627 Haec

173 654 595 724 quotiescunque
639 649 901 719 feceritis,
931 649 988 703 in
1035 646 1140 701 mei
1182 645 1492 700 memoriam
1538 643 1764 714 facietis.

170 742 282 809 Qui
312 748 493 797 autem
525 739 721 810 accipit
765 737 1084 810 mysterium
1113 734 1372 801 unitatis,
1400 742 1456 790 et
1484 748 1591 790 non
1620 741 1771 790 tenet

169 834 457 889 vinculum
488 832 671 903 pacis,
702 846 808 888 non
840 830 1157 902 mysterium
1191 828 1390 900 accipit
1417 842 1518 899 pro
1545 842 1639 897 se,
1672 827 1769 884 sed

169 926 557 980 testimonium
584 932 772 980 contra
802 937 881 979 se.
910 922 1052 977 Nulli
1093 930 1179 977 est
1218 920 1560 991 aliquatenus
1597 919 1770 975 ambi-

167 1016 415 1083 gendum
434 1055 448 1079 ,
480 1023 611 1069 tunc
637 1026 1079 1084 unumquemque
1106 1010 1344 1066 ﬁdelium
1372 1010 1615 1081 corporis
1644 1025 1768 1065 san-

168 1107 468 1178 guinisque
517 1106 784 1162 Dominici
837 1106 1155 1175 participem
1213 1103 1330 1159 ﬁeri
1363 1143 1377 1169 ,
1433 1103 1649 1173 quando
1705 1103 1763 1157 in

165 1198 508 1267 baptismate
536 1198 840 1252 membrum
872 1196 1116 1266 corporis
1143 1193 1343 1251 Christi
1375 1193 1628 1259 clﬁcitur,
1662 1207 1767 1248 nec

166 1290 406 1344 alienari
431 1290 498 1345 ab
522 1289 667 1345 illius
700 1290 858 1359 panis
887 1288 1192 1358 calicisque
1223 1288 1516 1351 consortio,
1549 1286 1765 1342 etiamsi

167 1391 470 1453 antequam
497 1398 693 1453 panem
737 1382 885 1437 illum
937 1380 1186 1437 comedat
1218 1388 1276 1435 et
1309 1379 1533 1435 calicem
1580 1378 1763 1445 bibat,

165 1476 241 1530 de
268 1449 374 1530 hoc
401 1474 598 1530 saeculo
620 1474 673 1529 in
702 1474 909 1528 unitate
931 1473 1177 1543 corporis
1202 1472 1406 1528 Christi
1433 1471 1765 1526 constitutus

168 1566 457 1621 abscedat.
493 1565 829 1621 Sacramenti
864 1565 1060 1637 quippe
1085 1564 1229 1619 illius
1252 1562 1672 1633 participatione
1699 1575 1764 1615 ac

164 1655 442 1712 beneﬁcio
472 1672 579 1711 non
608 1656 875 1725 privatur,
905 1656 1122 1724 quando
1152 1654 1267 1725 ipse
1299 1654 1404 1710 hoc
1442 1653 1586 1722 quod
1631 1651 1761 1705 illud

168 1755 576 1801 sacramentum
613 1746 854 1801 viviticat
896 1744 1189 1801 invenitur.
1231 1745 1298 1799 Et
1337 1744 1495 1812 panis
1525 1759 1588 1798 ac
1613 1743 1756 1798 calix

1877 549 1955 605 ita
1984 564 2115 605 vera
2158 565 2287 606 caro
2327 551 2468 607 sicut
2509 552 2627 623 ipse
2669 551 2809 608 dixit
2845 566 3010 622 quam
3049 552 3381 622 accipimus,
3412 562 3470 608 et

1874 653 2042 695 verus
2072 648 2157 695 est
2185 638 2305 709 ejus
2330 650 2507 711 potus.
2541 661 2560 695 ι

1945 731 2057 789 Sed
2105 732 2242 788 forte
2287 734 2478 801 dicas,
2524 735 2668 806 quod
2719 735 2975 792 dixerunt
3023 742 3154 789 tunc
3202 735 3464 805 temporis

1871 824 2038 881 etiam
2082 825 2328 894 discipuli
2374 825 2619 894 Christi,
2666 826 2949 882 audientes
2996 825 3308 880 dicentem:
3342 822 3469 878 Nisi

1870 916 1987 987 quis
2012 916 2402 970 manducauerit
2426 933 2637 971 carnem
2665 933 2856 982 meam,
2873 927 2919 971 et
2945 916 3125 971 biberit
3152 917 3463 987 sanguinem

1869 1023 2043 1062 meum
2061 1048 2076 1073 ,
2113 1023 2217 1061 non
2257 1008 2483 1062 manebit
2518 1009 2573 1061 in
2602 1024 2699 1071 me,
2726 1025 2817 1079 nec
2845 1009 2996 1062 habet
3026 1008 3185 1062 vitam
3213 1017 3465 1061 trternam

1872 1098 2054 1168 (Joan.
2088 1113 2165 1163 vt,
2193 1098 2309 1167 54),
2339 1098 2478 1153 forte
2502 1098 2671 1164 dicas,
2703 1100 3008 1168 quomodo?
3038 1099 3127 1167 qui
3158 1097 3468 1152 similitudi-

1870 1205 1995 1244 nem
2028 1189 2221 1256 video,
2270 1205 2375 1244 non
2417 1190 2571 1245 video
2612 1190 2889 1260 sanguinis
2933 1190 3234 1244 veritatem.
3278 1187 3465 1242 Primo

1868 1282 2109 1336 omnium
2141 1283 2252 1337 dixi
2285 1282 2377 1337 tibi
2409 1284 2476 1338 de
2503 1298 2754 1338 sermone
2776 1283 2976 1339 Christi
3001 1282 3092 1351 qui
3120 1290 3376 1351 operatur
3400 1291 3459 1335 ut

1866 1373 2040 1443 possit
2074 1383 2285 1429 mutare
2312 1382 2367 1428 et
2392 1384 2712 1430 convertere
2733 1388 2929 1446 genera
2957 1373 3201 1427 instituta
3230 1381 3459 1436 natura,

1865 1466 2005 1520 sicut
2030 1465 2096 1521 de
2118 1465 2267 1537 virga
2297 1466 2466 1537 Moysi
2496 1482 2615 1537 qua:
2644 1474 2847 1518 umtata
2895 1471 2979 1518 est
3023 1463 3074 1517 in
3117 1470 3421 1532 serpentem
3446 1500 3460 1521 ,

1866 1566 1922 1613 et
1958 1572 2147 1612 rursus
2173 1557 2226 1611 in
2254 1557 2488 1629 virgam,
2520 1566 2573 1612 et
2595 1555 2813 1610 ﬁumina
2843 1553 3063 1624 [Egypti
3103 1561 3307 1606 mutata
3336 1561 3464 1606 sunt

1866 1650 1919 1705 in
1972 1651 2324 1721 sanguinem,
2379 1660 2435 1707 et
2480 1665 2670 1706 rursus
2709 1651 2765 1705 in
2808 1665 3040 1719 aquam,
3071 1658 3125 1703 et
3155 1648 3256 1701 alia
3298 1647 3462 1705 multa

1865 1742 2020 1812 signa
2065 1756 2187 1811 quae
2231 1742 2287 1796 in
2328 1740 2625 1811 Scripturis
2658 1740 2925 1812 leguntur.
2970 1738 3173 1793 Deinde
3213 1738 3303 1792 ubi
3351 1753 3459 1791 non

167 1836 374 1892 Christi
404 1851 513 1891 non
539 1836 784 1907 qualibet
811 1837 906 1892 sed
935 1845 1084 1891 certa
1116 1835 1528 1891 consecratione
1570 1833 1761 1904 mysti-
1791 1852 1836 1912 Β
1865 1832 2104 1886 tulerunt
2137 1847 2445 1888 sermonem
2496 1833 2698 1888 Christi
2748 1831 2993 1900 discipuli
3026 1831 3143 1901 ejus
3164 1872 3178 1894 ,
3223 1832 3315 1885 sed
3362 1846 3457 1883 an-

169 1925 536 1989 cusﬁtnobis,
558 1941 663 1981 non
695 1925 939 1981 nascitur
969 1924 1111 1993 (Lib.
1142 1940 1211 1978 xx
1242 1932 1425 1979 contra
1449 1920 1759 1994 Faustum.)

169 2014 403 2071 Proinde
419 2016 562 2085 quod
585 2030 690 2071 non
708 2015 780 2071 ita
799 2015 878 2081 ﬁt,
897 2015 1146 2086 quamvis
1158 2015 1229 2068 sit
1246 2015 1401 2085 panis
1414 2022 1469 2068 et
1482 2014 1647 2080 calix,
1664 2014 1764 2067 alia

167 2115 410 2164 mentum
426 2116 509 2165 est
528 2107 861 2172 refectionis,
881 2123 987 2163 non
1016 2115 1415 2162 sacramentum
1434 2107 1713 2178 religionis
1741 2125 1756 2161 :

169 2200 274 2255 nisi
304 2201 447 2271 quod
475 2199 861 2264 benedicimus,
880 2201 1190 2272 gratiasque
1216 2201 1428 2272 agimus
1455 2200 1686 2256 Domino
1703 2200 1758 2256 in

164 2291 315 2345 omni
348 2304 572 2346 munere
596 2289 736 2361 ejus,
760 2306 868 2346 non
896 2291 1070 2347 solum
1102 2291 1559 2361 spiritali,verum
1592 2292 1757 2348 etiam

159 2380 457 2451 corporali.
489 2380 624 2435 Nam
653 2388 710 2436 et
737 2396 836 2437 nos
862 2381 1024 2438 hodie
1052 2382 1351 2452 accipimus
1379 2382 1649 2438 visibilem
1682 2382 1759 2437 ci-

158 2470 294 2525 bum
327 2488 342 2525 :
367 2471 460 2526 sed
490 2471 636 2527 aliud
661 2481 745 2528 est
769 2480 1191 2539 sacramentum,
1221 2473 1365 2543 quod
1392 2474 1673 2545 prtecessit
1701 2475 1758 2530 in

161 2575 392 2615 manna.
423 2559 578 2616 llunc
603 2576 799 2630 panem
833 2562 1161 2632 signiﬁcavit
1198 2577 1429 2627 manna,
1472 2564 1618 2619 hunc
1655 2579 1755 2634 pa—

159 2667 290 2708 nem
318 2652 506 2707 tribuit
532 2652 704 2708 altare
724 2651 840 2709 Dei.
872 2654 941 2709 Et
966 2667 981 2707 :
1006 2653 1262 2708 Bibebant
1278 2694 1293 2718 ,
1319 2653 1521 2721 inquit,
1545 2653 1609 2707 de
1630 2663 1756 2723 potu

158 2742 436 2814 spirituali
458 2752 703 2813 sequente
727 2760 814 2799 eos
843 2754 990 2813 petra
1014 2760 1033 2798 :
1058 2754 1205 2813 petra
1230 2751 1404 2797 autem
1430 2752 1546 2799 erat
1574 2742 1757 2797 Chris—

159 2842 250 2888 tus
301 2831 372 2903 (I
404 2830 530 2887 Cor.
559 2848 628 2899 ι,
658 2831 693 2886 4
718 2832 760 2903 ).
803 2832 932 2888 Inde
968 2833 1160 2903 panis,
1204 2832 1330 2888 inde
1366 2839 1547 2902 potus.
1590 2830 1757 2887 Petra

156 2924 413 2978 Christus
440 2924 493 2978 in
519 2923 696 2994 signo,
724 2938 884 2980 verus
911 2922 1161 2979 Christus
1193 2924 1247 2978 in
1279 2925 1448 2979 verbo
1474 2931 1531 2978 et
1565 2938 1753 2979 carne.

158 3016 233 3071 Et
257 3016 536 3086 quomodo
566 3016 860 3071 biberunt?
888 3014 1153 3070 Percussa
1182 3023 1267 3070 est
1305 3023 1460 3085 petra
1498 3015 1564 3070 de
1602 3015 1756 3086 virga

157 3105 271 3160 bis.
314 3103 543 3160 Gemina
584 3104 866 3174 percussio
905 3104 1013 3160 duo
1053 3104 1198 3176 ligna
1238 3105 1418 3162 crucis
1460 3104 1752 3177 signiﬁcat.

1866 1923 2078 1979 dientes
2097 1924 2238 1994 quod
2268 1940 2488 1979 carnem
2512 1939 2665 1978 suam
2696 1924 2846 1977 daret
2872 1923 3222 1986 manducare,
3248 1931 3299 1975 et
3332 1937 3457 1976 san-

1861 2019 2077 2089 guinem
2128 2034 2284 2073 suum
2335 2020 2490 2074 daret
2534 2017 2825 2073 bibendum
2888 2016 3252 2081 recedebant,
3311 2014 3456 2070 solus

1860 2117 2041 2165 tamen
2063 2109 2258 2165 Petrus
2284 2109 2458 2163 dixit:
2494 2107 2663 2163 Verba
2692 2109 2809 2163 vita:
2833 2120 3044 2163 aeterna:
3074 2107 3232 2160 habes
3258 2107 3442 2178 (Joan.

1859 2215 1937 2265 vt,
1959 2200 2071 2272 70),
2102 2210 2157 2255 ct
2178 2216 2277 2271 ego
2301 2216 2329 2253 a
2354 2210 2407 2255 te
2430 2200 2700 2269 quomodo
2730 2198 3018 2254 recedam?
3046 2196 3124 2251 Ne
3149 2198 3312 2267 igitur
3335 2197 3453 2268 plu-

1859 2304 1950 2345 res
1977 2290 2080 2345 hoc
2108 2290 2372 2355 dicerent,
2395 2289 2557 2345 veluti
2580 2284 2806 2358 quidam
2828 2297 2973 2343 esset
3005 2289 3199 2342 horror
3219 2287 3451 2352 cruoris,

1860 2382 1955 2436 sed
1982 2390 2228 2436 maneret
2252 2382 2425 2451 gratia
2461 2381 2881 2450 redemptionis,
2917 2380 3035 2434 ideo
3061 2379 3114 2432 in
3142 2378 3453 2433 similitudi-

1862 2486 1988 2527 nem
2016 2473 2235 2541 quidem
2266 2472 2469 2542 accipis
2496 2479 2897 2526 sacramentum
2916 2510 2928 2531 .
2958 2470 3053 2524 sed
3081 2485 3224 2524 vera:
3247 2478 3453 2522 natura:

1860 2564 2093 2635 gratiam
2126 2562 2484 2631 virtutemque
2509 2560 2884 2630 consequeris.
2914 2559 3026 2629 Ego
3057 2576 3173 2613 sum
3193 2600 3208 2624 ,
3238 2559 3411 2628 inquit
3436 2544 3507 2623 ,“

1857 2654 2010 2723 punis
2052 2652 2193 2706 vivus
2240 2653 2329 2723 qui
2364 2652 2428 2705 de
2471 2651 2596 2706 caelo
2628 2651 2870 2704 descendi
2906 2648 3090 2722 (Joan.
3129 2666 3297 2714 xxxv,
3336 2649 3452 2718 41).

1860 2742 1968 2798 Sed
2003 2756 2132 2798 caro
2173 2758 2279 2796 non
2327 2742 2607 2797 descendit
2648 2756 2679 2796 c
2717 2741 2887 2807 ctelo,
2920 2755 3027 2809 quo
3058 2756 3189 2811 ergo
3223 2741 3452 2795 descen-

1860 2836 1939 2891 dit
1978 2834 2134 2905 panis
2181 2848 2212 2889 e
2256 2834 2426 2901 cmlo,
2473 2844 2531 2889 et
2576 2834 2735 2904 panis
2782 2834 2969 2888 vivus?
3012 2834 3138 2904 quia
3170 2834 3311 2888 idem
3339 2834 3449 2890 Do-

1860 2925 2039 2980 minus
2063 2933 2251 2979 noster
2269 2923 2424 2979 Jesus
2447 2923 2697 2979 Christus
2721 2938 2944 2978 consors
2968 2933 3050 2978 est
3070 2931 3124 2977 et
3148 2923 3449 2979 divinitatis

1860 3024 1916 3071 et
1946 3015 2228 3084 corporis,
2260 3023 2317 3070 et
2359 3023 2415 3069 tu
2461 3016 2550 3084 qui
2603 3015 2806 3083 accipis
2834 3028 3054 3069 carnem
3095 3014 3289 3069 divinae
3333 3013 3452 3083 ejus

1860 3108 2198 3173 Substantite,
2226 3108 2280 3162 in
2310 3108 2399 3162 illo
2428 3107 2770 3179 participaris
2792 3106 3067 3163 alimento.
3096 3104 3198 3172 Qui
3229 3106 3454 3159 mandu-

159 3194 267 3250 Hic
295 3202 379 3249 est
420 3209 550 3265 ergo
575 3194 733 3264 panis
758 3194 826 3249 de
852 3194 993 3250 caelo
1028 3194 1363 3251 descendens
1384 3235 1399 3260 ,
1445 3203 1506 3250 ut
1547 3195 1593 3250 si
1634 3195 1757 3263 quis
1784 3209 1830 3273 ε
1861 3199 2063 3254 caverit
2100 3198 2202 3254 hoc
2231 3214 2460 3269 corpus,
2502 3197 2595 3253 ﬁet
2627 3198 2676 3252 ei
2710 3196 2954 3251 remissio
2991 3205 3367 3266 peccatorum,
3399 3200 3458 3248 et

158 3301 230 3341 ex
287 3286 405 3355 ipso
450 3285 858 3341 manducaverit
911 3302 1020 3342 non
1071 3288 1357 3343 moriatur.
1418 3286 1572 3342 Unde
1619 3287 1751 3342 dicit

156 3375 495 3446 Apostolus:
535 3375 699 3430 Catia:
750 3376 1166 3443 benedictionis,
1223 3378 1308 3431 cui
1360 3376 1747 3440 benedicimus,

160 3482 337 3521 nonne
375 3466 780 3521 communicatio
820 3468 1092 3537 sanguinis
1134 3467 1329 3523 Christi
1364 3468 1487 3523 est?
1511 3477 1560 3521 et
1598 3468 1749 3536 panis

159 3572 317 3627 quem
347 3556 641 3628 frangimus
660 3597 676 3621 ,
708 3573 879 3610 nonne
908 3557 1242 3629 participatio
1271 3559 1505 3627 corporis
1534 3557 1749 3612 Domini

159 3649 284 3703 est?
306 3647 378 3719 (I
402 3647 526 3704 Cor.
556 3665 591 3702 ι
612 3689 627 3713 ,
656 3648 724 3704 16
745 3648 785 3721 ).
818 3647 878 3702 Si
924 3649 1041 3718 quis
1090 3649 1482 3704 manducauerit
1508 3689 1522 3715 ,
1569 3649 1749 3719 inquit

160 3741 459 3805 Dominus,
488 3755 553 3794 ea:
578 3740 677 3792 hoc
716 3756 852 3808 pane
897 3740 1022 3795 vivet
1067 3741 1123 3794 in
1168 3749 1456 3803 attentum,
1505 3749 1557 3794 et
1596 3741 1749 3807 panis

157 3848 315 3904 quem
340 3847 432 3901 ego
457 3831 624 3895 dabo,
654 3846 779 3883 caro
808 3847 922 3884 mea
961 3839 1035 3885 est
1078 3821 1173 3899 μή)
1202 3830 1384 3883 mundi
1412 3829 1515 3882 vita
1540 3828 1557 3899 (
1580 3829 1743 3883 Joan.

162 3938 247 3983 vt,
271 3921 401 3992 52).
443 3920 573 3988 Qum
617 3936 746 3976 caro
793 3920 1116 3990 quihusdam
1158 3927 1243 3975 est
1283 3920 1351 3973 ad
1382 3919 1586 3986 vitam,
1621 3920 1748 3990 qui-

161 4012 391 4068 busdam
417 4012 482 4067 ad
515 4010 744 4067 exitium
765 4051 779 4076 ,
811 4000 953 4066 sient
992 4010 1198 4065 exstitit
1237 4007 1389 4065 Judte
1419 4028 1432 4062 :
1476 4025 1584 4065 non
1622 4011 1748 4080 quia

158 4100 366 4155 malum
408 4109 527 4155 erat
567 4102 711 4171 quod
750 4100 919 4156 Judas
959 4100 1202 4169 accepit,
1255 4100 1352 4154 sed
1400 4100 1529 4169 quia
1576 4098 1748 4156 malus

154 4192 332 4249 Iudas
376 4192 575 4248 bonum
626 4192 767 4247 male
817 4192 1045 4262 accepit.
1094 4193 1509 4246 Sacramentum
1548 4192 1749 4262 quippe

58 4308 65 4317 -
153 4282 381 4354 pietatis
411 4282 464 4337 in
487 4282 752 4353 judicium
782 4283 886 4339 sibi
915 4284 1084 4339 sumit
1112 4283 1387 4353 indiguus.
1419 4281 1565 4338 Bene
1603 4284 1746 4339 enim

155 4387 284 4429 esse
330 4388 439 4428 non
478 4383 658 4444 potest
697 4374 839 4429 male
876 4375 1166 4446 accipienti
1209 4376 1354 4445 quod
1396 4376 1600 4433 bonum
1639 4386 1742 4432 est.

154 4464 302 4520 Caro
341 4465 480 4519 enim
518 4482 665 4529 mea,
712 4466 920 4536 inquit,
959 4483 1077 4522 vere
1119 4476 1194 4522 est
1239 4468 1420 4534 cibus,
1453 4478 1501 4522 et
1529 4471 1744 4541 sanguis

1856 3308 1966 3349 non
2000 3293 2267 3347 morietur
2308 3292 2361 3346 in
2410 3300 2695 3346 atternum.
2730 3288 3059 3359 (Ambrosius
3098 3288 3160 3340 de
3194 3288 3453 3356 mysteriis

1852 3394 1899 3439 et
1923 3385 1986 3437 de
2015 3381 2405 3452 sacramentis.)
2442 3399 2460 3432 ι
2494 3381 2633 3451 Ergo
2661 3395 2764 3433 non
2788 3380 2961 3432 otiose
2996 3378 3133 3434 dicis
3167 3386 3220 3430 tu
3252 3376 3446 3436 Amen,

1843 3474 1958 3544 jam
1991 3475 2045 3527 in
2080 3473 2273 3543 spiritu
2306 3472 2586 3526 conﬁdens
2615 3470 2757 3539 quod
2795 3469 3031 3539 accipias
3064 3483 3262 3537 corpus
3291 3466 3449 3520 Cln'i-

1854 3566 1944 3623 sti.
1979 3564 2114 3619 Cum
2141 3574 2195 3618 tu
2226 3562 2469 3633 petieris,
2502 3563 2634 3617 dicit
2660 3563 2751 3616 tibi
2778 3562 3056 3627 sacerdos,
3082 3575 3278 3629 corpus
3301 3559 3453 3613 Chri-

1851 3656 1940 3721 sti,
1963 3665 2017 3710 et
2056 3664 2109 3710 tu
2144 3656 2280 3710 dicis
2315 3654 2517 3719 Amen,
2549 3655 2653 3709 hoc
2678 3663 2761 3707 est
2790 3668 2979 3707 verum
3008 3670 3021 3705 :
3050 3652 3191 3723 quod
3224 3650 3452 3707 conﬁte-

1855 3758 1945 3804 tur
1970 3747 2176 3817 lingua,
2204 3756 2385 3801 teneat
2414 3745 2658 3801 allectus.
2684 3745 3038 3801 Consecratio
3062 3745 3228 3815 igitur
3254 3743 3451 3813 quibus

1848 3837 2030 3891 verbis
2079 3845 2203 3899 est,
2253 3845 2305 3889 et
2359 3834 2513 3903 cujus
2562 3836 2942 3891 sermonibus?
2990 3849 3183 3904 nempe
3232 3833 3449 3888 Domini

1847 3925 1973 3983 Jcsu
2004 3944 2017 3979 :
2046 3926 2203 3996 panis
2230 3933 2315 3980 est
2337 3935 2465 3980 ante
2503 3927 2664 3980 verba
2693 3934 3165 3980 sacramentorum
3190 3965 3204 3990 ,
3228 3925 3320 3979 ubi
3350 3940 3448 3978 ac-

1848 4017 2078 4072 cesserit
2113 4016 2456 4071 consecratio
2481 4056 2496 4081 ,
2545 4017 2609 4072 de
2648 4031 2785 4086 pauc
2822 4016 2883 4071 ﬁt
2925 4030 3053 4070 caro
3093 4015 3313 4070 Christi.
3343 4000 3447 4082 Qui

1845 4109 2022 4179 pridie
2047 4124 2209 4179 quam
2231 4116 2529 4178 pateretur,
2557 4108 2609 4163 in
2644 4108 2850 4162 sanctis
2877 4107 3129 4161 manibus
3155 4107 3267 4161 suis
3291 4122 3447 4161 acce-

1847 4201 1927 4271 pit
1956 4216 2169 4271 panem,
2200 4200 2439 4270 respexit
2486 4199 2551 4253 ad
2596 4198 2789 4253 emtum
2809 4237 2825 4265 ,
2857 4199 2924 4252 ad
2958 4206 3045 4266 te,
3071 4205 3259 4252 sancte
3286 4196 3449 4252 Pater

1847 4293 2193 4363 omnipotens
2212 4334 2226 4359 ,
2256 4300 2454 4347 aeterne
2491 4293 2653 4357 Deus,
2678 4291 2884 4361 gratias
2914 4304 3100 4360 agens,
3130 4287 3447 4352 benedixit,

1848 4382 2045 4455 fregit,
2080 4383 2422 4452 fractumque
2452 4381 2730 4451 discipulis
2765 4390 2821 4435 et
2849 4378 3108 4450 apostolis
3135 4378 3248 4432 suis
3278 4378 3447 4431 tradi-

1848 4475 1927 4529 dit
1954 4475 2143 4529 diccus
2168 4491 2179 4527 :
2212 4472 2455 4542 Accipite
2485 4482 2541 4527 et
2571 4472 2713 4527 edite
2743 4486 2810 4525 ex
2842 4470 2945 4524 hoc
2981 4483 3199 4533 omnes,
3232 4466 3335 4522 hoc
3362 4474 3449 4522 est

152 4573 306 4612 meus
327 4572 440 4612 vere
459 4567 533 4611 est
560 4567 733 4627 potus.
767 4558 901 4614 Cum
927 4559 1071 4615 enim
1097 4560 1151 4615 in
1183 4560 1304 4616 cibo
1331 4569 1386 4616 et
1413 4570 1541 4632 potu
1571 4562 1622 4617 id
1651 4579 1746 4634 ap-
1776 4559 1826 4620 D
1855 4583 2052 4639 corpus
2075 4581 2251 4620 meum
2276 4565 2418 4636 quod
2444 4580 2544 4635 pro
2568 4562 2754 4618 multis
2776 4561 3164 4631 confringatur.
3183 4558 3445 4614 Similiter

154 4659 346 4720 petant
374 4650 652 4715 homines,
677 4658 869 4705 utnon
896 4653 1176 4719 esuriant,
1204 4667 1375 4723 neque
1398 4656 1618 4721 sitiant,
1644 4657 1747 4714 hoc

154 4740 430 4795 veraciter
448 4756 553 4795 non
568 4750 790 4810 praestat
808 4741 907 4797 nisi
933 4743 1030 4798 iste
1052 4744 1204 4799 cibus
1221 4752 1276 4799 et
1301 4753 1458 4814 potus
1482 4748 1573 4816 qui
1597 4763 1691 4804 eos
1715 4763 1745 4803 a

152 4832 356 4902 quibus
381 4832 614 4888 sumitur
635 4834 968 4889 immortales
988 4844 1044 4890 et
1065 4836 1484 4906 incorruptibles
1508 4836 1656 4893 facit.
1689 4841 1747 4896 In

155 4924 263 4979 hac
279 4923 426 4978 enim
446 4923 670 4995 mystica
687 4923 1068 4980 distributione
1081 4923 1342 4994 spiritalis
1353 4926 1622 4983 alimoniae
1645 4930 1749 4987 hoc

152 5014 488 5085 impertitur,
519 5016 621 5072 hoc
643 5016 895 5080 sumitur,
919 5024 977 5070 ut
1003 5016 1330 5086 accipientes
1358 5017 1611 5073 virtutem
1639 5035 1750 5076 ete-

153 5107 315 5164 lestis
339 5107 445 5163 cibi
465 5148 480 5173 ,
506 5108 560 5161 in
587 5122 805 5164 carnem
832 5108 974 5164 illius
994 5109 1085 5179 qui
1111 5124 1240 5166 caro
1266 5118 1450 5165 nostra
1474 5109 1648 5167 factus
1668 5120 1751 5168 est

155 5209 523 5264 transeamus,
545 5207 814 5268 quatenus
838 5214 1003 5255 unum
1027 5198 1204 5255 eﬁ‘ecti
1226 5215 1351 5255 cum
1374 5199 1486 5267 illo,
1509 5216 1540 5255 a
1562 5203 1749 5257 mundi

151 5288 440 5359 principe,
472 5303 502 5343 a
529 5302 638 5359 quo
662 5304 759 5359 per
787 5297 1067 5359 peccatum
1096 5290 1240 5362 rapti
1266 5290 1470 5346 fuimus
1490 5333 1507 5359 ,
1534 5308 1641 5348 non
1670 5302 1748 5349 te-

151 5393 411 5446 tueamur,
455 5378 583 5435 facti
622 5394 788 5435 unum
816 5396 939 5435 cum
970 5380 1061 5436 illo
1090 5383 1183 5452 qui
1212 5383 1352 5438 dixit
1378 5403 1392 5440 :
1427 5384 1580 5440 Venit
1609 5387 1748 5441 enim

150 5470 399 5539 princeps
428 5470 589 5540 hujus
616 5472 801 5526 mundi
823 5511 839 5538 ,
869 5482 918 5527 et
947 5474 1001 5528 in
1028 5490 1109 5528 me
1147 5491 1250 5529 non
1279 5476 1430 5530 habet
1458 5478 1749 5548 quidquam

154 5559 348 5630 (Joan.
372 5576 483 5627 nv,
518 5560 629 5635 50).
656 5561 755 5630 Qui
780 5579 995 5619 rursum
1022 5563 1182 5620 dicit:
1208 5565 1312 5632 Qui
1334 5568 1615 5622 manducat
1639 5585 1752 5623 car-

154 5655 289 5707 nem'
305 5668 475 5709 meam
496 5693 512 5719 ,
539 5664 586 5707 et
615 5654 738 5709 bibit
764 5656 1072 5728 sanguinem
1095 5673 1264 5713 meum
1284 5699 1297 5724 ,
1323 5659 1376 5711 in
1401 5675 1481 5712 me
1503 5670 1676 5715 manet
1699 5669 1747 5714 et

153 5760 254 5815 ego
285 5745 342 5798 in
370 5760 452 5798 eo.
487 5743 640 5801 Sicut
667 5747 814 5801 enim
854 5764 1016 5803 verus
1046 5756 1129 5803 est
1159 5749 1253 5804 Dei
1286 5748 1326 5803 F
1334 5748 1457 5803 ilius
1490 5750 1748 5807 Dominus

156 5841 352 5889 noster
378 5833 535 5893 Jcsus
563 5834 842 5904 Chrisuts,
878 5854 982 5896 non
1014 5840 1465 5909 quemadmodum
1498 5841 1745 5898 homines

1852 4669 1909 4716 et
1922 4659 2169 4723 calicem,
2185 4665 2467 4727 postquam
2482 4665 2756 4711 comatum
2775 4662 2881 4720 est,
2899 4653 3131 4723 respexit
3145 4652 3211 4705 ad
3225 4650 3447 4715 coelum.

1797 4802 1802 4807 .
1856 4755 1922 4809 ad
1948 4762 2031 4817 te,
2066 4759 2253 4806 sancte
2281 4750 2446 4804 Pater
2475 4751 2854 4818 omnipotens,
2891 4756 3094 4802 :cterne
3126 4746 3290 4810 Deus,
3318 4758 3447 4813 grai-

1854 4844 1960 4898 tias
1983 4856 2168 4915 agens,
2198 4841 2495 4904 benedixit,
2520 4839 2777 4911 apostolis
2792 4849 2845 4894 et
2875 4837 3151 4907 discipulis
3184 4836 3298 4890 suis
3333 4843 3445 4888 tra-

1856 4932 1992 4987 didit
2020 4930 2209 4985 dicens
2234 4947 2247 4985 :
2276 4930 2511 5000 Accipite
2537 4940 2583 4985 et
2612 4930 2767 4982 bibite
2794 4944 2857 4982 ex
2879 4928 2975 4981 hoc
3006 4941 3201 4979 omnes.
3235 4923 3338 4976 llic
3371 4934 3448 4978 est

1856 5022 1994 5078 enim
2021 5020 2235 5090 sanguis
2279 5037 2423 5074 meus
2468 5019 2685 5089 (Matth.
2730 5034 2804 5084 vt,
2838 5017 2950 5087 28).
2979 5016 3111 5071 Vide
3146 5014 3235 5067 illa
3265 5014 3447 5067 omnia

1855 5098 2021 5168 verba
2044 5111 2358 5184 evanglistte
2387 5120 2512 5166 sunt
2535 5125 2705 5182 usque
2730 5110 2797 5163 ad
2827 5107 3076 5178 accipite,
3112 5106 3225 5161 sive
3251 5120 3447 5175 corpus

1855 5204 1971 5260 sive
1997 5204 2313 5272 sanguinem
2334 5244 2349 5269 ,
2382 5202 2508 5257 inde
2546 5202 2711 5257 verba
2739 5207 2866 5256 sunt
2893 5197 3113 5253 Christi.
3141 5195 3450 5265 Antequam

1856 5304 2228 5360 consecretur,
2263 5293 2419 5364 panis
2445 5301 2499 5347 et
2527 5292 2711 5346 vinum
2752 5304 2891 5359 aqua
2930 5288 3156 5342 mixtum
3200 5295 3313 5351 est,
3355 5280 3451 5340 ubi

1855 5395 2036 5441 autem
2069 5386 2232 5441 verba
2261 5383 2463 5438 Christi
2496 5388 2877 5445 accesserunt,
2918 5394 3115 5450 corpus
3148 5386 3203 5433 et
3232 5376 3455 5447 sanguis

1850 5484 1936 5529 est
1971 5474 2207 5540 Christi,
2238 5474 2571 5527 advertimus
2620 5471 2785 5542 igitur
2821 5469 3044 5539 majoris
3071 5485 3191 5525 esse
3217 5467 3451 5539 gratiam

1851 5580 2014 5636 quam
2044 5574 2316 5619 naturam.
2343 5561 2496 5629 Quod
2521 5563 2564 5617 si
2594 5571 2805 5616 tantum
2831 5560 3006 5615 valuit
3028 5574 3208 5616 sermo
3232 5558 3361 5614 Elim
3386 5564 3446 5611 ut

1851 5657 2030 5729 ignem
2048 5658 2116 5712 de
2137 5656 2275 5712 etelo
2297 5656 2596 5728 deponeret
2622 5656 2738 5728 (III
2756 5656 2883 5727 Reg.
2902 5672 3055 5719 xvm,
3083 5656 3198 5726 58),
3225 5670 3331 5709 non
3349 5669 3438 5709 va-

1851 5748 1983 5803 lebit
2007 5748 2208 5803 Christi
2239 5762 2439 5813 sermo,
2471 5756 2530 5801 ut
2567 5747 2777 5818 species
2815 5755 2989 5802 mutet
3017 5741 3446 5801 elementorum?

1852 5845 1927 5901 De
1960 5843 2123 5900 totius
2146 5842 2330 5898 mundi
2361 5841 2617 5914 operibus
2647 5841 2860 5914 legisti,
2905 5842 3032 5913 quia
3072 5841 3177 5911 ipse
3222 5839 3355 5894 duit
3392 5847 3438 5891 et
