4006 6338
661 332 777 388 93!.

1480 319 1814 378 HINCMARI
1853 317 2072 375 RIIEM.
2113 303 2431 372 ARCIIIEP.
2473 316 2845 376 OPUSCULA
2886 317 3122 376 VARIA.

3720 337 3789 397 95?.

643 460 741 506 aut
760 462 856 506 eas
894 455 1144 518 regentes
1168 441 1448 512 sapientiae
1484 439 1782 496 studerent.
1811 437 1982 506 Quam
2028 445 2244 493 senten-
2271 439 2318 498 Α
2349 435 2565 507 ligentia
2591 439 2824 497 nitentes
2855 481 2871 506 ,
2899 443 2993 498 sed
3037 443 3090 498 in
3126 443 3232 500 Deo
3251 445 3562 514 conﬁdentes,
3591 451 3662 521 qui
3689 453 3790 525 digna

649 542 781 596 tiam
809 551 1172 612 praecessores
1213 531 1384 588 nostri
1432 529 1802 586 favorabiliter
1858 537 2237 600 susceperunt,

647 634 856 690 utiliter
873 632 1072 686 dictam
1108 626 1562 698 approbaverunt,
1593 633 1649 679 et
1683 627 1809 694 quia
1853 623 2090 680 salubris
2121 623 2239 678 visa

643 732 728 780 est
745 763 761 786 .
795 721 958 777 etiam
985 727 1039 773 et
1067 717 1262 772 iitteris
1283 714 1588 787 posteritati
1625 715 2056 786 cognoscendam
2079 727 2239 768 man-

641 815 928 870 daverunt.
955 808 1055 864 Cui
1085 817 1142 863 et
1182 822 1284 864 nos
1313 805 1578 870 favemus,
1612 813 1668 860 et
1696 806 1805 860 Deo
1843 805 2045 873 gratias
2102 802 2240 858 rete“

639 905 832 966 rimus,
863 908 1052 970 utpote
1082 897 1172 967 qui
1203 906 1279 963 te,
1303 913 1337 952 ο
1379 897 1520 954 bone
1568 909 1684 961 rex,
1712 904 1767 949 et
1816 903 2016 948 nostrae
2059 894 2239 964 reipu-

640 993 870 1063 publica:
885 989 1152 1062 praefecit.
1180 998 1237 1043 et
1258 987 1423 1042 menti
1451 997 1511 1042 ut
1537 1001 1718 1040 veram
1747 985 2064 1055 sapientiam
2111 999 2236 1055 pcr-

634 1084 886 1152 quircres
928 1081 1110 1136 radios
1151 1079 1234 1135 sui
1285 1077 1488 1132 amoris
1537 1077 1790 1132 infundit.
1815 1077 1881 1130 Et
1937 1076 2064 1146 quia
2125 1085 2235 1130 tam

641 1183 828 1234 nostra
855 1188 1017 1244 quam
1045 1181 1099 1226 et
1125 1172 1341 1227 illorum
1375 1171 1642 1227 sententia
1673 1179 1778 1235 est,
1808 1169 2084 1240 Sapientis
2120 1167 2234 1222 ani-

636 1281 786 1320 mum
816 1266 869 1320 in
899 1265 1250 1334 inquisitione
1278 1265 1476 1320 summi
1498 1264 1624 1321 boui
1653 1279 1868 1333 semper
1887 1262 2084 1318 debere
2109 1277 2233 1316 ver-

635 1355 770 1415 sari.
800 1355 1014 1411 dicente
1043 1355 1313 1426 Propheta
1343 1373 1356 1410 :
1385 1354 1617 1421 Quwrite
1645 1355 1950 1419 Dominum,
1973 1365 2021 1410 et
2041 1354 2231 1423 conﬁr-

633 1447 877 1512 utamini,
897 1449 1114 1518 quwrite
1149 1447 1338 1516 faciem
1388 1448 1504 1518 ejus
1551 1465 1754 1519 semper
1789 1447 1964 1518 (Psal.
2002 1463 2114 1514 etv,
2145 1447 2225 1519 4),

635 1542 834 1594 merito
875 1532 1212 1610 gratulamur
1268 1547 1321 1594 te
1371 1539 1488 1595 illas
1539 1539 1895 1610 philosophiae
1947 1547 2132 1609 partes
2172 1547 2228 1594 et

2341 540 2402 582 se
2423 529 2684 596 quaerenti
2703 545 2806 585 non
2822 533 3058 603 negabit,
3083 545 3138 588 et
3156 545 3212 588 ut
3225 535 3514 592 conﬁdimus
3524 555 3602 610 pro
3619 551 3687 598 tuo
3701 546 3790 600 desi-

2340 617 2490 678 derio
2521 619 2904 678 satisfaciendo
2945 624 3061 678 vias
3095 632 3291 682 nostrae
3327 628 3566 686 tarditatis
3593 637 3788 695 reserabit.

2859 710 3090 769 CAPUT
3128 713 3407 772 PRIMUM.

2747 799 2942 856 Utrum
2967 805 3146 858 anima
3171 823 3406 876 corporea
3424 809 3508 864 sit.

2415 890 2598 950 Prima
2629 909 2758 964 ergo
2772 894 3069 964 propositio
3088 898 3389 952 eorumdem
3412 899 3701 970 capitulorum
3714 913 3793 961 est:

2337 982 2530 1039 Utrum
2574 986 2755 1040 anima
2781 1001 3046 1057 corporea
3071 987 3160 1042 sit.
3189 987 3353 1045 Porro
3373 992 3510 1047 nobis
3535 994 3675 1048 anima
3699 1006 3794 1051 tante

2332 1075 2512 1129 minus
2553 1065 2815 1145 c8rporea
2845 1076 3076 1140 videtur,
3111 1089 3312 1146 quanto
3349 1081 3508 1135 minus
3528 1097 3582 1137 ex
3604 1083 3696 1148 illis,
3719 1087 3796 1155 qui-

2331 1164 2434 1221 bus
2479 1177 2674 1223 cuncta
2717 1184 2949 1240 corpora
2992 1180 3264 1238 constant,
3310 1171 3564 1231 elementis
3599 1188 3793 1248 compacta

2331 1258 2683 1328 dignoscitur.
2717 1259 2900 1332 Neque
2925 1263 3066 1317 enim
3097 1278 3216 1318 eam
3247 1277 3313 1318 ex
3336 1280 3468 1332 aere,
3501 1278 3581 1322 aut
3617 1269 3712 1340 igni,
3741 1271 3793 1325 vel

2307 1365 2494 1426 aqua,
2523 1362 2775 1422 terraque
2800 1355 3099 1411 consistere
3124 1357 3416 1424 credimus;
3461 1361 3545 1414 sed
3567 1377 3592 1414 a
3617 1362 3792 1418 Deacon-

2331 1442 2498 1498 ditam
2532 1443 2786 1508 dicimus,
2831 1455 3090 1515 quantum
3120 1447 3333 1518 quidem
3362 1449 3424 1504 ad
3462 1465 3627 1520 corpus
3653 1461 3792 1522 spectat

2328 1535 2472 1604 quod
2521 1535 2605 1598 his
2655 1535 2940 1594 elementis
2990 1539 3240 1595 subsistit
3282 1540 3572 1610 simplicem,
3608 1543 3644 1598 si
3674 1553 3790 1600 autem

630 1629 837 1696 colere,
859 1646 981 1701 qua:
1004 1640 1304 1686 noscuntur
1330 1632 1399 1686 ad
1441 1635 1622 1688 arcem
1651 1646 1794 1698 verge
1821 1631 2097 1700 soliusque
2139 1645 2227 1686 sa-
2326 1621 2572 1679 Creatori
2606 1625 2936 1692 conferatur,
2961 1629 3333 1699 multiplicem.
3379 1631 3588 1703 Simplex
3619 1633 3793 1691 enimest

630 1721 845 1794 pientiae
897 1722 1141 1778 tendere.
1191 1713 1501 1778 Meminisse
1545 1723 1692 1778 enim
1739 1737 1955 1793 semper
2009 1729 2226 1792 oportet
2255 1791 2285 1794 Δ
2325 1724 2588 1785 quantum
2630 1717 2696 1771 ad
2727 1719 2974 1788 corporis
3001 1720 3316 1788 qualitatem
3347 1731 3552 1792 spectat,
3577 1723 3673 1794 quia
3693 1739 3790 1778 crea-

638 1791 877 1868 tuentem
908 1813 1193 1883 principis,
1221 1813 1351 1881 quid
1383 1813 1617 1882 Spiritus
1637 1791 1872 1869 sanctus
1888 1827 2010 1867 eum
2038 1791 2224 1866 adtno-
2253 1791 2298 1852 Β
2329 1813 2403 1860 tto
2431 1805 2565 1875 ejus,
2595 1815 2654 1862 ut
2681 1809 2883 1864 dictum
2906 1819 3008 1874 est,
3026 1827 3092 1866 ex
3130 1812 3290 1868 nullis
3317 1791 3542 1870 subsistit
3563 1791 3789 1872 elementis:

631 1912 766 1958 neat
791 1919 892 1974 per
923 1903 1257 1961 clarissimos
1299 1904 1631 1973 eosdemque
1676 1904 1949 1976 principes
1993 1913 2052 1959 et
2097 1919 2228 1960 vere

637 1997 914 2066 sapientes
946 2015 959 2050 :
999 1996 1068 2051 Et
1094 2013 1233 2052 nunc
1267 2013 1409 2068 reges
1436 1996 1706 2068 intelligite
1728 2013 1748 2052 :
1786 1997 2092 2061 erudimim’,
2134 1997 2226 2068 qui

623 2084 883 2158 iudicatis
907 2095 1120 2140 terram.
1155 2085 1352 2142 Servite
1373 2085 1597 2140 Domino
1635 2086 1692 2140 in
1716 2085 1924 2152 timore,
1963 2096 2010 2142 et
2051 2087 2228 2142 exsul-

634 2185 742 2229 tate
789 2176 839 2228 ei
884 2193 1004 2230 cum
1043 2186 1287 2230 tremore.
1331 2175 1710 2246 Appreltendite
1763 2175 2116 2246 disciplinam,
2141 2191 2228 2230 ne-

631 2266 846 2338 quando
895 2267 1159 2322 irascatur
1179 2267 1456 2329 Dominus,
1498 2277 1546 2321 et
1584 2267 1806 2338 pereatis
1846 2269 1911 2322 de
1956 2269 2043 2322 via
2072 2269 2226 2338 justa

629 2358 1052 2430 (Ps.tt,10,12).
1069 2359 1307 2430 Itemque
1326 2377 1340 2413 :
1363 2357 1578 2428 Diligite
1591 2359 1854 2427 justitiam
1873 2361 1963 2430 qui
1967 2359 2224 2430 judicatis

628 2458 845 2506 terram.
869 2451 1069 2506 Seutite
1095 2450 1161 2504 de
1184 2449 1408 2504 Domino
1462 2451 1517 2504 in
1540 2450 1794 2516 bonitate,
1817 2460 1867 2505 et
1920 2451 1977 2506 in
2017 2451 2224 2522 simpli-

631 2539 788 2594 citate
809 2541 982 2594 cordis
1009 2541 1230 2610 qua'tite
1251 2542 1400 2595 illum
1421 2539 1571 2613 (Sap.
1601 2557 1641 2605 ι,
1668 2540 1741 2613 1).
1768 2540 2070 2598 Probamus
2089 2558 2226 2614 quo-

625 2645 732 2700 que
770 2630 1121 2685 acrimoniam
1149 2645 1214 2686 ac
1236 2631 1578 2686 vivacitatem
1603 2632 1822 2701 ingenii,
1849 2643 1908 2686 ut
1929 2632 2056 2703 quia
2079 2647 2225 2687 sum-

628 2735 774 2774 mum
819 2721 1018 2775 bonum
1062 2737 1309 2792 qutcrere
1344 2722 1553 2786 niteris,
1577 2721 1720 2776 viam
1761 2722 2066 2792 inquirendi
2093 2737 2224 2792 pur-

623 2827 754 2882 gare
785 2813 1018 2878 conaris,
1048 2828 1146 2884 per
1187 2828 1348 2882 quam
1389 2813 1457 2868 ad
1487 2813 1669 2882 cupita
1699 2813 1986 2882 pervenire
2022 2813 2218 2884 possis.

624 2903 810 2974 Neque
843 2905 988 2959 enim
1038 2906 1122 2960 vel
1150 2905 1428 2976 gressibus
1457 2905 1703 2973 corporis
1749 2905 1858 2960 Deo
1898 2905 2222 2974 propinqua-

623 3003 734 3057 tur,
761 2993 845 3046 vel
872 2993 1045 3048 oculis
1069 2995 1185 3064 ejus
1210 2993 1392 3046 divina
1418 3002 1610 3046 natura
1653 2991 1899 3062 corporis
1939 2992 2218 3062 majestas-

621 3097 726 3152 que
769 3083 1112 3152 perspicitur,
1135 3083 1225 3137 sed
1255 3083 1357 3137 illis
1371 3083 1618 3152 passibus
1645 3092 1807 3152 atque
1825 3081 2116 3137 luminibus
2134 3083 2213 3136 vel

625 3173 961 3242 aggreditur,
979 3173 1064 3227 vel
1080 3173 1338 3238 cernitur,
1356 3174 1422 3229 de
1436 3172 1632 3242 quibus
1643 3173 1914 3244 Propheta
1933 3191 1946 3228 :
1971 3174 2212 3230 Accedite

619 3264 689 3317 ad
713 3280 852 3328 eum,
872 3264 1064 3334 inquit,
1081 3275 1128 3318 et
1150 3252 1523 3318 illuminamini
1545 3262 1880 3336 (Psalem,
1909 3263 1986 3334 6).
2017 3263 2214 3321 Animo

618 3367 750 3421 ergo
775 3353 914 3408 Deus
928 3354 1209 3424 quaeritur,
1236 3354 1415 3406 animo
1449 3353 1558 3407 Deo
1582 3354 1998 3424 propinquatur,
2030 3355 2212 3410 animo

619 3445 766 3501 Deus
781 3446 1047 3510 cernitur,
1081 3445 1132 3499 in
1157 3444 1310 3512 cujus
1337 3445 1544 3500 visione
1577 3453 1684 3498 tota
1711 3445 1990 3514 inquisitio
2013 3446 2211 3500 summi

613 3533 740 3590 boni
755 3533 1081 3605 adimpletur
1093 3533 1146 3590 in
1161 3532 1312 3601 cujus
1323 3533 1631 3604 cognitione
1646 3544 1796 3588 tuum
1815 3519 2210 3592 nobilissimum

615 3625 896 3697 ingenium
923 3625 1222 3694 occuparia
1244 3624 1400 3680 nobis
1415 3625 1693 3694 probatur,
1711 3632 1767 3678 et
1787 3633 1938 3680 recte
1961 3625 2204 3681 omnino.

619 3717 808 3786 Neque
829 3717 973 3772 enim
1003 3716 1161 3786 plene
1215 3724 1394 3786 potest
1427 3729 1588 3772 nosse
1637 3715 1974 3785 superiorem
2008 3731 2068 3772 se
2110 3715 2205 3786 qui

615 3823 724 3863 non
752 3817 906 3863 curat
933 3807 1074 3864 scire
1095 3823 1173 3864 se.
1198 3807 1267 3862 Et
1289 3807 1416 3878 quia
1438 3823 1592 3868 mens
1631 3808 1868 3862 humana
1910 3807 2087 3862 vicina
2119 3814 2204 3862 est

611 3900 744 3966 Deo,
773 3915 878 3954 non
903 3907 1083 3954 autem
1128 3897 1271 3968 quod
1320 3897 1461 3953 Deus
1507 3905 1590 3953 est
1639 3897 1744 3953 hoc
1789 3897 1906 3968 ipsa
1950 3906 2054 3961 cst,
2090 3897 2203 3967 agit

611 3999 1007 4060 congruenter,
1064 3999 1126 4045 ut
1185 4004 1308 4060 qua:
1359 3989 1474 4045 vult
1545 3990 1687 4046 scire
1750 4006 1994 4054 summa,
2047 3999 2202 4046 curet

612 4089 742 4136 ante
767 4081 906 4136 scire
941 4079 1172 4136 summis
1198 4080 1396 4134 vicina.
1421 4080 1488 4134 Et
1527 4080 1809 4151 indignum
1831 4080 1984 4135 valde
2008 4089 2094 4136 est
2136 4088 2196 4135 ut

605 4181 980 4243 perscrutetur
1011 4171 1194 4228 divina
1217 4213 1232 4238 ,
1266 4173 1358 4242 qui
1390 4189 1496 4227 non
1525 4175 1692 4245 curati
1720 4188 1877 4229 nosse
1921 4189 2044 4244 quae
2086 4175 2196 4230 sint

607 4261 778 4332 ipsius
819 4261 1079 4317 humana.
1111 4261 1318 4318 Reddis
1369 4278 1500 4333 ergo
1549 4273 1600 4318 te
1654 4265 1840 4334 generi
1880 4266 2026 4319 avito
2077 4265 2194 4324 haec

603 4369 797 4424 agens,
825 4355 917 4422 qui
959 4353 1127 4408 corda
1151 4354 1464 4408 mortalium
1513 4347 1602 4409 ab'
1633 4355 1858 4410 scientia
1895 4355 2096 4416 ,divina
2137 4363 2194 4410 et

606 4445 846 4498 humana
879 4444 1148 4514 torpentia
1166 4445 1490 4500 excitarunt.
1525 4446 1700 4500 Avum
1731 4456 1785 4501 et
1801 4448 2186 4520 homonymum

607 4544 762 4589 tuum
827 4535 1077 4600 dicimus,
1102 4534 1358 4591 Ecclesia:
1408 4546 1610 4592 sanctae
1657 4537 1918 4592 doctrina:
1970 4547 2026 4593 et
2067 4538 2190 4593 ﬁdei

605 4635 1086 4695 propugnatorem,
1141 4625 1236 4681 sed
1270 4635 1327 4681 et
1368 4627 1689 4696 genitorem,
1724 4627 1889 4682 totius
1937 4628 2194 4684 bonitatis

606 4727 769 4788 atque
801 4719 1016 4790 pietatis
1034 4719 1199 4776 decus
1221 4721 1447 4792 insigne.
1473 4723 1539 4777 Et
1558 4723 1788 4780 honeste
1811 4733 1972 4794 atque
1995 4725 2199 4780 utiliter

605 4810 703 4867 tibi
725 4813 1006 4883 prospicis.
1029 4813 1376 4868 Inhonestum
1403 4831 1634 4886 namque
1657 4825 1758 4880 est,
1787 4831 1910 4873 eum
1945 4817 2035 4886 qui
2064 4831 2204 4886 prae-

603 4909 690 4957 cst
725 4903 776 4956 in
813 4903 1034 4971 scﬁantia
1060 4903 1355 4974 deturpari.
1387 4903 1558 4959 Porro
1577 4906 1708 4961 utile
1737 4906 2202 4977 atquehonestum

603 5001 722 5058 est,
743 4993 1042 5064 principem
1069 5003 1125 5050 et
1161 5010 1354 5050 sensus
1379 5005 1658 5050 venustate
1703 4999 1992 5064 excellere,
2020 5007 2074 5054 et
2103 5013 2202 5068 per

605 5084 927 5154 sapientiam
951 5093 1114 5156 atque
1134 5101 1344 5142 morum
1360 5087 1684 5158 probitatem
1703 5097 1808 5142 tam
1827 5089 1928 5144 sibi
1955 5103 2119 5160 quam
2147 5096 2203 5145 et

605 5175 1173 5248 subditisprospicere.
1191 5177 1512 5234 Schedulam
1529 5194 1658 5252 ergo
1671 5180 2030 5251 capitulorum
2047 5181 2203 5239 nobis

607 5265 828 5322 allatam
850 5267 1090 5323 studiose
1111 5269 1506 5338 perspeximus,
1545 5271 1982 5343 enucleatimque
2021 5273 2202 5329 consi-

607 5355 934 5424 deravimus,
949 5367 1003 5414 et
1017 5359 1084 5414 ad
1102 5359 1308 5430 singula
1322 5376 1420 5432 pro
1431 5371 1592 5434 captu
1609 5363 1864 5434 ingenioli
1881 5363 2196 5430 nostri,fau-

607 5449 750 5506 trice
779 5450 1082 5515 divinitate,
1107 5451 1378 5522 adiunctis
1404 5455 1568 5510 etiam
1596 5465 1909 5512 sanctorum
1932 5456 2197 5535 exemplis

608 5539 912 5610 doctorum,
943 5547 1273 5617 respondere
1296 5546 1652 5618 disponimus,
1685 5564 1791 5605 non
1812 5559 2007 5625 nostra
2035 5550 2195 5606 intel-

613 5665 759 5706 versa
793 5655 1141 5725 etimultiplici
1199 5659 1401 5713 ratione
1445 5662 1656 5714 animm.
1689 5661 1964 5718 Hincmari
2021 5671 2198 5716 tamen

614 5733 738 5777 esse
761 5724 928 5780 multa
958 5724 1303 5796 persuadent,
1341 5739 1396 5784 et
1424 5731 1616 5786 Carolo
1657 5732 1820 5788 Calvo
1861 5734 1971 5806 regi
2004 5749 2066 5789 ea
2101 5733 2202 5788 soli

2241 3137 2287 3202 C

2327 1897 2520 1954 collata
2571 1907 2751 1955 tamen
2800 1901 2909 1956 Deo
2957 1903 3260 1974 multiplex,
3305 1907 3423 1975 quia
3464 1907 3605 1962 variis
3638 1909 3790 1964 obnoxia
3879 1897 3881 1972 ἰ

2327 1991 2689 2062 passionihus,
2741 1993 2902 2048 modo
2939 1995 3184 2064 cupiens,
3226 1998 3380 2052 modo
3423 2000 3661 2068 concupita
3691 1999 3790 2055 fasti-
3880 1975 3881 2000 ᾖ

2326 2083 2500 2149 diens,
2529 2085 2692 2140 modo
2719 2085 2866 2152 laeta,
2917 2088 3079 2143 modo
3121 2089 3314 2154 tristis,
3359 2091 3504 2146 modo
3542 2091 3666 2162 sapit,
3689 2092 3790 2144 modo

2329 2173 2552 2245 desipit.
2578 2175 2733 2242 Quod
2782 2177 2838 2232 in
2888 2178 3058 2235 Deum
3106 2180 3414 2238 nullomodo
3451 2182 3618 2238 cadere
3653 2183 3790 2238 sobrius
3879 2227 3881 2242 η

2327 2255 2472 2334 ρειρἰ
2516 2263 2842 2330 intellectus,
2879 2267 2972 2337 qui
3023 2267 3284 2338 Spiritum
3331 2280 3553 2327 sanctum
3594 2271 3790 2325 intendita

2326 2365 2576 2412 creatura
2624 2357 3022 2414 discernentem
3061 2361 3393 2427 Creatorem,
3442 2363 3524 2433 qui
3548 2377 3626 2433 per
3647 2360 3790 2416 l‘salmi

2325 2453 2464 2504 Stam
2504 2445 2635 2502 dicit
2686 2447 2819 2512 Deo,
2849 2447 3080 2502 Mutabis
3131 2466 3220 2514 ea,
3249 2460 3295 2504 et
3323 2451 3660 2505 mutabuntur:
3682 2460 3720 2502 at
3736 2466 3790 2501 at.

2323 2545 2426 2592 tem
2471 2537 2608 2590 idem
2636 2539 2745 2608 ipse
2769 2555 2824 2592 es
2847 2535 3022 2606 (Psal.
3055 2553 3128 2604 Cl,
3157 2539 3276 2613 27).
3307 2541 3372 2596 Et
3401 2542 3571 2596 iterum
3594 2541 3718 2610 ipsum
3741 2539 3788 2592 lo-
3879 2597 3881 2612 Ι

2322 2636 2577 2704 qttentem
2621 2645 2638 2680 :
2677 2629 2791 2699 Ego
2829 2629 3108 2695 Dominus,
3137 2640 3192 2684 et
3231 2649 3331 2686 non
3364 2643 3520 2686 mutor
3557 2630 3786 2700 (Maleam.

2323 2716 2399 2788 6).
2431 2717 2640 2772 Interea
2666 2726 2720 2772 et
2747 2717 2792 2772 si
2817 2719 3022 2773 creatio
3047 2718 3285 2774 hominis
3312 2721 3598 2783 intenditur,
3623 2733 3698 2773 non
3712 2733 3784 2772 eam

2319 2821 2445 2862 esse
2480 2823 2675 2878 corpus
2711 2807 2868 2864 facile
2897 2809 3342 2878 deprehenditur.
3387 2813 3526 2868 Ficto
3549 2825 3720 2880 namque
3745 2825 3785 2862 ex

2321 2897 2435 2954 luto
2459 2913 2687 2968 corpore
2709 2914 2741 2952 a
2775 2899 2906 2965 Deo,
2939 2899 3070 2955 dicit
3099 2900 3402 2972 Scriptura,
3427 2901 3664 2976 Intumuit
3697 2899 3784 2953 Dm

2321 2988 2376 3042 in
2415 2987 2604 3058 faciem
2647 2989 2763 3059 ejus
2785 2989 3109 3060 spiraruium
3135 2993 3276 3056 rittc,
3309 3003 3354 3048 et
3377 2993 3532 3062 {actus
3549 3001 3610 3046 est
3631 2989 3784 3044 tamen

2319 3079 2552 3133 animam
2577 3079 2820 3136 viventem
2846 3077 3002 3152 (Gen.
3031 3097 3092 3145 η,
3111 3081 3190 3152 7).
3223 3082 3281 3138 Si
3310 3084 3445 3138 enim
3467 3099 3628 3154 corpus
3644 3079 3781 3148 σοφοιὶ
3880 3147 3881 3150 η

2318 3181 2583 3237 necteret,
2613 3173 2740 3242 quid
2763 3173 2989 3228 duorum
3003 3189 3298 3245 corporum
3312 3176 3523 3232 alterum
3544 3169 3784 3228 viviﬁcareti

2315 3261 2473 3317 Nunc
2501 3271 2683 3318 autem
2728 3265 2854 3320 dum
2887 3265 3086 3320 dicitur
3117 3269 3250 3336 quia
3285 3266 3600 3323 insulllaverit
3625 3264 3724 3318 Deus
3749 3263 3782 3314 in

2314 3352 2511 3408 faciem
2567 3355 2802 3410 hominis
2848 3355 3100 3424 plasmati
3152 3357 3472 3428 spiraculum
3512 3353 3784 3424 vitae,qualis-

2313 3459 2526 3514 cunque
2557 3444 2847 3501 insuﬂlatio
2875 3445 2967 3500 illa
2991 3445 3176 3517 fuerit,
3199 3451 3508 3520 spiraculum
3529 3458 3670 3504 tamen
3699 3445 3780 3500 illud

2309 3541 2436 3595 vitm
2465 3557 2570 3596 non
2601 3557 2816 3612 corpus,
2869 3545 2964 3598 sed
2994 3545 3220 3613 spiritus
3267 3548 3382 3614 fuit,
3409 3548 3492 3618 qui
3519 3542 3724 3618 potentior
3745 3545 3779 3590 tt

2309 3631 2502 3686 melior
2528 3641 2673 3687 terra
2705 3643 2810 3696 est,
2834 3642 2890 3688 ct
2917 3635 3283 3706 qualicunque
3309 3651 3533 3708 corpore.
3551 3633 3678 3702 Cujus
3699 3641 3778 3682 con-

2300 3721 2599 3790 junctione,
2631 3731 2686 3778 et
2715 3721 2854 3778 infra
2898 3726 3169 3796 torpentia
3218 3729 3453 3786 membra
3478 3720 3774 3782 commixtione

2305 3811 2482 3866 factus
2509 3822 2595 3868 est
2613 3813 2774 3868 homo
2801 3813 2852 3868 in
2879 3815 3116 3870 animam
3145 3819 3430 3874 viventem.
3460 3816 3561 3871 Non
3578 3826 3676 3882 ergo
3699 3821 3775 3862 eam

2303 3921 2500 3976 corpus
2529 3905 2778 3971 dicimus,
2811 3909 2907 3962 sed
2933 3909 3286 3978 spiraculum,
3330 3911 3430 3965 imo
3457 3907 3659 3980 spiritum
3681 3899 3774 3960 vita.

2302 4007 2466 4068 atque
2502 3999 2738 4054 animam
2784 4001 3110 4056 auctoritate
3161 4001 3542 4073 Scripturarum
3573 3995 3667 4052 freti
3694 4004 3772 4061 ντῦ-

2300 4093 2634 4148 nuntiamus.
2673 4091 2940 4164 Propheta
2982 4110 3223 4165 namque
3266 4097 3395 4151 dicit
3424 4112 3438 4152 :
3471 4093 3569 4166 Ego
3601 4086 3775 4144 Dominus

2298 4185 2578 4239 extendens
2608 4184 2784 4250 cwlos,
2815 4193 2864 4240 et
2910 4185 3142 4252 fundatis
3171 4198 3384 4252 terram,
3423 4196 3465 4242 et
3483 4186 3648 4255 ﬁngens
3673 4172 3773 4245 5pm;

2297 4284 2410 4330 tum
2432 4275 2658 4330 hominis
2683 4276 2740 4330 in
2765 4293 2824 4331 eo
2848 4273 3034 4348 (Zach.
3063 4293 3164 4344 xu,
3199 4279 3272 4348 i).
3301 4279 3430 4334 Hinc
3455 4284 3528 4331 est
3547 4269 3659 4344 quod
3679 4260 3774 4320 Psal-

2295 4371 2476 4435 mista,
2512 4385 2636 4426 cum
2679 4369 3018 4440 conspiceret
3069 4385 3262 4428 omnes
3306 4369 3534 4427 homines
3571 4364 3769 4420 subtracta

2299 4459 2479 4514 anima
2510 4467 2686 4514 morte
2732 4459 2980 4526 dissolvi,
3013 4463 3354 4532 receptisque
3375 4455 3618 4514 animabus
3641 4451 3679 4504 in
3707 4445 3773 4498 lim

2305 4549 2492 4604 szeculi
2519 4549 2697 4603 denuo
2717 4549 3068 4616 reviviscere,
3088 4551 3168 4605 ait
3195 4569 3208 4604 :
3241 4550 3401 4620 Aufer
3420 4545 3624 4618 spiritum
3639 4548 3772 4592 eorum.

2301 4652 2349 4694 et
2376 4640 2637 4708 deﬁcient,
2665 4648 2714 4694 et
2757 4640 2813 4694 in
2842 4639 3110 4716 pulverem
3145 4657 3298 4694 suum
3327 4645 3620 4694 revertentur.
3645 4622 3772 4680 Enim

2304 4731 2544 4801 spiritum
2573 4740 2721 4784 tuum
2746 4740 2792 4785 et
2820 4732 3158 4797 creabantur,
3189 4743 3237 4786 et
3272 4729 3519 4786 renovabis
3542 4723 3686 4796 facient
3708 4724 3772 4767 trr-

2309 4839 2381 4878 ηε
2403 4821 2576 4893 (Psal.
2601 4839 2716 4886 cm,
2756 4822 2811 4888 ‘2,
2849 4823 2906 4886 9,
2935 4823 3047 4893 50).
3075 4822 3212 4879 Hinc
3238 4823 3422 4877 iterum
3447 4820 3567 4874 idem
3587 4807 3769 4899 Ρωρῖιεξλ

2307 4911 2375 4967 de
2397 4913 2722 4982 quibusdam
2753 4912 3086 4982 principibus
3116 4913 3168 4968 in
3197 4914 3297 4968 hac
3321 4912 3422 4965 vita
3451 4897 3772 4976 superveniean

2303 5003 2404 5057 bus
2431 5002 2508 5056 ait
2541 5019 2554 5056 :
2583 5000 2757 5056 Exibit
2789 5001 3006 5071 spiritus
3035 5001 3170 5072 ejus,
3203 5013 3251 5057 et
3291 5010 3548 5056 revertetur
3567 4995 3610 5048 in
3639 4993 3769 5042 terrent

2305 5109 2455 5149 suam
2487 5089 2660 5164 (Psal.
2710 5107 2864 5157 cxnv,
2913 5091 2994 5162 4).
3023 5091 3130 5148 Nec
3177 5102 3356 5148 tamen
3386 5090 3587 5146 dicimus
3609 5077 3770 5176 animati!

2305 5188 2528 5258 proprie
2554 5185 2804 5258 spiritum
2825 5188 3115 5254 nominari,
3143 5203 3262 5245 cum
3298 5187 3434 5243 Deus
3459 5183 3634 5238 dicatur
3663 5179 3768 5238 spm’

2306 5288 2414 5347 tus,
2471 5281 2612 5336 sicut
2666 5282 2719 5337 in
2765 5282 3058 5354 Evangelio
3106 5283 3274 5336 habes
3303 5299 3318 5335 :
3352 5280 3476 5334 Deus
3522 5268 3689 5342 spiritus
3722 5264 3767 5354 est

2302 5371 2482 5443 (Joan.
2517 5387 2591 5439 tv,
2620 5371 2736 5443 24),
2765 5381 2823 5428 et
2851 5352 3021 5427 sancti
3050 5371 3220 5440 angeli
3249 5370 3458 5440 spiritus
3493 5365 3708 5417 νοεεηιυτι
3726 5352 3766 5443 ξ’

2301 5431 2386 5519 est
2424 5477 2440 5516 :
2473 5431 2588 5529 Qui,
2622 5431 2749 5532 facit
2790 5461 3002 5532 ange!os
3031 5431 3152 5518 suo;
3196 5431 3402 5531 spiritus
3441 5448 3588 5528 (Psai.
3607 5431 3766 5545 ii-

2304 5556 2459 5624 Quod
2500 5570 2696 5612 nomen
2724 5555 2887 5610 etiam
2929 5554 3177 5627 malignis
3206 5552 3376 5624 aptari
3402 5549 3522 5606 solet
3553 5533 3767 5612 spiritibus-

2305 5670 2652 5738 conveniunt,
2681 5684 2802 5740 qua:
2821 5669 2878 5726 in
2902 5667 3227 5725 Praefatione
3254 5665 3578 5724 continentur.
3607 5649 3718 5706 Sun.
