4006 6338
157 382 268 439 933

1248 369 1336 425 DE
1376 364 1666 424 DIVERSA
1708 361 1947 419 ANlM/E
1988 361 2309 417 RATIONE.

3310 364 3433 421 954-

160 494 406 546 Vocatnr
440 487 604 542 etiam
642 484 820 539 anima
858 483 1078 553 spiritus
1115 481 1350 536 hominis
1381 499 1393 533 :
1428 480 1570 533 unde
1605 477 1729 533 dici-
1769 478 1817 538 Α
1847 472 2147 539 bernaculo,
2201 476 2583 545 ingenuscimus
2634 481 2856 547 gravati,
2895 497 2955 534 eo
2993 483 3132 552 quod
3175 487 3415 544 nolumus

162 594 256 638 tur
287 597 382 652 per
408 579 752 634 Salomonem
783 590 797 628 :
825 575 998 628 Donec
1036 583 1322 626 revertatur
1353 570 1519 640 pulvis
1557 569 1612 621 in
1642 578 1747 621 ter-

158 690 282 726 ram
331 685 483 724 suam
513 666 649 722 unde
687 674 922 734 sumptus
973 674 1070 728 est,
1118 672 1166 717 et
1215 662 1429 731 spiritus
1456 658 1632 712 redeat
1676 658 1746 711 ad

165 764 335 816 Deum
359 762 447 831 qui
476 759 616 812 dedit
647 757 795 810 illum
825 755 1137 828 (Eccle.xn,
1164 754 1240 824 7).
1273 751 1377 807 Sed
1405 760 1459 807 et
1484 765 1577 804 aer
1601 764 1748 804 com-

163 861 351 906 motus
400 858 564 905 vento
607 848 828 916 spiritus
887 854 1243 915 nuncupatur,
1300 844 1438 899 sicut
1488 842 1746 911 scriptum

163 951 255 994 est
293 954 309 994 :
342 939 570 1009 Spiritus
599 935 964 1007 procellarum,
1009 951 1124 1006 qua:
1151 935 1353 1004 faciunt
1396 933 1602 987 verbum
1633 932 1747 1000 ejus

166 1015 348 1102 ('l’sal.
375 1043 597 1091 curnt,
629 1027 707 1089 8).
741 1025 846 1079 Sed
887 1024 1076 1109 eadem
1110 1024 1408 1079 substantia
1436 1021 1645 1090 corpori
1673 1020 1750 1074 vi-

164 1121 439 1173 viticaudo
461 1128 623 1187 alque
650 1116 884 1183 regendo
909 1113 1180 1169 Creatoris
1208 1127 1428 1167 munere
1466 1111 1745 1175 attributa,

169 1212 353 1265 anima
396 1210 612 1280 preprie
647 1209 845 1263 dicitur
868 1205 1073 1269 vocari,
1099 1205 1251 1275 quasi
1279 1218 1502 1267 antema,
1533 1202 1585 1255 id
1611 1211 1693 1254 νει
1716 1213 1747 1253 a

168 1302 437 1370 sanguine
478 1301 636 1369 longe
667 1300 919 1354 discreta.
945 1296 1208 1353 Videlicet
1234 1295 1358 1364 quia
1384 1308 1489 1348 non
1526 1292 1666 1347 sicut
1694 1291 1748 1345 in

172 1393 391 1448 caeteris
421 1391 796 1446 animantibus
842 1390 1122 1446 deficiente
1177 1388 1438 1458 sanguine
1483 1385 1645 1440 etiam
1695 1390 1751 1437 et

172 1483 356 1536 anima
398 1482 598 1547 deﬁcit,
634 1483 775 1536 sicut
818 1480 1092 1549 Scriptura
1134 1478 1266 1532 dicit
1306 1492 1321 1531 :
1365 1475 1554 1529 Anima
1582 1474 1751 1528 omnis

171 1572 353 1626 carnis
377 1573 429 1625 in
449 1570 702 1641 sanguine
719 1580 794 1625 est
819 1568 962 1640 (Leu.
984 1584 1120 1635 xm,
1146 1567 1230 1638 ll)
1253 1583 1268 1633 ;
1296 1566 1388 1622 sed
1416 1565 1593 1637 potius
1605 1562 1750 1634 quod

174 1660 463 1717 deﬁciente
517 1675 766 1731 corpore,
815 1674 1069 1731 magnum
1122 1657 1275 1728 cujus
1324 1653 1748 1710 sustentaculum

172 1751 509 1821 estsanguis,
534 1751 711 1805 anima
734 1766 1069 1819 nequaquam
1098 1750 1347 1803 intereat.
1365 1746 1571 1801 Dicitur
1584 1745 1746 1799 etiam

1846 565 2142 635 exspoliari,
2165 568 2255 620 sed
2287 572 2633 637 superrestiri,
2659 583 2711 624 ut
2741 573 3080 629 absorbeatur
3105 580 3244 647 quod
3272 596 3416 634 mor-

1847 655 1951 708 tale
1974 666 2048 709 est
2076 673 2109 709 η
2138 657 2241 709 vita
2292 658 2465 727 (ibid.,
2528 661 2604 731 4).
2645 662 2711 715 Et
2741 674 2861 732 post
2898 679 3003 719 non
3059 667 3227 721 multa
3261 684 3274 722 :
3303 670 3417 723 Au-

1846 751 2029 799 demus
2059 757 2249 814 autem,
2287 758 2334 801 et
2364 748 2552 803 bonam
2599 752 2915 807 voluntatem
2952 755 3220 821 habemus,
3250 763 3419 830 magis

1844 834 2168 903 peregrinari
2212 852 2243 888 a
2294 851 2527 905 corpore,
2578 847 2626 892 et
2666 852 2943 909 prrssentes
2989 860 3100 898 esse
3147 845 3216 898 ad
3250 845 3420 900 Deum

1849 923 2026 995 (ibid.,
2058 941 2105 977 υ.
2147 924 2222 995 8).
2272 925 2400 979 Item
2432 926 2545 995 ipse
2572 945 2585 980 :
2620 928 2888 985 Habemus
2932 933 3229 987 thesaurum
3261 937 3419 990 istum

1847 1014 1901 1067 in
1932 1014 2065 1069 vasis
2090 1014 2337 1083 ﬁctilibus
2361 1015 2443 1087 (Il
2469 1017 2588 1072 Cor.
2618 1034 2692 1083 IV,
2732 1020 2809 1089 '7).
2863 1021 3209 1080 Demonstrat
3254 1028 3419 1081 etiam

1847 1106 2175 1176 evangelista
2211 1108 2399 1162 mortis
2431 1116 2680 1179 tempore
2716 1113 2948 1167 animam
2978 1132 3005 1169 a
3038 1131 3262 1187 corpore
3291 1136 3420 1189 pro-

1850 1195 1982 1258 dire,
2008 1209 2130 1249 cum
2164 1195 2231 1249 de
2257 1195 2485 1251 Domino
2513 1198 2642 1254 dicit
2671 1215 2684 1252 :
2712 1199 2779 1253 Et
2827 1202 3077 1257 inclinata
3123 1208 3288 1274 capite
3314 1219 3424 1261 tra-

1849 1284 1982 1338 didit
2008 1287 2249 1355 spiritum
2270 1286 2454 1357 (Joan.
2481 1304 2594 1355 XIX,
2631 1290 2743 1360 50).
2764 1290 2932 1358 Quem
2949 1293 3125 1348 locum
3151 1310 3424 1364 exponens

1851 1383 2006 1444 pater
2038 1376 2372 1444 Augustinus
2396 1377 2528 1433 dicit
2561 1398 2575 1434 :
2609 1398 2627 1432 ι
2658 1381 2774 1447 Quo
2811 1372 3108 1455 signiﬁcata
3151 1394 3234 1440 est
3279 1403 3425 1441 mors

1851 1463 2093 1532 corporis
2113 1464 2290 1518 anima
2327 1476 2576 1522 exeunte.
2612 1487 2631 1520 ι
2670 1469 2747 1524 De
2775 1486 2880 1540 qua
2903 1487 2962 1527 re
2990 1474 3179 1528 melius
3201 1474 3443 1529 Patrum'

1852 1553 2178 1616 auctoritati,
2218 1570 2378 1623 quam
2415 1566 2615 1611 nostra:
2651 1561 2905 1613 credatur
2948 1563 3253 1618 assertioni.
3292 1563 3439 1618 Bca-v

1854 1649 1939 1695 tus
1966 1644 2110 1696 enim
2133 1642 2450 1700 Ambrosius
2487 1647 2541 1700 in
2582 1646 2721 1702 libro
2764 1649 3102 1706 llexameron
3130 1662 3324 1721 quarto
3353 1655 3426 1708 ita

1852 1731 1983 1786 dicit
2009 1734 2146 1803 (cap.
2175 1733 2228 1803 6)
2256 1749 2270 1788 :
2306 1751 2327 1786 ι
2359 1735 2497 1802 Quid
2522 1738 2666 1793 enim
2692 1747 2780 1793 est
2807 1754 2933 1795 caro
2957 1741 3075 1795 sine
3102 1744 3295 1798 anima:
3326 1756 3441 1812 ειη-⁷

177 1856 206 1893 ε,
238 1815 558 1910 (ιηίιηςεαεηη
589 1840 767 1894 anima
798 1815 867 1895 ,‘b
892 1815 958 1895 εξ)
995 1840 1292 1904 nominata,
1333 1838 1475 1907 quod
1523 1837 1746 1900 anime“
1780 1815 1824 1873 Β
1852 1824 2166 1890 bernaculo,
2199 1828 2394 1882 mentis
2426 1829 2647 1899 vigore?
2673 1829 2812 1885 Caro
2844 1832 3001 1887 hodie
3022 1834 3274 1901 sumitur,
3306 1850 3428 1890 cras

174 1932 232 1986 id
276 1940 362 1987 est
380 1932 613 1986 viviticet
643 1930 998 1986 substantiam
1027 1929 1289 2000 corporis.
1322 1928 1390 1982 Ut
1413 1936 1593 1981 autem
1621 1924 1751 1994 quid

176 2023 245 2077 de
275 2039 339 2078 ea
363 2024 655 2077 sentiamus
681 2022 890 2092 plenius
913 2023 1238 2093 aperiamus,
1261 2037 1368 2075 non
1395 2019 1620 2083 nostris,
1660 2032 1754 2073 ve-

178 2129 299 2168 rum
341 2113 614 2169 Creatoris
639 2113 889 2168 credatur
913 2112 1090 2177 dictis,
1128 2111 1217 2181 qui
1268 2111 1502 2165 animam
1533 2108 1754 2178 spiritus

178 2203 439 2258 vocabulo
458 2221 487 2257 a
509 2218 734 2273 corpore
756 2202 1064 2273 sejungens,
1081 2210 1327 2256 naturam
1352 2207 1407 2255 et
1433 2200 1750 2271 dignitatem

172 2303 608 2365 potestatemque
645 2293 764 2363 ejus
805 2309 836 2348 a
866 2309 1092 2366 corpore
1135 2292 1400 2357 distinxit,
1452 2308 1574 2346 cum
1629 2291 1749 2345 ait:

171 2385 414 2454 Spiritus
454 2395 528 2439 est
572 2384 660 2457 qui
695 2384 938 2454 viviﬁcat,
986 2400 1111 2438 caro
1161 2393 1335 2438 autem
1382 2398 1485 2436 non
1542 2380 1751 2452 prodest

167 2474 464 2545 quidquam
496 2473 676 2545 (Joan.
720 2490 794 2537 v1,
825 2474 937 2544 64).
977 2473 1255 2542 Itemque:
1290 2471 1442 2538 Quod
1467 2482 1647 2524 natum
1677 2481 1755 2525 est

169 2565 242 2617 de
268 2579 449 2627 carne,
487 2578 608 2618 caro
653 2572 731 2617 est
760 2579 778 2616 :
806 2573 852 2617 ct
878 2563 1016 2633 quod
1060 2573 1241 2616 natum
1269 2577 1334 2615 ea:
1364 2561 1575 2631 spiritu,
1601 2560 1757 2629 κρίνεα

171 2665 263 2708 tus
286 2665 363 2708 est
393 2653 577 2725 (Joan,
607 2669 691 2719 ut,
738 2653 813 2725 6).
845 2654 1160 2723 Quanquam
1197 2654 1298 2708 etsi
1342 2668 1446 2708 non
1476 2667 1599 2709 cum
1640 2666 1760 2707 cor-

172 2765 333 2819 pore,
375 2758 552 2804 tamcn
598 2763 723 2805 cum
762 2749 1110 2803 similitudine
1154 2748 1395 2817 corporis
1445 2746 1619 2800 cernit
1670 2744 1759 2800 vel

179 2840 449 2904 cernitur,
470 2840 552 2894 vel
586 2855 706 2892 cum
746 2854 804 2894 se
844 2838 1062 2893 abducit
1088 2848 1143 2894 et
1180 2849 1419 2909 removet
1455 2853 1483 2891 a
1509 2836 1758 2891 sensibus

177 2931 451 3000 corporis,
481 2932 620 2999 quod
648 2930 707 2984 lit
737 2931 789 2984 iu
820 2930 1023 2984 somnis
1061 2945 1182 2985 cmn
1220 2927 1602 2998 multiplicibus
1632 2927 1760 2982 visis

174 3029 498 3089 occupatur,
525 3021 607 3073 vel
629 3035 749 3073 cum
787 3034 884 3087 per
899 3018 1124 3082 ectasin,
1152 3017 1204 3072 id
1229 3027 1310 3072 est
1345 3017 1540 3071 mentis
1567 3031 1761 3071 exces-

176 3124 329 3171 sum,
354 3110 405 3163 in
428 3109 642 3163 diversa
666 3108 968 3173 abducitur,
1008 3122 1100 3162 seu
1152 3123 1273 3162 cum
1326 3115 1436 3160 tota
1480 3113 1761 3175 separatur

178 3216 216 3254 a
264 3214 513 3268 corpore,
539 3200 680 3269 quod
706 3200 767 3254 lit
808 3199 861 3253 in
891 3208 1083 3262 morte,
1109 3206 1163 3253 et
1204 3199 1286 3253 vel
1319 3198 1386 3252 ad
1422 3210 1609 3267 pinnas
1637 3213 1762 3267 per-

180 3300 398 3359 petuas,
428 3289 510 3342 vel
562 3290 627 3342 ad
673 3289 898 3360 gloriam
930 3288 1252 3344 transfertur
1275 3297 1553 3344 mternam.
1595 3289 1648 3342 In
1678 3289 1764 3344 his

183 3394 446 3447 namque,
469 3379 567 3433 etsi
597 3394 702 3433 non
736 3393 929 3449 corpus
955 3381 1098 3449 quod
1127 3394 1231 3433 non
1259 3387 1343 3433 est
1366 3380 1478 3448 ipsa
1501 3379 1761 3444 cernitur,

186 3482 374 3524 tamen
407 3469 810 3525 similitudinem
839 3484 1156 3538 corpoream
1186 3470 1384 3525 habere
1410 3469 1668 3525 creditur.

812 3559 1038 3616 CAPUT
1077 3560 1140 3614 11.
1358 3612 1362 3616 .
1450 3616 1457 3621 ,

334 3647 521 3701 Utrum
550 3649 726 3702 anima
762 3648 997 3702 localiter
1026 3660 1264 3703 teneatur
1297 3652 1352 3704 in
1387 3665 1620 3720 corpore.

263 3738 569 3793 Secundum
595 3737 887 3807 capitulum
924 3748 1005 3793 est
1039 3752 1054 3792 :
1094 3737 1284 3794 Utrum
1314 3739 1555 3794 localiter
1586 3749 1767 3794 tenea-

190 3842 282 3885 tur
321 3833 371 3884 in
399 3845 644 3899 corpore.
677 3829 916 3885 Dicimus
943 3829 1180 3900 quidem,
1210 3838 1264 3886 et
1299 3830 1526 3886 ﬁrmiter
1564 3833 1765 3886 retine-

193 3941 337 3987 mus,
359 3931 419 3976 ut
438 3922 696 3992 superiori
725 3921 959 3991 capitulo
981 3922 1375 3992 respondimus,
1399 3922 1632 3976 animam
1663 3939 1769 3977 non

190 4030 316 4069 esse
345 4028 541 4082 corpus
573 4013 665 4066 sed
693 4012 962 4081 spiritum,
995 4020 1048 4065 et
1085 4013 1331 4081 spiritum
1369 4028 1476 4066 non
1505 4011 1767 4075 localiter,

189 4116 252 4159 ut
286 4106 451 4159 moris
480 4114 564 4158 est
590 4100 925 4173 corporibus,
949 4101 1314 4165 determinari,
1340 4111 1399 4155 ut
1422 4100 1544 4156 alibi
1577 4101 1768 4167 major,

184 4198 325 4251 alibi
356 4196 427 4251 sit
466 4196 659 4249 minor.
705 4194 776 4249 At
808 4208 938 4249 vero
977 4193 1235 4258 animam,
1264 4208 1386 4248 cum
1416 4194 1487 4247 sit
1526 4194 1771 4261 spiritus,

190 4302 424 4354 corpore
477 4285 739 4342 contineri
807 4284 1039 4340 mirabili
1086 4295 1248 4354 atque
1291 4282 1543 4339 ineffabili
1592 4284 1770 4347 modo,

192 4378 598 4447 Scripturarnm
660 4375 908 4430 novimus
968 4375 1286 4430 auctoritate
1351 4390 1648 4429 sacrarum.
1702 4373 1773 4429 Ut

1852 1913 2175 1983 deponitur:
2208 1932 2337 1971 caro
2387 1919 2722 1989 temporalis,
2753 1922 2933 1977 anima
2973 1923 3225 1979 diuturna
3254 1944 3267 1978 :
3297 1941 3427 1982 caro

1853 2010 2084 2065 amictus
2108 2020 2191 2065 est
2216 2014 2429 2077 animae,
2458 2029 2576 2083 qua:
2619 2029 2678 2070 se
2717 2018 2890 2072 induit
2921 2021 3152 2088 quodam
3187 2026 3448 2093 corporis'

1853 2102 2194 2158 vestimento.
2229 2103 2344 2159 Non
2377 2105 2539 2175 igitur
2578 2116 2632 2160 tu
2672 2109 3048 2166 vestimentum
3088 2127 3169 2178 es,
3215 2114 3306 2167 sed
3338 2116 3429 2183 qui

1854 2193 2178 2249 vestimento
2206 2196 2393 2251 uteris.
2430 2216 2449 2249 ι
2482 2197 2613 2252 Item
2649 2197 2761 2268 ipse
2796 2201 2848 2255 in
2893 2201 3130 2270 Epistola
3164 2203 3230 2257 ad
3258 2204 3430 2258 Oron-

1857 2286 2061 2340 liauum
2083 2286 2252 2357 (epist.
2282 2288 2371 2354 51)
2401 2306 2415 2341 :
2450 2308 2468 2341 ι
2502 2288 2849 2361 Unaquaeque
2906 2295 3106 2359 anima,
3150 2297 3337 2351 videns
3371 2312 3461 2353 se.

1855 2391 2118 2447 corporeo
2147 2378 2249 2432 isto
2272 2378 2507 2433 clausam
2532 2383 2832 2450 gurgustio,
2855 2397 2973 2451 quae
2999 2393 3179 2440 tamen
3206 2394 3432 2441 terrena:

1855 2465 2013 2535 hujus
2044 2467 2391 2523 habitationis
2417 2472 2690 2525 consortio
2737 2488 2840 2526 non
2871 2475 3230 2543 degenerarit,
3279 2477 3443 2546 ingcw

1858 2557 2039 2610 miscit
2093 2567 2314 2627 gravata
2362 2561 2606 2629 corporis
2658 2561 2817 2630 hujus
2864 2563 3261 2633 conjunctione,
3307 2568 3434 2635 quia

1857 2645 2206 2714 corruptibile
2227 2662 2422 2716 corpus
2459 2659 2647 2719 gravat
2688 2652 2947 2718 animam,
2974 2662 3030 2709 et
3072 2653 3293 2708 inclinat
3322 2664 3434 2709 ter-

1859 2752 2048 2792 renum
2097 2739 2460 2795 habitaculum
2508 2752 2742 2798 mentem
2803 2745 3093 2800 multarum
3153 2748 3449 2818 cogitatio--

1860 2845 2012 2884 num.
2053 2850 2072 2884 ο
2109 2831 2249 2886 Ecce
2291 2833 2464 2901 qualis
2492 2842 2549 2888 et
2574 2844 2807 2904 quantus
2830 2837 2914 2891 vir
2939 2838 3193 2892 amictum
3246 2842 3436 2894 anima:

1860 2936 2056 2991 corpus
2100 2923 2364 2989 nominat,
2416 2932 2471 2980 et
2527 2926 2669 2981 intra
2722 2942 2917 2997 corpus
2960 2928 3117 2998 quasi
3168 2930 3435 2998 quoddam

1860 3013 2197 3082 gnrgustium
2242 3014 2477 3068 clausam
2508 3028 2801 3072 asseverat.
2827 3017 3025 3073 Beatus
3059 3032 3222 3088 porro
3258 3020 3440 3088 Augu-

1864 3102 2055 3167 stinus,
2098 3103 2185 3157 vir
2212 3105 2555 3160 cautissimus
2582 3116 2742 3177 atque
2771 3109 3173 3173 disertissimus,
3210 3110 3261 3163 in
3304 3109 3440 3163 libro

1866 3192 1931 3246 de
1954 3192 2265 3259 Quantitate
2300 3194 2494 3249 anima:
2520 3195 2884 3252 definitionem
2915 3199 3030 3268 ejus
3052 3198 3281 3253 mirabili
3311 3198 3441 3253 bre-

1863 3281 2029 3335 vitate
2057 3290 2112 3336 et
2139 3283 2369 3339 Veritate
2393 3286 2680 3353 expressit,
2711 3285 2898 3341 dicens
2925 3286 3063 3357 (cap.
3092 3287 3180 3356 15)
3214 3304 3227 3341 :
3259 3307 3276 3338 ι
3303 3286 3437 3341 Nam

1862 3372 1994 3425 mihi
2047 3373 2258 3428 videtur
2304 3388 2446 3439 esse,
2495 3373 2815 3429 subauditur
2879 3378 3084 3439 anima,
3138 3378 3439 3432 substantia

1863 3464 2109 3533 quaedam
2138 3465 2362 3520 rationis
2388 3467 2677 3536 particeps,
2712 3469 2948 3538 regendo
2975 3470 3187 3538 corpori
3228 3483 3439 3523 accom-

1866 3557 2099 3611 modata.
2139 3576 2157 3608 ι
2202 3557 2266 3612 Ει
2295 3566 2418 3628 post
2443 3573 2548 3614 non
2577 3560 2743 3613 multa
2776 3561 2913 3631 (cap.
2941 3562 3029 3631 M)
3063 3579 3076 3615 :
3117 3579 3137 3612 ι
3167 3560 3303 3629 Quid
3333 3562 3438 3615 mi-

1870 3661 2010 3709 rum,
2038 3646 2081 3700 si
2113 3647 2290 3700 anima
2321 3662 2495 3715 neque
2535 3662 2789 3717 corporea
2838 3650 2929 3713 sit,
2980 3664 3154 3720 neque
3197 3649 3304 3704 ulla
3351 3657 3444 3703 aut

1869 3736 2200 3815 longitudine
2246 3747 2521 3805 porrecta,
2560 3746 2650 3792 aut
2699 3738 2980 3793 latitudine
3004 3739 3217 3804 ditl‘usa,
3244 3747 3336 3793 aut
3366 3740 3442 3794 al-

1870 3827 2099 3885 titudine
2119 3827 2369 3891 solidata,
2391 3836 2447 3882 et
2471 3836 2649 3882 tamen
2679 3838 2885 3883 tantum
2914 3829 3092 3883 valeat
3116 3829 3168 3883 in
3191 3844 3438 3899 corpore,

1871 3928 1928 3972 ut
1966 3934 2130 3987 penes
2170 3934 2289 3971 eam
2334 3919 2572 3987 regimen
2599 3919 2678 3973 sit-
2695 3920 2933 3973 omnimn
2963 3921 3349 3985 membrorum,
3388 3931 3444 3976 et

1869 4012 2021 4080 quasi
2069 4011 2232 4064 cardo
2265 4009 2481 4079 quidam
2509 4011 2561 4064 in
2591 4013 2797 4081 agendo
2841 4021 3157 4067 etmctarum
3187 4029 3442 4082 corpora-

1871 4101 2000 4155 lium
2029 4101 2360 4156 motionum?
2392 4120 2411 4153 ι
2441 4100 2700 4170 Superius
2731 4117 2911 4171 porro,
2937 4119 3058 4158 cum
3082 4106 3244 4159 sciret
3274 4105 3441 4159 Deum

1872 4192 2050 4247 omnia
2080 4192 2133 4245 in
2161 4206 2411 4246 mensura
2432 4199 2487 4246 et
2507 4206 2730 4246 numero
2755 4202 2809 4247 et
2834 4194 3075 4262 pondere
3097 4195 3439 4264 disposuisse,

1874 4285 2106 4353 spatium
2154 4283 2292 4353 ejus,
2329 4283 2470 4353 quod
2498 4283 2639 4339 Deus
2670 4300 2834 4355 penes
2866 4301 2925 4341 se
2976 4296 3160 4341 notum
3202 4288 3383 4351 habet,
3413 4303 3443 4351 a

1873 4374 2140 4444 corporali
2164 4374 2432 4439 distinxit,
2459 4390 2579 4429 cum
2608 4376 2685 4430 ait
2723 4376 2897 4448 (ibid.)
2930 4396 2941 4430 :
2968 4394 3005 4428 ηε
3050 4377 3181 4431 Nam
3208 4379 3446 4448 profecto

190 4479 285 4523 est
334 4470 388 4522 in
441 4466 579 4522 Jobi
614 4467 747 4520 Ecce
789 4466 879 4535 qui
922 4468 1146 4520 serviunt
1175 4466 1223 4519 ei
1252 4482 1354 4520 non
1382 4474 1502 4519 sunt
1541 4463 1769 4525 stabiles,
1804 4509 1852 4567 Β
1878 4466 2131 4534 quoniam
2172 4480 2368 4535 corpus
2396 4480 2501 4520 non
2546 4476 2629 4522 est
2659 4466 2855 4538 (neque
2882 4469 3025 4524 enim
3056 4469 3213 4524 aliter
3240 4471 3291 4524 in
3324 4485 3447 4525 cor-

191 4571 243 4612 et
270 4560 324 4610 in
353 4557 550 4627 angelis
573 4557 681 4611 suis
712 4557 894 4624 reperit
935 4556 1258 4626 pravitatem.
1299 4554 1508 4619 Quanto
1535 4555 1699 4623 magis
1722 4555 1775 4608 hi

192 4651 289 4721 qui
318 4651 548 4703 habiaut
577 4649 757 4703 domos
786 4649 968 4711 luteas,
1009 4651 1096 4719 qui
1141 4659 1396 4703 terrenum
1431 4648 1616 4703 habent
1650 4648 1775 4717 fun-

192 4744 523 4806 damentum,
553 4752 921 4795 consumentur
964 4741 1097 4795 velut
1126 4758 1157 4793 a
1200 4740 1374 4794 tinea?
1404 4740 1522 4811 (Job
1562 4756 1634 4804 tv,
1666 4739 1778 4811 18.)

197 4837 447 4903 Itemque
476 4834 533 4888 in
570 4834 814 4888 oratione
853 4831 980 4888 Elia:
1010 4849 1022 4886 :
1057 4832 1275 4885 Domine
1307 4832 1464 4892 Deus,
1494 4840 1781 4885 revertatur

198 4942 298 4980 oro
324 4926 501 4979 anima
525 4925 672 4994 pueri
699 4923 856 4993 hujus
884 4923 939 4976 in
966 4923 1164 4976 uiscera
1196 4922 1309 4991 ejus
1339 4921 1458 4991 (111
1483 4921 1611 4991 Reg.
1644 4937 1777 4987 xv",

199 5015 329 5086 2|);
361 5024 415 5070 et
444 5024 564 5085 post
592 5013 865 5085 paululum
898 5030 911 5065 :
952 5011 1017 5065 Et
1056 5028 1257 5066 reversa
1298 5020 1373 5066 est
1414 5013 1590 5065 anima
1632 5013 1779 5081 pueri

194 5111 347 5164 intra
373 5123 508 5169 eum,
531 5115 581 5160 et
624 5106 823 5158 reuixit.
856 5102 1052 5155 Paulus
1080 5117 1292 5172 quoque
1317 5104 1384 5157 de
1411 5117 1469 5158 se
1498 5111 1555 5158 et
1593 5102 1782 5159 simili-

201 5201 309 5255 hus
338 5197 439 5253 sibi
486 5195 762 5265 loquitur:
802 5193 906 5248 Sed
951 5192 1064 5246 licet
1104 5193 1149 5245 is
1193 5192 1281 5261 qui
1312 5192 1439 5260 {oris
1483 5201 1557 5247 est
1608 5203 1783 5248 noster

202 5290 365 5342 Iromo
393 5286 766 5354 corrumpitur,
812 5295 984 5335 tamen
1020 5282 1064 5334 is
1099 5283 1186 5351 qui
1217 5282 1357 5336 intus
1389 5291 1465 5334 est
1506 5291 1781 5336 renovatur

205 5379 273 5432 de
300 5378 389 5431 die
416 5377 469 5431 in
505 5377 640 5430 diem
686 5373 768 5446 (ll
798 5372 920 5428 Cor.
962 5388 1034 5435 tv,
1084 5372 1192 5442 16).
1249 5372 1315 5427 Et
1361 5374 1533 5428 item:
1575 5373 1782 5428 Scimus

204 5470 349 5521 enim
372 5467 617 5534 quoniam
651 5466 697 5519 si
733 5465 989 5518 terrestris
1014 5462 1197 5517 domus
1218 5472 1402 5518 nostra
1442 5463 1600 5533 hujus
1638 5463 1785 5518 habi-

208 5557 426 5611 tationis
458 5556 788 5622 dissolvatur,
817 5555 955 5625 quod
984 5555 1383 5624 wdiﬁcationem
1403 5572 1467 5611 ea:
1494 5556 1603 5611 Deo
1630 5556 1786 5611 habe-

210 5663 351 5711 mus,
375 5647 585 5702 domum
611 5663 713 5700 non
737 5646 1114 5716 manufactam,
1155 5656 1402 5702 (sternam
1428 5648 1483 5701 in
1518 5647 1657 5702 cadis
1693 5645 1786 5718 (II

212 5736 339 5792 Cor.
368 5752 423 5803 v,
452 5739 526 5806 1).
570 5736 810 5808 Itemque
841 5753 854 5793 :
886 5737 1027 5794 Nam
1054 5748 1100 5794 et
1127 5739 1217 5809 qui
1249 5754 1428 5794 sumus
1467 5738 1523 5793 in
1568 5740 1663 5795 hoc
1694 5748 1786 5794 ta-

1879 4574 2008 4629 pore
2037 4558 2140 4611 ulla
2181 4572 2406 4612 cernere
2430 4559 2652 4629 valepet,
2692 4567 2752 4614 ut
2783 4564 3030 4632 superior
3070 4564 3209 4620 ratio
3235 4564 3452 4620 demon-

1878 4649 2125 4719 strabat),
2156 4648 2342 4718 procul
2364 4648 2527 4704 dubio
2551 4659 2700 4706 caret
2728 4653 2903 4722 spatio
2940 4669 3046 4723 quo
3076 4671 3301 4726 corpora
3339 4673 3453 4712 me-

1880 4739 2106 4804 tiuntur,
2132 4748 2186 4794 et
2211 4740 2313 4794 hoc
2336 4748 2485 4794 recte
2522 4742 2689 4806 credi,
2722 4752 2813 4797 aut
2837 4745 3083 4813 cogitari,
3107 4757 3201 4800 aut
3229 4748 3449 4818 intelligi

1881 4830 2006 4884 talis
2027 4829 2144 4898 ejus
2171 4829 2447 4899 quantitas
2471 4844 2576 4883 non
2617 4840 2814 4900 potest.
2853 4852 2871 4885 ι
2898 4834 3065 4899 Quem
3090 4850 3305 4889 sensum
3343 4838 3453 4906 ple-

1881 4920 2006 4975 nius
2043 4921 2097 4975 in
2137 4919 2277 4974 libro
2297 4928 2453 4975 sexto
2496 4922 2562 4976 de
2592 4921 2857 4977 Trinitate
2900 4925 3068 4978 isdem
3112 4927 3454 4988 doctissimus

1880 5012 1966 5068 vir
1996 5011 2168 5066 multo
2208 5011 2548 5068 manifestius
2606 5015 2844 5081 excolit,
2898 5016 3126 5071 dicendo
3169 5017 3306 5087 (cap.
3352 5017 3451 5089 6):

1888 5119 1907 5152 ι
1942 5102 2069 5157 Ideo
2110 5102 2407 5173 simplicior
2448 5114 2535 5159 est
2569 5120 2831 5174 corpore,
2885 5106 3203 5161 subauditur
3250 5107 3450 5171 anima,
3526 5106 3529 5111 ’

1881 5194 2008 5263 quia
2033 5209 2139 5249 non
2171 5195 2312 5251 mole
2348 5194 2666 5251 diffunditur
2692 5210 2790 5266 per
2827 5199 3060 5267 spatium
3105 5199 3225 5263 loci,
3268 5200 3362 5253 sed
3384 5200 3465 5273 'in'

1884 5299 2208 5354 unoquoque
2231 5299 2457 5355 corpore
2482 5294 2538 5340 et
2566 5287 2621 5340 in
2650 5294 2763 5340 toto
2784 5293 2892 5341 tota
2914 5295 3018 5353 est,
3041 5295 3095 5342 et
3135 5288 3187 5342 in
3218 5286 3465 5356 qualibet’

1887 5362 2008 5442 ejus,
2027 5384 2179 5445 parte
2204 5385 2314 5430 tota
2339 5385 2441 5431 est.
2476 5376 2544 5430 Et
2568 5378 2688 5431 ideo
2716 5392 2838 5431 cum
2865 5378 2925 5431 lit
2962 5378 3163 5448 aliquid
3188 5378 3239 5432 in
3267 5379 3456 5448 quavis

1829 5506 1839 5521 .
1885 5465 2076 5536 exigua
2139 5465 2402 5536 particula
2468 5466 2741 5534 corporis,
2800 5468 2943 5536 quod
3002 5468 3201 5523 sentiat
3255 5469 3455 5533 anima,

1885 5555 2131 5625 quamvis
2170 5569 2279 5609 non
2319 5554 2414 5608 ﬁat
2448 5554 2501 5608 in
2551 5562 2664 5610 toto
2692 5571 2938 5627 corpore,
2985 5557 3073 5612 illa
3121 5566 3294 5613 tamen
3348 5566 3456 5612 tota

1888 5647 2071 5711 sentit,
2106 5645 2229 5715 quia
2269 5653 2440 5699 totam
2472 5661 2577 5701 non
2606 5646 2754 5701 latet.
2794 5667 2813 5699 ι
2846 5649 2975 5704 Item
3002 5648 3115 5719 ipse
3144 5650 3198 5703 in
3230 5649 3368 5705 libro
3397 5651 3462 5703 de

1889 5738 2121 5793 Civitate
2153 5736 2247 5793 Dei
2271 5736 2529 5808 vigesimo
2553 5738 2737 5806 primo
2753 5730 2892 5810 (cap.
2920 5739 2975 5811 5)
3010 5757 3022 5793 :
3056 5759 3074 5791 ι
3112 5738 3292 5794 Prima
3316 5754 3463 5795 mors
