4006 6338
649 364 759 422 955

1472 352 1806 412 HINCMARI
1843 350 2061 407 RHEM.
2101 348 2430 407 ARCHIEP.
2470 349 2838 408 OPUSCULA
2876 351 3109 409 VARIA.

3730 359 3804 417 936

651 478 891 534 animam
920 472 1194 528 nolentem
1233 468 1389 540 pellit
1429 467 1496 523 de
1523 481 1774 536 corpore,
1815 463 2051 520 secunda
2091 476 2240 517 mors
2268 464 2315 524 Α
2345 460 2484 533 (cap.
2509 461 2642 533 28):
2678 482 2697 515 ε
2729 463 2929 521 Luteas
2965 465 3163 536 quippe
3199 462 3387 520 domos
3421 463 3693 537 habitamus,
3720 476 3806 544 quia

649 569 887 626 animam
935 564 1207 619 nolentem
1262 571 1408 615 teuet
1453 558 1508 612 in
1559 573 1807 628 corpore.
1874 557 1957 612 Ab
2009 566 2240 626 utraque

651 668 828 717 morte
871 654 1231 714 communiter
1269 653 1321 707 id
1365 652 1617 716 habetur,
1666 660 1729 705 ut
1777 650 1920 719 quod
1966 664 2073 703 non
2121 646 2241 703 vult

651 751 856 812 anima,
886 748 952 801 de
977 760 1076 800 suo
1103 758 1332 811 corpore
1356 742 1613 812 patiatur.
1656 759 1676 793 ι
1712 740 1858 795 Idem
1897 740 2013 809 ipse
2057 738 2110 793 in
2140 752 2237 794 eo-

651 844 796 897 dem.
845 858 863 890 ι
897 837 1002 891 lste
1043 834 1182 889 alius
1212 834 1424 899 modus,
1464 847 1572 901 quo
1610 831 1930 901 corporibus
1960 818 2241 885 adhaerent

649 927 873 999 Spiritus
920 933 975 980 et
1025 923 1279 979 animalia
1331 923 1489 987 ﬁunt,
1543 923 1766 977 omnino
1802 922 1972 975 mirus
2001 931 2106 986 est,
2136 934 2240 975 nec

648 1016 1034 1087 comprehendi
1073 1014 1144 1069 ab
1186 1014 1407 1068 homine
1449 1020 1648 1083 potest,
1691 1019 1747 1067 et
1784 1012 1887 1066 hoc
1928 1010 2046 1081 ipse
2073 1011 2239 1066 homo

647 1118 752 1163 est.
788 1126 807 1160 ι
845 1106 964 1176 Ipse
1004 1105 1058 1159 in
1088 1104 1227 1159 libro
1248 1101 1512 1173 vigesimo
1548 1101 1788 1156 secundo
1817 1109 1956 1173 (cap.
1986 1100 2040 1171 6)
2073 1117 2087 1153 :
2126 1119 2145 1152 ι
2177 1099 2237 1155 Si

648 1199 793 1254 enim
824 1197 1021 1252 animas
1051 1195 1426 1250 tantummodo
1460 1208 1723 1257 essemus,
1770 1194 1824 1247 id
1870 1202 1955 1248 est
1983 1193 2101 1249 sine
2129 1193 2238 1249 ullo

648 1305 879 1361 corpore
907 1289 1154 1363 spiritus,
1187 1296 1244 1342 et
1274 1287 1327 1341 in
1362 1286 1501 1341 cmlo
1533 1285 1840 1339 habitantes
1870 1293 2084 1339 terrena
2125 1284 2243 1339 ani-

652 1384 815 1440 malia
855 1381 1213 1445 nesciremus,
1238 1379 1501 1449 nobisque
1524 1377 1763 1433 futurum
1792 1392 1913 1432 esse
1941 1378 2232 1443 diceretur,

650 1484 712 1530 ut
759 1474 993 1529 terrenis
1034 1473 1356 1543 corporibus
1397 1470 1704 1525 animandis
1737 1471 1973 1541 quodam
2020 1471 2236 1527 vinculo

650 1565 884 1622 mirabili
912 1573 1275 1625 necterentur,
1307 1576 1485 1616 nonne
1515 1560 1685 1615 multo
1713 1559 1910 1615 fortius
1948 1575 2237 1632 argumen-

650 1665 891 1709 taremur
916 1654 970 1708 id
998 1652 1224 1707 credere
1269 1659 1581 1716 renuentes,
1626 1659 1683 1705 et
1724 1651 2026 1706 diceremus
2071 1659 2233 1704 natu-

648 1759 766 1799 ram
788 1759 894 1798 non
923 1742 1057 1812 pati,
1090 1750 1151 1797 ut
1182 1755 1269 1796 res
1304 1742 1624 1811 incorporea
1652 1741 1944 1811 ligamento
1971 1755 2235 1810 corporeo

2345 551 2401 607 in
2422 553 2743 622 corporibus
2767 556 3001 610 terrenis
3025 554 3382 610 subsistimus.
3402 554 3520 623 Quae
3541 556 3654 614 bene
3671 561 3808 622 Paulus

2344 644 2712 711 considerans,
2736 646 2814 700 ait
2847 663 2861 700 :
2905 645 3170 701 Habemus
3193 648 3482 702 thesaurum
3502 649 3636 705 istum
3663 654 3703 708 in
3719 659 3807 713 uti:

2341 733 2588 803 ﬁctilibus
2611 735 2700 808 (II
2724 734 2849 792 Cor.
2879 753 2956 803 tv,
2983 738 3060 809 7).
3093 756 3112 789 ι
3142 739 3211 793 Et
3229 746 3347 809 post
3372 755 3472 795 non
3497 743 3639 798 multa
3656 745 3805 816 (ibim);

2347 844 2367 878 ‹
2400 824 2566 882 Tinea
2597 838 2780 885 autem
2805 830 2873 885 de
2894 838 3045 886 veste
3081 832 3338 895 nascitur,
3363 841 3415 887 et
3438 836 3646 890 eamdem
3665 847 3806 898 vestem

2342 916 2409 972 de
2440 933 2546 988 qua
2581 920 2777 988 oritur,
2801 922 3030 977 oriendo
3053 924 3370 993 corrumpit.
3413 923 3562 991 Quasi
3585 941 3689 982 vero
3709 944 3806 997 qua-

2340 1010 2465 1064 dam
2487 1011 2654 1067 vestis
2683 1013 2878 1069 animae
2899 1028 3027 1068 caro
3047 1021 3151 1069 est.
3197 1012 3304 1069 Sed
3331 1015 3442 1070 haec
3465 1016 3677 1072 nimirum
3696 1021 3808 1076 vestis

2340 1100 2508 1156 habet
2540 1102 2739 1158 tineam
2773 1119 2949 1169 suam,
2993 1104 3120 1174 quia
3155 1106 3224 1159 ab
3266 1105 3376 1176 ipsa
3418 1106 3623 1161 carnalis
3654 1111 3808 1165 tentatio

2338 1189 2536 1255 oritur,
2566 1206 2634 1246 ex
2666 1206 2772 1261 qua
2806 1192 3094 1247 laceratur.
3127 1212 3147 1246 ι
3193 1192 3533 1249 Cassiodorus
3560 1200 3809 1266 quoquenir

2339 1284 2594 1339 acerrimi
2639 1285 2840 1356 ingenii
2886 1294 2943 1342 et
2989 1286 3221 1355 insignis
3262 1288 3595 1354 eruditionis,
3640 1291 3683 1344 in
3719 1292 3808 1347 libro

2337 1388 2499 1444 quem
2539 1375 2606 1430 de
2639 1376 2834 1431 Anima
2880 1378 3226 1447 conscripsit,
3264 1378 3534 1445 magistros
3559 1390 3717 1435 sancta
3741 1381 3807 1436 Ec-

2336 1468 2517 1523 clesice
2552 1468 2605 1522 in
2644 1469 2747 1524 hac
2783 1485 2863 1534 re,
2910 1470 3050 1524 sicut
3092 1479 3148 1525 et
3184 1469 3238 1523 iu
3277 1468 3414 1533 aliis,
3455 1484 3509 1524 se
3541 1471 3664 1541 sequi
3689 1482 3808 1527 osten-

2338 1558 2439 1623 dit,
2479 1574 2602 1613 cum
2635 1560 2768 1614 dicit
2799 1570 2922 1629 post
2954 1560 3058 1614 alia
3083 1560 3224 1633 (cap.
3253 1560 3308 1631 6)
3335 1578 3347 1614 :
3380 1581 3397 1612 c
3427 1561 3599 1616 Mirum
3628 1573 3806 1631 partem

2335 1648 2570 1715 videtur,
2625 1664 2742 1705 rem
2791 1650 3167 1721 incorporeum
3191 1691 3208 1717 ,
3271 1652 3516 1707 membris
3534 1654 3806 1710 «solidissimis

2337 1738 2670 1809 colligatum,
2713 1749 2769 1795 et
2809 1742 2889 1797 sic
2929 1742 3193 1796 distantes
3234 1750 3451 1796 naturas
3487 1742 3536 1796 in
3570 1758 3697 1797 unam
3726 1759 3806 1797 coa-

646 1836 981 1891 vinciretur?
1028 1834 1095 1888 Et
1139 1843 1321 1888 tamen
1353 1833 1511 1904 plena
1549 1843 1633 1889 est
1669 1841 1813 1888 terra
1859 1834 2237 1905 vegetantibus
2265 1837 2310 1897 B
2337 1831 2667 1886 venientiam
2703 1831 2873 1888 fuisse
2915 1832 3198 1898 adductas,
3235 1841 3293 1886 ut
3324 1848 3420 1887 nec
3448 1833 3606 1888 anima
3631 1834 3805 1903 sepossit

647 1926 845 1981 animis
868 1928 983 1982 lucc
1006 1924 1248 1981 membra
1272 1932 1490 1979 terrena
1517 1924 1657 1979 miro
1682 1924 1786 1980 sibi
1810 1925 2044 1994 quodam
2074 1925 2236 1981 modo

646 2031 893 2071 connexa
936 2025 994 2071 et
1040 2014 1319 2086 implicita.
1356 2033 1376 2066 ι
1429 2014 1572 2069 Idem
1604 2014 1720 2085 ipse
1756 2014 1810 2068 in
1856 2016 2047 2070 eodem
2097 2014 2238 2071 libro

649 2108 903 2181 (cap.ll)
943 2124 960 2164 :
1019 2128 1039 2161 ‹
1072 2108 1131 2163 lu
1181 2117 1399 2163 terreno
1443 2122 1574 2178 ergo
1628 2106 1759 2177 quid
1793 2106 1926 2161 facit
1972 2107 2237 2177 corpore?

647 2204 971 2259 subauditur
1009 2202 1214 2268 anima,
1248 2201 1301 2255 in
1342 2201 1446 2257 hac
1483 2200 1624 2255 mole
1664 2199 1793 2269 quid
1829 2199 1944 2270 agit
1988 2199 2237 2255 subtilior

640 2294 936 2354 omnibus?
959 2293 1011 2347 in
1049 2293 1152 2349 hoc
1175 2291 1418 2362 pondere
1447 2292 1577 2360 quid
1616 2292 1728 2362 agit
1756 2290 1927 2345 levior
1952 2292 2237 2347 omnibus?

648 2386 703 2440 in
730 2387 832 2441 hac
859 2386 1113 2439 tarditate
1153 2384 1283 2454 qttid
1322 2384 1434 2453 agit
1480 2382 1710 2438 celerior
1751 2383 2042 2438 omnibus?
2087 2383 2237 2439 Itane

645 2491 747 2547 per
782 2473 942 2542 hujus
983 2483 1092 2528 tam
1121 2473 1439 2529 excellentis
1467 2482 1675 2528 natura:
1713 2473 1965 2528 meritum
2004 2488 2110 2527 non
2143 2489 2237 2543 po-

648 2565 778 2620 terit
798 2563 936 2619 cllici
963 2571 1022 2618 ut
1043 2578 1243 2632 corpus
1282 2562 1404 2633 ejus
1430 2562 1641 2617 levetur
1674 2562 1727 2616 in
1772 2562 2010 2616 malum?
2033 2572 2089 2617 et
2112 2578 2237 2618 cum

647 2653 827 2709 valeat
851 2670 993 2709 nunc
1021 2663 1214 2709 natura
1244 2669 1532 2723 corporum
1561 2662 1903 2709 terrenorum
1928 2653 2238 2723 deprimere

647 2745 856 2799 animas
882 2745 1156 2810 deorsum,
1186 2743 1478 2812 aliquando
1498 2751 1555 2798 et
1591 2743 1786 2798 anima:
1813 2743 1996 2798 levare
2020 2758 2237 2799 sursum

648 2844 861 2890 terrena
886 2850 1115 2903 corpora
1141 2849 1247 2888 non
1278 2833 1567 2888 valebunt?
1603 2852 1623 2885 ι
1650 2832 1793 2886 idem
1821 2833 1874 2886 in
1910 2832 2048 2887 libro
2070 2832 2238 2902 septi-

647 2939 739 2977 tno
760 2924 825 2977 de
838 2922 1034 2978 Genesi
1057 2924 1122 2977 ad
1144 2923 1378 2977 litteram
1395 2929 1531 2992 (cap.
1550 2922 1640 2991 24)
1664 2940 1677 2975 :
1698 2921 1994 2976 «Credatur
2015 2938 2170 2993 ergo,
2190 2922 2238 2978 si

645 3012 789 3065 nulla
806 3010 1211 3080 Scripturarum
1230 3011 1548 3074 auctoritas,
1564 3026 1657 3064 seu
1675 3010 1921 3064 veritatis
1947 3011 2082 3065 ratio
2103 3028 2237 3067 con-

646 3103 890 3167 tradicit,
930 3104 1199 3157 hominem
1236 3103 1309 3157 ita
1346 3102 1544 3156 factum
1579 3111 1734 3156 sexto
1763 3102 1869 3167 die,
1905 3112 1964 3157 ιιι
1990 3105 2237 3174 corporis

2336 1941 2627 1996 segregare
2666 1942 2790 1981 cum
2829 1926 2997 1992 velit,
3041 1942 3145 1981 nec
3185 1927 3416 1981 retinere
3455 1942 3564 1981 cum
3595 1927 3801 1996 iussionem

2334 2015 2611 2071 Creatoris
2643 2018 2944 2087 agnoverit.
2989 2017 3187 2073 Clausa
3228 2018 3303 2071 illi
3342 2025 3462 2072 sunt
3496 2018 3697 2072 universa
3724 2032 3799 2070 cum

2333 2108 2652 2178 praecipitur
2686 2108 2943 2173 insidere,
2985 2118 3174 2179 aperta
3216 2123 3428 2178 quoque
3466 2108 3800 2162 reddunturcum

2329 2198 2554 2268 iubetur
2590 2199 2762 2254 exire.
2827 2199 2963 2254 Nam
3007 2200 3054 2256 si
3096 2201 3327 2255 acerbus
3367 2198 3508 2254 dolor
3540 2197 3724 2251 vulneris
3751 2197 3800 2249 ἱιιο

2335 2290 2574 2362 ﬂigatur,
2615 2293 2736 2347 sine
2776 2292 3022 2347 auctoris
3062 2291 3294 2363 imperio
3330 2307 3430 2344 non
3466 2290 3697 2352 amittitur,
3714 2288 3799 2341 sicut

2337 2398 2439 2438 nec
2481 2383 2599 2437 sine
2637 2382 2808 2451 ipsius
2840 2398 3065 2437 munere
3107 2382 3427 2437 custoditur.
3476 2378 3593 2434 Hinc
3623 2388 3685 2433 est
3710 2378 3797 2446 quod

2336 2473 2651 2543 frequenter
2686 2475 2929 2544 graviter
2963 2473 3276 2528 vulneratos
3306 2473 3535 2526 videmus
3566 2471 3797 2527 evadereet

2337 2579 2526 2620 rursus
2572 2563 2781 2620 levibus
2823 2563 3205 2619 occasionibus
3250 2563 3481 2618 interire.
3509 2580 3527 2613 ι
3584 2560 3689 2614 Ecce
3716 2566 3795 2625 quot

2334 2668 2391 2714 et
2421 2658 2670 2729 qualibus
2703 2674 2811 2714 non
2850 2659 3210 2729 argumentis,
3244 2658 3337 2713 sed
3371 2656 3795 2712 documentisostcu-

2335 2750 2483 2805 ditur
2520 2749 2676 2803 nobis
2714 2749 2927 2803 animas
2952 2749 3276 2817 corporibus
3305 2746 3385 2800 vel
3418 2746 3622 2806 indutas,
3649 2743 3707 2795 vel
3729 2738 3795 2793 colo

2335 2839 2552 2909 ligatas,
2578 2837 2665 2893 vel
2692 2837 2922 2892 vinctas.
2965 2836 3209 2903 Quorum
3232 2836 3518 2891 auctoritati
3540 2831 3791 2903 periculosum

2335 2930 2551 2984 videtur
2591 2928 2748 2983 nobis
2791 2928 3078 2999 refragari.
3148 2926 3340 2983 Restat
3378 2941 3531 2996 ergo,
3571 2921 3701 2976 siluis
3727 2931 3791 2972 uol

2337 3021 2601 3085 creditur,
2626 3021 2794 3073 multa
2827 3020 2892 3073 de
2924 3019 3124 3073 divinis
3144 3018 3299 3072 libris
3320 3016 3511 3079 abradi,
3536 3023 3691 3068 etcum
3709 3006 3790 3076 ipsis

2340 3113 2595 3169 mulcatis
2632 3122 2904 3167 tantorum
2946 3112 3189 3167 virorum
3234 3110 3514 3165 doctrinam
3549 3098 3789 3161 labefactari,

644 3196 862 3265 quidem
902 3195 1122 3248 humani
1151 3194 1291 3248 ratio
1314 3193 1547 3248 causalis
1589 3193 1643 3246 in
1683 3192 1965 3249 elementis
2011 3194 2231 3260 mundi,

2295 3182 2309 3246 ἶ
2340 3215 2434 3259 aut
2474 3206 2616 3275 quod
2657 3214 2742 3259 est
2780 3206 2971 3269 ratius,
3015 3204 3461 3258 contradictorem
3497 3190 3790 3254 horumalrllc-

645 3285 826 3339 anima
860 3298 989 3338 vero
1022 3282 1137 3352 iam
1176 3284 1293 3355 ipsa
1334 3292 1614 3338 crearetur
1646 3283 1787 3338 sicut
1820 3285 2073 3354 primitus
2100 3300 2232 3339 con-

643 3376 790 3433 dilus
829 3385 914 3431 est
955 3376 1102 3442 dies,
1142 3384 1197 3431 et
1242 3384 1427 3431 creata
1470 3375 1663 3430 lateret
1709 3377 1765 3431 in
1810 3377 2066 3447 operibus
2105 3377 2234 3443 Dei,

643 3465 816 3521 donec
853 3481 975 3521 eam
1015 3481 1116 3521 suo
1159 3475 1403 3535 tempore
1442 3466 1745 3533 sulllando;
1794 3469 1899 3524 hoc
1942 3478 2027 3524 est
2067 3468 2237 3540 inspi-

642 3557 837 3623 rando,
873 3558 1107 3613 formato
1144 3574 1210 3614 ex
1243 3558 1373 3614 limo
1408 3561 1624 3629 corpori
1659 3561 1946 3618 insereret.
1977 3581 1997 3615 ι
2047 3560 2154 3619 Sed
2180 3571 2237 3619 et

641 3648 729 3701 vir
751 3648 999 3704 maximae
1030 3650 1369 3706 auctoritatis
1405 3650 1764 3724 Hieronymus
1798 3652 1852 3707 in
1904 3653 2131 3723 epistola
2163 3654 2235 3709 ad

642 3736 864 3792 Paulam
910 3739 1273 3797 consolatoria
1317 3742 1392 3796 ita
1437 3741 1591 3812 ponit
1638 3741 1833 3813 (epist.
1875 3742 1946 3798 25
1986 3745 2052 3800 de
2090 3746 2235 3802 obitu

642 3828 944 3902 Blmillae):
978 3849 997 3883 ι
1027 3831 1317 3903 Postquam
1351 3842 1533 3887 autem
1566 3834 1782 3888 sarcina
1817 3834 1999 3890 carnis
2024 3833 2233 3904 abiecta

642 3920 712 3974 ad
754 3936 911 3976 suum
949 3922 1131 3977 anima
1171 3923 1437 3979 revolavit
1471 3933 1771 3988 auctorem,
1793 3932 1848 3980 et
1873 3926 1928 3981 in
1953 3928 2232 3998 antiquam

641 4012 1041 4079 possessionem
1070 4012 1161 4067 diu
1193 4019 1537 4084 peregrinata
1564 4015 1922 4083 conscendit,
1967 4032 2034 4072 ex
2081 4032 2233 4073 more

639 4109 901 4168 parantur
956 4104 1249 4172 exsequiae.
1289 4122 1309 4155 ι
1347 4102 1494 4158 Idem
1541 4103 1658 4173 ipse
1695 4103 1752 4158 in
1802 4104 2089 4175 Epitaphio
2127 4106 2233 4161 Ne-

643 4190 855 4259 potiani.
871 4192 1043 4263 (epist.
1071 4193 1105 4247 ὅ
1131 4195 1201 4247 ad
1227 4192 1502 4264 Heliod.):
1531 4213 1550 4246 ι
1574 4194 1676 4251 Ubi
1720 4211 1865 4251 nunc
1904 4198 2099 4253 decora
2139 4197 2231 4253 illa

648 4280 861 4361 facies?
905 4283 996 4339 ubi
1036 4285 1199 4339 totius
1234 4285 1478 4354 corporis
1508 4286 1765 4357 dignitas,
1789 4302 1898 4358 quo
1923 4288 2088 4344 veluti
2114 4287 2232 4360 pul-

640 4371 774 4426 chro
828 4372 1146 4429 indumento
1202 4376 1548 4444 pulchritudo
1605 4376 1801 4431 anima:
1851 4379 2231 4433 vestiebatur?

640 4459 955 4527 Marcebat,
1013 4463 1150 4532 proh
1194 4463 1391 4520 dolor!
1454 4463 1621 4520 ﬂante
1673 4475 1860 4522 austro
1911 4467 2081 4522 lilium
2108 4508 2124 4534 ,
2175 4479 2230 4524 et

640 4566 880 4621 purpura
907 4551 1058 4607 viola:
1082 4554 1137 4608 in
1157 4554 1419 4625 pallorem
1442 4556 1644 4613 sensim
1670 4559 1958 4629 migrabat.
1981 4578 2001 4611 ι
2033 4559 2229 4616 Beatus

642 4657 858 4712 quoque
904 4642 1199 4715 Gregorius
1256 4648 1309 4703 in
1374 4648 1515 4705 libro
1572 4650 1766 4721 quinto
1823 4651 2104 4709 Moralium
2152 4654 2228 4710 ita

642 4734 774 4789 dicit
819 4735 960 4807 (cap.
1002 4737 1134 4810 25):
1185 4758 1206 4792 ‹
1254 4740 1388 4797 Cum
1431 4742 1576 4798 enim
1619 4759 1913 4815 corporeas
1961 4748 2228 4820 imagines

643 4825 866 4892 deserit,
893 4828 949 4883 in
974 4831 1319 4903 semetipsam
1357 4849 1512 4890 mens
1535 4835 1759 4893 veniens
1802 4853 1908 4894 non
1952 4841 2226 4896 modicum

643 4916 908 4972 ascendit.
955 4917 1063 4975 Sed
1102 4923 1351 4991 quamvis
1391 4924 1713 4995 incorporea
1754 4927 1826 4983 sit
1868 4930 2069 4995 anima,
2098 4930 2227 5001 quia

644 5013 828 5061 tamen
848 5009 1065 5079 corpori
1090 5010 1348 5078 inhaeret,
1384 5028 1450 5067 ex
1487 5014 1603 5085 ipsa
1636 5015 1719 5070 sui
1753 5017 2015 5086 qualitate
2039 5018 2229 5077 localis

642 5100 972 5168 agnoscitur,
997 5118 1119 5174 quae
1142 5105 1450 5162 carnalibus
1471 5106 1606 5164 locis
1625 5108 1916 5167 detinetur.
1943 5111 2074 5180 Quae
2099 5113 2227 5168 dum

641 5190 981 5248 obliviscitur
1033 5195 1169 5251 scita
1196 5237 1213 5263 ,
1272 5199 1551 5269 cognoscit
1602 5201 1915 5273 incognita,
1981 5204 2229 5260 meminit

641 5279 899 5337 oblivioni
944 5285 1239 5352 mandata,
1284 5287 1565 5344 bilarescit
1602 5298 1727 5361 post
1769 5292 2084 5360 tristitiam,
2125 5294 2225 5350 ad-

644 5368 842 5426 dicitur
879 5381 1003 5443 post
1044 5374 1324 5442 laetitiam,
1381 5380 1496 5450 ipsa
1537 5382 1622 5437 sui
1663 5383 1980 5440 diversitate
2019 5386 2227 5443 iudicat

640 5469 903 5530 quantum
950 5478 983 5518 a
1033 5465 1332 5522 substantia
1382 5478 1601 5527 aeterna:
1655 5480 1712 5528 et
1766 5472 2226 5533 incommutabilis

640 5560 852 5608 natura:
889 5555 1085 5622 distat,
1127 5574 1249 5630 quae
1291 5576 1509 5634 semper
1533 5573 1594 5620 ut
1617 5575 1700 5621 est
1724 5566 1867 5623 idem
1892 5577 1996 5635 est,
2025 5568 2227 5641 ubique

643 5655 923 5731 praesens,
966 5647 1166 5719 ubique
1207 5651 1531 5720 invisibilis,
1588 5656 1789 5727 ubique
1830 5667 1981 5727 tota,
2026 5659 2228 5731 ubique

641 5728 1223 5806 incomprehensibilis.
1253 5761 1274 5795 ι
1331 5743 1476 5800 ldem
1523 5745 1640 5816 ipse
1678 5748 1731 5803 in
1771 5728 2228 5822 consequentibus

2338 3298 2519 3355 clesia:
2546 3298 2805 3353 societate
2832 3298 3066 3352 secerni.

2957 3384 3190 3441 CAPUT
3229 3384 3314 3440 ΙΙΙ.

2450 3479 2639 3535 Utrum
2666 3481 2846 3535 anima
2873 3497 2991 3534 cum
3020 3495 3239 3549 corpore
3267 3486 3515 3532 moveatur
3536 3470 3723 3544 perlata.

2407 3570 2653 3627 Tertium
2690 3570 2987 3641 capitulum
3022 3578 3144 3625 est:
3192 3569 3380 3627 Utrum
3416 3567 3572 3621 anima
3599 3575 3689 3617 cum
3711 3568 3786 3612 cor-

2333 3672 2470 3730 pore
2513 3668 2798 3716 moveatur
2856 3672 2957 3729 per
3013 3659 3155 3715 loca.
3215 3658 3327 3714 Hoc
3369 3654 3619 3727 capitulum
3650 3646 3786 3701 videtur

2335 3767 2458 3808 esse
2497 3753 2890 3808 subobscuram
2916 3791 2932 3819 ,
2981 3750 3243 3822 quoniam
3282 3764 3383 3805 non
3416 3755 3576 3818 aperte
3602 3734 3785 3797 ostendit.

2333 3852 2515 3899 utrum
2544 3844 2847 3915 perquirat,
2871 3844 2918 3899 si
2945 3843 3128 3897 anima
3158 3856 3283 3897 cum
3308 3840 3476 3909 aliquo
3495 3828 3786 3924 corpore

2332 3950 2399 3990 ex
2434 3936 2538 3990 hoc
2563 3936 2706 4005 quod
2741 3942 2920 4004 gestat
2954 3948 3211 4004 corpore,
3249 3948 3316 3987 an
3351 3944 3463 3985 cum
3497 3928 3601 3988 isto,
3753 3916 3784 4005 εξ

2333 4001 2597 4081 divinitus
2622 4001 2987 4093 adiudicatum
3019 4001 3103 4079 est
3126 4063 3141 4088 ,
3194 4029 3461 4078 moveatur
3484 4031 3565 4088 per
3583 4013 3686 4067 loca.
3719 4001 3783 4058 Sed

2334 4116 2379 4172 si
2411 4117 2708 4186 requiritur
2732 4125 2914 4170 utrum
2940 4115 3124 4170 anima
3149 4128 3275 4171 eum
3297 4112 3465 4181 aliquo
3489 4115 3669 4175 corpore
3686 4098 3783 4186 excf!

2300 4212 2365 4263 "e
2392 4181 2621 4277 corpore
2640 4246 2655 4269 ,
2700 4206 2893 4261 beatus
2919 4205 3256 4276 Augustinus
3290 4204 3357 4258 ad
3390 4202 3483 4256 hoc
3507 4188 3723 4263 κεροπδεί
3743 4181 3781 4277 Ῐ¹¹

2331 4268 2561 4366 epistola
2589 4268 2656 4350 ad
2686 4293 2947 4349 Evodium
2966 4268 3136 4365 (epist.
3158 4291 3282 4363 100)
3306 4307 3321 4345 :
3351 4308 3369 4341 ι
3396 4288 3448 4343 Si
3474 4268 3779 4366 autem,inqni-l.

2331 4358 2571 4439 breviter
2596 4383 2678 4439 vis
2707 4383 2927 4448 audire,
2955 4358 3086 4452 quid
3119 4358 3524 4440 mihi'videatur,
3552 4367 3663 4426 nullo
3680 4358 3779 4416 modo

2333 4474 2571 4529 arbitror
2604 4473 2840 4527 animam
2875 4486 2907 4526 e
2943 4451 3174 4541 cerpore
3207 4470 3352 4526 exire
3384 4481 3492 4523 cum
3525 4465 3718 4528 corpore.
3746 4451 3780 4498 ει

2259 4542 2307 4602 D
2332 4572 2529 4619 caatera
2559 4578 2681 4633 qua:
2710 4564 2763 4617 in
2796 4562 2986 4618 eadem
3019 4562 3247 4632 epistola
3274 4558 3629 4616 continentur.)
3659 4542 3699 4597 Si
3718 4550 3777 4633 att:

2332 4666 2440 4712 tem
2470 4656 2733 4726 quaeritur
2760 4656 2805 4710 si
2835 4671 2958 4710 cum
2989 4669 3218 4724 corpore
3249 4659 3505 4708 moveatur
3526 4658 3601 4715 Ρετ
3620 4638 3722 4692 Iw"
3742 4624 3776 4726 id

2330 4756 2415 4803 est
2446 4716 2568 4803 cum
2601 4747 2708 4803 isto
2737 4760 2965 4815 corpore
2990 4716 3133 4815 quod
3161 4751 3364 4816 gestat,
3406 4740 3573 4794 mirum
3594 4716 3772 4816 Ψ¹⁰¹¹¹⁰δίξ

2330 4839 2542 4895 dicatur
2569 4839 2801 4902 moveri,
2837 4853 2961 4893 cum
2992 4854 3101 4893 non
3139 4846 3408 4893 moveatur
3432 4846 3459 4885 a
3485 4835 3685 4918 corpore:

2329 4929 2445 5000 ipsa
2488 4938 2704 4986 moveat
2739 4944 2959 5000 corpus.
3015 4928 3152 4985 Nam
3193 4930 3308 4985 sine
3342 4926 3448 4997 eius
3484 4908 3702 4989 ρηςθυιίι
3718 4894 3770 5000 γά

2331 4994 2463 5078 nutu
2510 5022 2815 5078 nullatenus
2838 4994 3087 5092 Icorpora
3116 5021 3347 5086 moveri,
3371 4994 3461 5086 qui
3488 4994 3769 5079 supeﬁoﬂin‘
3870 5048 3871 5053 η

2331 5114 2520 5181 tendit,
2550 5112 2835 5168 manifeste
2855 5113 3155 5185 cognoscit.
3187 5111 3350 5178 Quam
3375 5107 3416 5160 si
3442 5097 3670 5157 abscedere

2331 5173 2545 5274 tigerit,
2577 5204 2670 5259 fiet
2699 5202 2841 5274 quod
2878 5173 3142 5274 scriptum
3170 5173 3285 5258 est:
3326 5196 3388 5252 Ut
3414 5173 3766 5281 τευεηαιινρςλξξξ

2328 5262 2610 5351 invterram
2638 5262 2808 5361 suam,
2840 5304 2888 5349 et
2913 5262 3127 5365 spiritus
3155 5293 3323 5348 redeat
3348 5288 3412 5341 ad
3437 5284 3572 5338 Dem
3592 5271 3660 5343 qui
3675 5262 3764 5365 Md

2328 5385 2481 5440 illum
2507 5384 2705 5457 (Eccle.
2730 5360 2918 5454 xn,7).
2937 5360 3192 5439 Attamen
3217 5382 3347 5437 sicut
3370 5374 3471 5443 eius
3494 5380 3592 5457 cuin
3612 5360 3762 5457 θοτῇοτξ

2330 5449 2578 5546 copulam
2632 5449 3231 5546 incomprehensibilem
3272 5467 3499 5525 dicimus,

2330 5535 2654 5640 potestatem
2689 5574 2747 5622 et
2780 5535 2969 5621 nutum
3002 5565 3177 5629 illius,
3215 5575 3318 5631 quo
3346 5535 3759 5640 cornuid"???

2298 5723 2305 5730 ι
2332 5622 2634 5730 vegetatur,
2679 5667 2736 5714 et
2777 5657 3002 5730 regitur,
3036 5622 3324 5727 spiritalem
3358 5654 3407 5702 ei
3434 5622 3495 5696 δι)
3520 5633 3561 5690 id

2334 5707 2879 5825 cornprehensibile;
2910 5707 3162 5807 dicimrus.
3213 5740 3401 5802 Viderit
3437 5740 3580 5790 tamen
3613 5715 3755 5781 alique,
