4006 6338
159 344 270 400 937

1258 345 1345 402 IIE
1385 343 1677 434 DIVERSA
1717 343 1955 403 ΛΝΙΜίἘ
1989 349 2313 407 RATIONE.

3322 365 3425 421 938

158 472 290 513 cum
322 456 569 513 alicunde
597 456 916 528 digreditur,
954 467 1011 515 et
1045 459 1152 517 alio
1185 470 1504 533 perventum
1539 461 1739 527 fuerit,
1772 464 1816 523 Α
1844 459 1961 516 iam
1996 465 2212 533 quidem
2239 467 2293 521 in
2321 467 2689 539 superioribus
2712 470 2845 525 satis
2871 486 3158 543 superque,
3186 488 3242 530 ut
3262 487 3421 546 puta-

155 556 350 606 utrum
383 551 619 606 animam
648 567 713 607 se
730 560 1069 624 vegetantem
1101 548 1156 611 et
1180 554 1541 611 viviﬁcaan
1569 555 1749 627 aliquo

155 639 481 710 reliquerit,
513 642 630 698 sine
658 644 829 715 cujus,
859 652 920 699 ut
946 645 1150 701 dictum
1177 654 1290 714 est,
1318 647 1606 718 praesentia
1634 660 1751 701 mo-

154 731 281 785 veri
313 746 510 803 corpus
539 735 857 803 nequiverit.
909 734 1085 803 Quam
1121 737 1591 807 circumscriptam
1629 751 1751 793 esse

157 823 492 879 auctoritate
515 823 739 881 Patrum
771 835 1018 895 constat,
1064 828 1205 884 sicut
1240 836 1297 884 et
1332 829 1604 901 angelicas
1641 829 1752 899 spi-

151 914 324 969 ritus.
378 914 482 983 Qui
518 918 702 987 utique
739 918 963 988 majoris
995 929 1303 987 nuncsunt
1338 922 1647 993 dignitatis,
1694 928 1749 978 et

153 1005 361 1059 crebro
407 1006 472 1059 ad
519 1007 818 1064 ministeria
863 1009 1156 1064 mittuntur
1203 1011 1480 1077 humana,
1534 1013 1746 1067 dicente

153 1091 368 1148 Paulo:
404 1092 594 1149 Nonne
622 1111 799 1150 omnes
828 1106 949 1151 sunt
978 1097 1418 1153 administratorii
1447 1102 1661 1172 spiritus
1690 1104 1745 1155 in

150 1182 509 1246 ministerium
538 1184 682 1239 missi
710 1195 922 1254 propter
941 1203 1027 1240 eos
1047 1188 1137 1258 qui
1157 1188 1511 1244 hereditatem
1533 1191 1744 1261 capiunt

150 1273 390 1329 solutis?
409 1273 593 1345 (Hebr.
612 1277 787 1343 ι,14.)
820 1278 974 1335 Unde
997 1288 1052 1334 et
1076 1273 1269 1336 beatus
1295 1296 1431 1351 papa
1453 1282 1744 1353 Gregorius

153 1362 215 1417 in
265 1363 406 1419 libro
453 1367 689 1422 secundo
734 1366 1019 1424 Moralium
1064 1370 1138 1425 ita
1182 1371 1313 1427 dicit
1343 1374 1480 1444 (cap.
1505 1373 1562 1444 2)
1589 1392 1602 1428 :
1634 1392 1653 1425 ‹
1683 1374 1741 1428 In

152 1451 267 1508 hoc
296 1453 479 1523 itaque
504 1463 755 1512 estnunc
783 1466 974 1512 natura
999 1460 1237 1530 angelica
1265 1476 1296 1515 a
1322 1470 1527 1517 naturae
1546 1471 1743 1518 nostra:

153 1545 469 1603 conditione
498 1548 772 1615 distincta,
805 1551 950 1621 quod
981 1567 1080 1608 nos
1108 1562 1163 1607 et
1189 1553 1311 1608 loco
1337 1554 1740 1610 circumscribi-

153 1647 305 1701 mur,
325 1645 380 1690 et
401 1637 660 1693 caecitatis
687 1639 991 1711 ignorantia
1016 1650 1390 1711 coarctamur;
1426 1645 1738 1716 angelorum

153 1738 291 1779 vero
331 1727 552 1795 spiritus
592 1727 711 1785 loco
748 1730 967 1799 quidem
1005 1732 1404 1804 circumscripti
1432 1742 1594 1802 sunt,
1620 1739 1739 1805 ,sed

1850 552 2063 622 bamus,
2105 565 2382 614 ostensum
2412 567 2514 626 est,
2543 577 2643 617 nec
2697 562 2864 617 Deum
2914 580 3036 621 esse
3077 582 3422 638 corporeum,

1849 657 2023 714 neque
2071 647 2366 718 angelicam
2404 649 2741 721 dignitatem,
2784 654 2878 710 sed
2927 672 3027 712 nec
3065 658 3423 717 humanarum

1849 734 2203 792 substantiam
2226 739 2557 794 animarum:
2586 743 2820 799 maxime
2841 760 2961 800 cum
2986 746 3152 802 Filius
3191 748 3283 805 Dei
3314 751 3426 820 ipse

1848 825 1989 882 Deus
2010 820 2157 883 dicat
2190 828 2258 883 de
2293 829 2402 884 Deo
2426 839 2481 885 et
2506 831 2662 887 Patre
2707 849 2770 888 ac
2802 833 3004 904 Spiritu
3030 849 3257 896 sancto:
3304 838 3425 910 Spi—

1848 914 1980 969 ritus
2004 924 2079 969 est
2119 915 2279 981 Deus,
2315 926 2362 971 et
2387 934 2474 972 eos
2511 922 2599 989 qui
2621 921 2844 976 adorant
2873 941 3012 991 eum,
3040 927 3095 980 in
3142 930 3329 997 spiritu
3373 942 3423 986 et

1845 1006 2057 1060 veritate
2080 1018 2277 1079 Oportet
2301 1009 2529 1065 adorare
2555 1011 2734 1082 (Joan.
2761 1030 2836 1079 2v,
2874 1015 2990 1083 24),
3023 1019 3074 1073 id
3110 1031 3189 1075 est
3218 1038 3322 1078 non
3368 1024 3423 1078 in

1847 1097 2070 1167 templo,
2098 1114 2274 1170 neque
2297 1101 2350 1155 in
2398 1111 2609 1164 monte.
2638 1113 2761 1173 quae
2802 1116 2927 1161 sunt
2952 1124 3217 1178 corpora,
3243 1114 3338 1168 sed
3365 1114 3419 1168 in

1844 1188 2036 1256 spiritu
2073 1197 2128 1245 et
2154 1186 2403 1257 veritate,
2434 1192 2486 1247 id
2507 1202 2592 1248 est
2632 1194 2687 1248 in
2719 1206 2920 1262 mente,
2947 1209 3001 1253 et
3027 1216 3130 1256 non
3158 1203 3213 1257 in
3239 1202 3418 1275 aliqua

1843 1278 2245 1351 imaginatione,
2288 1297 2451 1353 quam
2492 1283 2595 1340 sibi
2633 1285 2902 1342 humanus
2941 1290 3153 1345 animus
3197 1290 3265 1347 de
3309 1292 3419 1347 Deo

1842 1367 1980 1422 solet
2008 1370 2335 1440 contingere.
2377 1370 2528 1439 Quod
2560 1382 2741 1429 autem
2790 1377 2961 1431 sancti
2990 1379 3165 1450 angeli
3201 1380 3421 1450 spiritus

1840 1457 1968 1523 sint,
2000 1466 2054 1514 et
2089 1475 2196 1515 non
2223 1476 2471 1531 corpora.
2523 1462 2759 1534 Spiritus
2802 1477 3020 1524 sanctus
3057 1484 3154 1539 per
3196 1470 3423 1530 Psalmi-

1839 1556 1978 1603 stam
1998 1548 2254 1621 loquitur,
2284 1553 2349 1607 de
2368 1554 2478 1609 Deo
2514 1554 2738 1612 dicens:
2771 1556 2873 1624 Qui
2895 1562 3020 1630 facit
3050 1564 3262 1633 angelos
3299 1581 3422 1620 suos

1838 1638 2052 1708 spiritus
2080 1641 2253 1714 (Psal.
2285 1658 2400 1711 cut,
2426 1645 2506 1716 4).
2554 1644 2816 1703 Videlicet
2835 1654 3125 1707 ostemlcns
3149 1655 3272 1724 quia
3300 1671 3415 1723 eos,

1838 1744 1975 1799 quos
2002 1732 2144 1788 Deus
2164 1733 2218 1787 in
2250 1736 2551 1794 ministerio
2575 1752 2673 1795 suo
2712 1755 2927 1813 semper
2965 1746 3185 1815 spiritus
3236 1747 3419 1815 habet,

154 1824 340 1880 tamen
372 1834 559 1875 eorum
589 1821 816 1878 scientia
845 1822 1003 1895 longe
1029 1840 1192 1896 super
1218 1843 1318 1883 nos
1346 1828 1739 1899 ίηοοηιρπεδί.
1765 1820 1812 1880 Β
1840 1819 2104 1876 mittendo
2129 1823 2347 1893 angelos
2374 1825 2429 1880 id
2472 1835 2555 1882 est
2582 1830 2801 1886 nuntios
2831 1831 2978 1887 facit.
3018 1834 3222 1891 Nomen
3272 1838 3420 1894 enim

155 1905 282 1963 liter
308 1902 585 1966 dilatatur.
610 1931 629 1965 ι
671 1910 780 1968 Nec
803 1913 1117 1986 ignoramus
1140 1917 1357 1972 beatum
1377 1919 1735 1990 Augustinum

154 2000 475 2069 quibusdam
516 2008 1075 2076 argumentationibus
1117 2010 1184 2065 ad
1229 2008 1333 2067 hoc
1370 2027 1510 2083 pene
1545 2029 1736 2085 perve-

154 2091 334 2159 nisse,
383 2102 444 2148 ut
489 2094 693 2151 diceret
741 2099 952 2155 animas
982 2100 1183 2155 moveri
1216 2109 1481 2172 tempore,
1530 2113 1585 2159 et
1626 2119 1734 2160 non

154 2179 293 2235 loco.
348 2183 419 2238 At
457 2199 607 2251 vero,
646 2196 707 2242 ut
739 2189 895 2244 nobis
922 2190 1160 2257 videtur,
1186 2193 1537 2250 considerans
1566 2195 1733 2249 multa

155 2273 257 2326 sibi
285 2273 443 2341 οι)ξὶοί
477 2291 658 2346 posse,
688 2294 809 2349 qua:
839 2281 927 2335 isti
956 2282 1273 2337 viderentur
1298 2276 1580 2339 sententiae
1604 2299 1729 2340 eon-

154 2362 323 2418 traire
343 2404 358 2426 ,
396 2380 547 2421 more
571 2382 671 2423 suo
695 2370 835 2439 quod
867 2385 1111 2429 asserere
1140 2373 1287 2429 vis‘bs
1312 2383 1423 2435 est,
1459 2376 1734 2432 moderate

153 2455 359 2509 studuit
389 2464 712 2528 temperare,
736 2462 967 2519 dicendo
994 2465 1048 2520 in
1076 2464 1214 2521 libro
1235 2467 1303 2523 de
1324 2467 1733 2524 Genesi‘octavo

150 2543 289 2615 (cap.
314 2546 439 2619 22):
471 2566 488 2599 ι
520 2550 591 2606 Ut
617 2551 816 2619 dicere,
844 2555 1038 2625 inquit,
1062 2571 1354 2628 coeperam,
1386 2560 1430 2614 si
1459 2559 1526 2615 de
1554 2561 1731 2616 anima

148 2634 380 2706 quisque
416 2638 517 2693 hoc
553 2656 658 2696 non
685 2643 798 2698 vult
825 2647 1080 2713 credere,
1122 2662 1229 2704 non
1266 2650 1430 2706 nimis
1460 2652 1731 2721 urgendus

141 2732 252 2779 est.
283 2745 303 2778 ι
341 2726 509 2783 Porro
533 2740 714 2787 autem
742 2735 871 2804 quid
899 2737 1079 2793 anima
1108 2737 1161 2792 in
1194 2740 1445 2795 sensibus
1473 2750 1731 2811 operetur

141 2818 424 2886 corporis,
465 2830 523 2876 et
555 2822 680 2892 quia
712 2823 853 2879 inter
879 2834 1072 2881 caetera
1102 2827 1265 2882 etiam
1308 2839 1454 2885 motu
1497 2830 1730 2887 delecte-

141 2916 257 2974 tur,
292 2909 430 2964 idem
462 2911 652 2970 beatus
681 2915 1014 2988 Augustinus
1056 2927 1344 2975 attestatur
1384 2921 1436 2976 in
1481 2920 1620 2977 libro
1661 2923 1728 2978 de

138 2994 461 3064 Quantitate
500 3003 694 3059 animm
725 3004 865 3076 (cap.
891 3006 1023 3078 55):
1056 3025 1076 3059 ‹
1109 3004 1264 3065 Nunc
1299 3012 1441 3080 quod
1481 3011 1730 3069 institue-

138 3103 264 3142 ram
295 3090 536 3159 intende,
571 3110 691 3166 qute
720 3096 793 3151 sit
820 3098 904 3154 vis
942 3099 1137 3154 animae
1173 3100 1228 3154 in
1262 3101 1533 3169 sensibus,
1564 3112 1727 3173 atque

1836 1911 2147 1982 angelorum
2175 1914 2407 1971 ollicium
2434 1926 2551 1984 est,
2600 1935 2708 1975 non
2738 1931 2953 1978 natura.
2999 1926 3106 1982 Sed
3150 1938 3207 1984 et
3230 1930 3421 1988 huma-

1834 2017 2025 2058 narum
2065 2006 2367 2063 animarum
2403 2010 2758 2067 substantiam
2800 2031 2907 2072 non
2938 2032 3058 2074 esse
3084 2035 3303 2091 corpus,
3324 2024 3419 2079 sed

1834 2094 2104 2163 spiritum,
2133 2103 2362 2173 testatur
2384 2098 2583 2157 Paulus
2606 2104 2698 2173 qui
2724 2105 2852 2160 dicit
2878 2124 2892 2159 :
2922 2107 3051 2173 Quis
3074 2112 3211 2164 enim
3251 2113 3420 2168 homi-

1835 2199 1960 2237 num
1984 2186 2079 2238 scit
2102 2202 2218 2257 quae
2252 2197 2374 2242 sunt
2404 2190 2648 2256 hominis,
2693 2195 2794 2248 nisi
2820 2197 3034 2266 spiritus
3067 2199 3293 2254 ltom'nis
3325 2203 3417 2272 qui

1833 2273 1887 2327 in
1915 2275 2027 2345 ipso
2047 2278 2163 2330 est?
2184 2277 2236 2348 (I
2262 2278 2384 2334 Cor.
2430 2296 2487 2345 ιι,
2512 2282 2620 2354 ll.)
2655 2283 2843 2356 Itaque
2873 2296 2928 2342 et
2950 2287 3141 2356 Deum,
3166 2298 3222 2346 et
3253 2307 3419 2365 ange-

1832 2361 2005 2418 lorum
2035 2367 2449 2440 animarumque
2488 2372 2846 2429 humanarum
2878 2380 3253 2446 substantiam,
3306 2361 3414 2440 non

1832 2469 2028 2525 corpus
2060 2458 2320 2524 dicimus,
2371 2463 2467 2517 sed
2501 2464 2768 2533 Spiritum.
2817 2466 2924 2523 Sed
2955 2468 3211 2540 Spiritum
3243 2474 3416 2531 Deum

1834 2550 2090 2614 tanquam
2117 2547 2466 2605 Creatorem:
2497 2555 2716 2625 angelos
2736 2566 2914 2612 autem
2946 2571 3002 2615 ct
3028 2562 3236 2620 animas
3258 2567 3417 2638 spiri-

1833 2643 1918 2689 tus
1950 2637 2187 2705 quidem,
2218 2641 2313 2695 sed
2342 2649 2597 2711 tanquam
2623 2660 2653 2699 a
2683 2645 2795 2701 Deo
2818 2658 3047 2707 creatos.
3082 2651 3189 2708 Sed
3220 2637 3416 2714 merito

1831 2736 2014 2780 movet
2043 2731 2314 2798 quomodo
2354 2731 2543 2788 beatus
2574 2736 2769 2792 Paulus
2809 2742 3084 2809 apostolus
3105 2746 3274 2801 Demn
3298 2748 3413 2805 Iau-

1830 2814 1986 2882 dans,
2012 2817 2375 2877 immortalem
2401 2833 2458 2878 et
2498 2825 2822 2884 invisibilem
2863 2833 3039 2888 solum
3080 2835 3252 2892 Deum
3279 2840 3414 2897 dicit

1786 2902 1794 2909 ’
1828 2918 1952 2959 cum
1976 2907 2053 2961 ait
2076 2923 2090 2961 :
2113 2906 2241 2979 Regi
2263 2921 2436 2966 autem
2468 2914 2781 2971 sweulorum
2811 2920 3116 2991 immortali,
3141 2927 3411 2998 invisibili,

1828 2996 1928 3051 soti
1955 2995 2062 3051 Deo
2091 2998 2259 3054 honor
2283 3010 2331 3055 et
2369 3001 2539 3072 gloria
2578 3006 2633 3060 in
2659 3020 2853 3064 swcuta
2880 3014 3213 3083 steculorum,
3241 2995 3409 3076 Amen

1832 3086 1881 3158 (I
1915 3087 2047 3143 Tim.
2092 3104 2133 3156 ι,
2166 3091 2278 3159 17),
2329 3108 2451 3149 cum
2478 3106 2685 3152 constet
2712 3110 2767 3154 et
2791 3103 3009 3174 angelos
3053 3106 3410 3179 immortales,

140 3179 201 3234 in
223 3181 340 3249 ipso
360 3193 507 3239 motu
536 3165 925 3248 manifestioris
954 3192 1271 3259 animantis,
1303 3208 1532 3264 quorum
1570 3196 1724 3253 nobis

1830 3182 2143 3253 animasque
2169 3185 2456 3251 humanas,
2507 3197 2668 3259 atque
2702 3191 3017 3263 invisibiles,
3049 3210 3309 3268 quantum
3339 3206 3411 3260 ad

139 3288 269 3327 cum
304 3275 388 3331 his
424 3293 545 3348 quae
575 3282 850 3339 radicibus
888 3283 997 3338 fixa
1038 3294 1164 3340 sunt
1201 3286 1350 3340 nulla
1389 3296 1570 3357 potest
1605 3303 1726 3344 esse

141 3366 476 3423 communio.
507 3370 739 3427 lntendit
761 3387 819 3428 se
839 3375 1017 3429 anima
1041 3376 1095 3430 in
1119 3383 1341 3441 tactum,
1362 3387 1418 3432 et
1441 3392 1506 3433 eo
1527 3379 1721 3445 calida,

138 3454 369 3525 frigida,
400 3473 623 3528 aspera,
658 3462 833 3529 lenia,
870 3464 1034 3531 dura,
1067 3466 1277 3529 mollia,
1323 3468 1489 3532 levia,
1520 3471 1721 3541 gravia

140 3546 313 3599 sentit
340 3555 502 3618 atque
530 3551 811 3608 discernit.
868 3555 1071 3612 Deinde
1110 3558 1529 3616 innumerabiles
1565 3561 1722 3616 diffe-

141 3638 349 3692 rentias
395 3654 678 3710 Sapor-um,
727 3645 990 3711 odorum,
1044 3663 1335 3725 sonorum,
1384 3648 1720 3719 formarum,

137 3731 441 3798 gustando,
487 3732 818 3802 olfaciendo,
870 3738 1169 3804 audiendo,
1218 3737 1557 3812 videndaque
1585 3743 1722 3813 diju-

137 3819 309 3874 dicat.
367 3821 542 3892 Atque
578 3825 632 3879 in
663 3826 749 3882 his
777 3827 1030 3883 omnibus
1058 3843 1119 3883 ea
1148 3843 1269 3898 quae
1299 3832 1594 3887 secundum
1626 3848 1722 3888 na-

141 3917 321 3965 turam
350 3912 432 3967 sui
460 3916 699 3985 corporis
726 3926 851 3972 sunt
872 3917 1091 3974 asciseit
1112 3928 1275 3989 atque
1295 3922 1519 3991 appetit,
1544 3921 1722 3992 rejicit

137 4002 383 4072 fugitque
403 4008 695 4062 contraria.
735 4009 995 4065 Removet
1016 4024 1075 4065 se
1098 4011 1167 4065 ab
1188 4011 1273 4067 bis
1295 4010 1543 4068 sensibus
1568 4022 1720 4069 certo

134 4096 426 4153 intervallo
472 4107 812 4171 temporum,
863 4111 918 4158 et
959 4119 1149 4159 eorum
1200 4113 1379 4160 motus
1422 4107 1577 4176 quasi
1622 4122 1721 4178 per

136 4189 401 4258 quasdam
431 4190 595 4249 ferias
620 4209 899 4265 reparans,
933 4197 1198 4266 imagines
1227 4213 1431 4263 rerum,
1462 4213 1599 4268 quas
1624 4214 1721 4269 per

134 4292 235 4331 eos
261 4278 458 4345 hausit,
482 4295 665 4337 secum
693 4285 1009 4339 catervatim
1039 4293 1094 4339 ct
1126 4285 1495 4358 multipliciter
1515 4297 1714 4343 versat.

136 4366 207 4421 Et
249 4368 351 4423 hoc
386 4379 554 4426 totum
594 4382 678 4429 est
705 4389 928 4430 somnus
972 4385 1027 4432 et
1066 4378 1295 4433 somnia.
1352 4378 1505 4450 Saepe
1552 4380 1715 4436 etiam

134 4457 423 4526 gestiendo
451 4476 517 4516 ac
546 4466 791 4535 vagando
818 4465 1082 4523 facilitate
1108 4479 1289 4525 motus
1317 4469 1638 4537 delectatur,
1663 4479 1717 4526 et

135 4546 257 4599 sine
299 4546 484 4604 labore
524 4551 738 4609 ordinat
778 4557 1146 4611 membrorum
1190 4559 1555 4615 concordiam.
1610 4561 1717 4616 Pro

135 4636 479 4704 copulatione
505 4656 665 4698 sexus
691 4644 803 4717 agit
827 4648 971 4716 quod
997 4657 1207 4716 potest,
1238 4657 1403 4720 atque
1435 4652 1487 4706 in
1518 4651 1718 4722 duplici

135 4736 332 4782 natura
367 4732 627 4787 societate
671 4745 833 4805 atque
861 4752 1045 4793 amore
1076 4738 1293 4794 molitur
1329 4756 1514 4796 unum.
1548 4742 1604 4795 In
1634 4740 1716 4796 fe-

135 4817 282 4873 tibus
326 4836 431 4875 non
475 4822 587 4892 jam
636 4827 920 4898 gignendis
962 4832 1363 4898 tantummodo,
1416 4833 1511 4888 sed
1552 4833 1715 4888 etiam

135 4906 383 4965 fovendis
406 4952 421 4978 ,
472 4914 783 4987 alendisque
828 4920 1126 4989 conspirat.
1186 4921 1368 4977 Rebus
1402 4923 1547 4977 inter
1579 4939 1716 4993 quas

133 5012 338 5068 corpus
369 5005 510 5071 agit,
542 5014 597 5060 et
631 5007 826 5077 quibus
856 5023 1051 5079 Corpus
1089 5018 1386 5078 sustentat,
1427 5021 1715 5069 consuetu-

133 5088 266 5144 dine
302 5105 424 5147 sese
459 5094 725 5164 innectit,
772 5106 829 5154 et
872 5100 941 5155 ab
975 5100 1054 5155 eis
1091 5102 1247 5170 quasi
1284 5102 1543 5163 membris
1578 5118 1719 5173 aegre

129 5191 445 5251 separatur.
479 5205 499 5239 ι

754 5320 980 5378 CAPUT
1012 5323 1102 5380 IV.

128 5420 327 5478 Utrum
356 5429 522 5485 omnis
569 5443 812 5515 creatura
849 5450 1099 5504 corporea
1145 5437 1250 5505 sit,
1299 5449 1346 5494 et
1389 5439 1532 5497 solus
1582 5442 1719 5498 Deus

751 5520 1106 5575 incorporeus.

130 5632 133 5633 '
201 5626 468 5695 Quartum
514 5633 689 5691 locum
741 5646 890 5695 tenet
919 5643 1274 5711 percontatio,
1327 5652 1508 5700 utrum
1543 5649 1719 5704 omnis

124 5727 386 5776 creatura
418 5738 679 5797 corporea
724 5730 812 5796 sit,
861 5740 917 5786 et
965 5732 1112 5788 solus
1162 5733 1302 5792 Deus
1347 5735 1713 5808 incorporeus.

537 5820 809 5883 Psrnor.
864 5824 1122 5889 CXXV.

1744 4521 1794 4582 D

1826 3281 2071 3326 naturam
2108 3284 2338 3345 spectat,
2381 3280 2646 3336 conditas.
2701 3282 2941 3354 Itemque
2985 3288 3037 3342 in
3072 3291 3259 3347 eadem
3293 3294 3408 3365 epi-

1824 3362 1957 3417 stola
1985 3364 2051 3418 ad
2077 3363 2417 3423 Timotheum
2450 3369 2500 3442 (Ι
2526 3370 2659 3426 Tim.
2689 3389 2765 3439 γι,
2795 3375 2918 3446 15);
2953 3378 3120 3444 Quem
3148 3384 3257 3436 suis
3278 3362 3406 3439 tem-

1820 3451 2033 3519 poribus
2064 3456 2294 3511 ostendet
2345 3457 2524 3515 beatus
2550 3472 2596 3515 et
2625 3462 2767 3518 solus
2816 3477 3015 3535 potens,
3064 3470 3176 3525 Rex
3205 3490 3407 3544 regunt,

1821 3553 1869 3596 et
1910 3543 2165 3600 Dominus
2192 3549 2594 3620 dominantium,
2623 3556 2713 3627 qui
2750 3557 2892 3613 solus
2914 3562 3063 3616 habet
3095 3543 3409 3624 immortali-

1820 3643 2000 3704 tatem,
2036 3637 2203 3694 lucem
2234 3644 2472 3699 habitans
2506 3648 2927 3707 iuaccessibilem.
2960 3654 3236 3723 Quomodo
3256 3662 3403 3717 enim

1820 3726 1966 3782 solus
1994 3729 2185 3786 beatus
2214 3733 2321 3798 ille,
2358 3750 2480 3791 cum
2507 3738 2717 3794 dicatur
2748 3754 2801 3798 et
2845 3744 3037 3801 Beatus
3068 3751 3145 3804 vir
3165 3752 3258 3823 qui
3300 3769 3406 3810 non

1821 3815 1947 3868 abiit
1978 3817 2032 3869 in
2063 3820 2280 3873 concilio
2309 3823 2586 3894 impiorum
2612 3827 2782 3897 (Psal.
2822 3848 2860 3899 ι,
2886 3835 2965 3903 l),
3002 3850 3105 3892 etc.
3136 3815 3237 3894 Et:
3268 3841 3404 3899 Bea-

1820 3914 1905 3960 tus
1951 3917 2024 3961 est
2060 3924 2138 3963 sar
2182 3912 2271 3979 qui
2319 3913 2464 3968 timet
2502 3915 2786 3973 Dominum
2834 3920 3005 3993 (Psal.
3052 3944 3134 3993 ιιι,
3185 3933 3258 3999 1).
3291 3932 3398 3987 Et:

1820 3998 2012 4054 Beatus
2036 4000 2126 4055 ille
2151 4018 2348 4071 servus,
2376 4022 2528 4076 quem
2550 4024 2668 4062 cum
2699 4015 2888 4067 venerit
2912 4016 3154 4073 dominus
3182 3998 3298 4091 ejus
3322 4024 3405 4078 in-

1820 4092 2011 4145 venerit
2050 4092 2344 4163 vigilantem
2367 4097 2394 4152 ll
2426 4097 2642 4167 (Matth.
2674 4117 2823 4167 xxiv,
2865 4105 2978 4178 46.)
3010 4108 3289 4174 Quomodo
3313 4129 3403 4171 so-

1820 4180 1904 4237 lus
1931 4192 2141 4252 potens,
2188 4186 2234 4241 si
2262 4186 2414 4243 Beati
2453 4190 2551 4244 viri
2591 4208 2765 4247 semen
2807 4208 2984 4266 potens
3026 4202 3124 4255 erit
3169 4204 3223 4258 in
3261 4215 3404 4261 terra

1821 4270 1995 4345 (Psal.
2029 4290 2109 4341 Ill,
2136 4276 2218 4349 2),
2269 4293 2430 4348 quam
2471 4280 2817 4354 intelligimus
2871 4288 3206 4346 viventium?
3257 4295 3403 4363 Quo-

1818 4367 1979 4422 modo
2007 4368 2152 4423 solus
2193 4370 2353 4425 habet
2382 4372 2862 4444 immortalitatem,
2910 4394 3032 4435 cum
3079 4398 3179 4439 nec
3223 4387 3402 4458 angeli

1820 4461 1957 4516 mori
1998 4463 2237 4531 possint,
2289 4472 2343 4520 et
2384 4467 2577 4522 anima:
2618 4470 2864 4527 humana:
2914 4474 3247 4534 immortales
3291 4480 3404 4535 sint

1822 4554 2067 4610 creatae?
2116 4556 2224 4613 Sed
2257 4558 2624 4631 intelligimus,
2669 4573 2929 4632 quantum
2959 4569 3177 4638 quidem
3204 4572 3273 4626 ad
3304 4589 3400 4628 na-

1824 4652 2001 4699 turam
2055 4648 2518 4721 substantiamque
2556 4667 2743 4708 earum
2784 4657 2999 4724 attinet,
3047 4659 3396 4717 inferiorum-

1820 4749 1925 4804 que
1966 4746 2335 4793 creaturarum
2361 4755 2480 4810 qua:
2507 4751 2631 4797 sunt
2654 4745 2837 4815 utique
2866 4749 3194 4817 corporales,
3235 4769 3329 4807 eas
3349 4761 3404 4807 et

1821 4826 2117 4886 invisibiles
2157 4841 2321 4901 atque
2346 4834 2632 4904 sapientes,
2680 4853 2888 4894 necnon
2912 4851 2967 4895 et
3002 4843 3188 4899 beatas
3215 4855 3270 4899 et
3305 4863 3401 4917 po-

1823 4927 1997 4973 tentes
2038 4929 2094 4976 et
2138 4922 2468 4980 immortales
2529 4942 2754 4984 munere
2800 4929 3075 4989 Creatoris
3115 4951 3127 4987 :
3177 4936 3400 4992 collatas

1822 5017 2002 5063 tamen
2022 5010 2289 5077 Creatori,
2336 5023 2557 5085 propter
2582 5018 2928 5074 excellentem
2977 5024 3397 5094 magnitudinem

1820 5099 1956 5155 nihil
1981 5101 2171 5157 horum
2209 5103 2425 5160 habere.
2454 5106 2570 5178 Ipse
2614 5108 2757 5163 enim
2809 5110 2921 5167 [nec
2968 5123 3221 5182 tanquam
3250 5116 3397 5185 solus

1822 5193 2008 5259 habet,
2040 5194 2129 5264 qui
2161 5211 2191 5248 a
2219 5196 2363 5251 nullo
2391 5197 2598 5267 accepit
2625 5208 2685 5251 ut
2710 5198 2951 5255 haberet.
2993 5201 3163 5259 Porro
3194 5215 3395 5273 autem,

1738 5334 1741 5335 ν
1821 5284 1937 5339 sive
1963 5286 2187 5357 angelici
2222 5288 2464 5357 spiritus,
2513 5288 2626 5342 sive
2673 5288 2923 5347 humanae
2946 5294 3158 5357 animae,
3184 5309 3247 5349 ex
3277 5294 3394 5364 ejus

1821 5371 1967 5430 fonte
1999 5385 2249 5447 tanquam
2276 5380 2429 5433 rivuli
2455 5392 2798 5452 acceperunt,
2822 5393 2881 5439 ut
2924 5386 2975 5440 in
3003 5403 3097 5443 eos
3127 5389 3239 5445 haec
3264 5407 3398 5447 vena

1820 5468 2101 5543 dignitatis
2124 5486 2421 5532 emanaret.
2467 5477 2637 5536 Porro
2664 5481 2717 5535 in
2762 5482 2988 5552 epistola
3039 5487 3106 5541 ad
3145 5486 3399 5546 Hebraeos

1820 5563 1895 5618 ita
1923 5565 2085 5621 etiam
2107 5567 2274 5623 dicit:
2316 5566 2474 5625 Vivus
2502 5579 2577 5625 est
2612 5572 2750 5627 enim
2791 5573 2888 5629 Dei
2916 5593 3086 5632 sermo
3116 5588 3162 5631 et
3193 5580 3393 5648 efﬁcax,

1821 5663 1870 5707 et
1920 5658 2289 5725 penetrabilior
2331 5661 2471 5714 omni
2515 5662 2692 5732 gladio
2743 5665 3073 5737 ancipiti,et
3103 5670 3395 5738 pertingens

1820 5761 1981 5817 usque
2005 5747 2074 5801 ad
2118 5747 2417 5804 diuisionem
2463 5752 2653 5808 animm
2696 5772 2757 5809 ac
2800 5758 3050 5827 spiritus,
3089 5775 3394 5828 compagttm

2923 5850 3001 5910 30
