4006 6338
645 402 752 460 9'59

1471 383 2060 455 lllNCMARl‘RIlEM.
2101 385 2420 452 MlClllEP.
2460 394 2824 454 OPUSCULA
2869 397 3102 454 VAlllA.
3737 412 3805 465 9w

642 532 845 586 quoque
886 525 932 570 et
960 512 1349 575 medullarum,
1383 521 1448 574 et,
1469 511 1724 565 discretor
1769 510 2143 580 cogitationum
2190 519 2239 562 et
2268 511 2315 570 Α
2343 517 2594 578 spectare
2624 509 2890 574 videntur,
2925 516 2979 563 et
3007 523 3130 564 cum
3159 509 3266 564 illis
3296 512 3488 566 versari
3514 511 3724 583 videmur,
3745 537 3804 589 qui

643 607 985 662 intentiouum
1015 605 1207 667 cordis,
1253 613 1299 657 et
1329 619 1432 657 non
1450 611 1534 658 est
1564 600 1672 656 ulla
1702 611 1942 656 creatura
1965 601 2239 655 invisibilia

645 699 699 751 iu
730 706 1004 766 conspectu
1051 695 1189 764 ejus,
1241 693 1417 747 omnia
1454 701 1629 746 autem
1661 691 1801 744 nuda
1833 699 1951 744 sunt
1981 701 2027 744 et
2057 699 2241 760 aperta

647 790 812 844 oculis
838 789 953 858 ejus
1000 785 1190 857 (Hebr.
1227 801 1302 851 tv,
1346 783 1458 856 Η).
1509 782 1640 851 Quae
1693 782 1996 838 testimonia
2046 780 2239 836 collata

646 883 843 938 nodum
877 879 1188 950 quaestionis
1211 876 1499 949 proposita:
1525 875 1761 946 perfecte
1787 873 2088 936 absolvunt,
2113 873 2240 943 quia

645 974 736 1042 qui
795 972 944 1027 solus
994 981 1077 1027 est
1129 968 1431 1034 invisibilis,
1471 976 1526 1021 et
1578 966 1725 1022 solus
1756 965 1928 1021 lucem
1976 965 2242 1020 inhabitat

649 1061 1105 1126 inaccessibilem,
1149 1071 1204 1117 et
1248 1075 1408 1130 quem
1439 1057 1569 1112 vidit
1607 1058 1886 1114 hominum
1935 1071 2112 1120 neruo,
2145 1055 2240 1111 sed

648 1168 748 1207 nec
777 1152 958 1208 videre
991 1160 1170 1222 potest
1195 1149 1245 1220 (Ι
1271 1149 1429 1204 Joan.
1479 1147 1578 1218 Iv),
1609 1157 1666 1202 et
1695 1147 1786 1216 qui
1811 1154 2103 1217 exsuperat
2125 1161 2240 1202 om-

649 1262 768 1298 nem
813 1259 1031 1298 sensum
1076 1240 1298 1312 (Philip.
1336 1239 1432 1310 Iv),
1491 1239 1558 1294 de
1607 1239 1796 1294 eodem
1853 1238 1980 1293 item
2021 1237 2238 1302 dicitur,

545 1377 560 1410 Τ
649 1335 791 1404 quod
838 1349 943 1388 non
983 1331 1054 1386 sit
1099 1331 1204 1385 ulla
1246 1328 1821 1386 creatura-invisibilis
1867 1328 1919 1383 in
1950 1337 2239 1397 conspectu

648 1423 784 1491 ejus,
808 1430 864 1478 et
891 1422 1072 1477 omnia
1113 1420 1250 1475 nuda
1275 1429 1402 1474 sunt
1430 1426 1484 1473 et
1511 1427 1696 1490 aperta
1728 1417 1900 1474 oculis
1935 1417 2072 1487 ejus.
2105 1417 2240 1474 Cum

647 1526 802 1582 ergo,
830 1518 887 1564 ut
911 1509 1024 1578 jam
1055 1510 1256 1565 dictum
1295 1517 1400 1574 est,
1433 1509 1546 1579 ipse
1575 1509 1786 1564 dicatur
1831 1508 2137 1573 invisibilis,
2187 1516 2242 1562 et

651 1603 938 1659 invisibilia
969 1602 1148 1658 omnia
1177 1601 1319 1656 nuda
1347 1610 1404 1656 et
1429 1610 1614 1672 aperta
1662 1601 1774 1656 sint
1803 1599 1974 1657 oculis
1999 1599 2132 1669 ejus,
2189 1599 2244 1655 id

648 1707 728 1752 cst
758 1695 882 1765 quia
920 1694 1034 1764 ipse
1059 1691 1276 1763 quidem
1305 1693 1485 1747 omnia
1519 1701 1774 1762 tanquam
1822 1690 1962 1746 nuda
1990 1691 2241 1762 aspiciat,

649 1804 677 1842 a
701 1786 842 1841 nulla
868 1794 1048 1841 autem
1081 1793 1353 1850 creatura,
1398 1783 1501 1838 nisi
1548 1791 1809 1853 quantum
1851 1783 1968 1855 ipse
2005 1784 2242 1854 gratuito

2342 599 2398 654 in
2435 599 2657 655 Perside
2697 609 2824 654 sunt
2873 599 3174 664 constituti,
3220 608 3275 654 et
3330 599 3444 654 illos
3483 601 3687 659 videmus
3723 611 3806 676 quid

2341 701 2505 763 agant
2528 693 2582 747 in
2609 690 2814 748 Africa.
2857 690 2915 746 Si
2941 706 3078 762 quos
3103 691 3343 762 cognitos
3381 692 3522 748 nobis
3545 708 3600 748 ea
3625 705 3730 750 terra
3752 715 3808 752 su-

2341 783 2596 854 sceperit,
2628 782 2906 852 sequimur
2928 782 3354 852 proficiscentes,
3398 783 3677 839 inhreremus
3704 802 3805 857 pere.

2341 873 2706 946 grinantibus,
2736 873 3053 944 c0pulamur
3099 873 3428 940 absentibus,
3461 875 3727 948 alloquimur
3756 899 3807 937 se-

2341 976 2580 1038 paratos.
2621 965 2915 1022 Defunctos
2954 980 3170 1036 quoque
3217 966 3285 1021 ad
3327 966 3619 1037 colloquium
3655 974 3809 1027 suscita-

2341 1074 2482 1125 mus,
2500 1073 2715 1128 eosque
2737 1065 2796 1112 ut
2823 1057 3067 1113 viventes
3107 1057 3507 1128 complectimur
3540 1068 3590 1114 et
3623 1070 3808 1126 tenemus,

2341 1156 2397 1203 et
2427 1147 2549 1202 vitae
2573 1146 2744 1203 ollicia
2777 1147 2862 1202 his
2899 1161 3162 1216 usumque
3187 1146 3488 1204 deferimus.
3532 1149 3597 1202 Ea
3622 1149 3746 1219 igitur
3760 1163 3812 1208 est

2340 1232 2718 1310 ad'imaginem
2746 1238 2859 1302 Dei,
2891 1253 3012 1309 qua:
3041 1253 3145 1294 non
3176 1253 3430 1318 corporea
3459 1240 3721 1309 aestimatur,
3751 1246 3810 1299 sed

2341 1331 2539 1386 mentis
2561 1331 2745 1402 vigore
2776 1345 2897 1400 quae
2921 1330 3174 1386 absentes
3217 1330 3384 1397 videt,
3421 1334 3721 1387 transmarina
3738 1336 3809 1388 visu

2341 1419 2478 1485 obit,
2519 1418 2790 1490 percurrit
2819 1426 3061 1488 aspectu,
3095 1428 3371 1474 scrutatur
3397 1420 3582 1486 abdita,
3607 1422 3690 1477 huc
3707 1434 3809 1493 atque

2342 1509 2472 1565 illud
2499 1525 2606 1565 uno
2632 1519 2906 1566 momento
2927 1525 3119 1566 sensus
3144 1526 3273 1565 suos
3305 1526 3399 1580 per
3423 1512 3571 1566 totius
3591 1513 3706 1568 orbis
3727 1516 3809 1570 lines

2342 1611 2398 1659 et
2453 1603 2637 1658 mundi
2685 1612 2896 1659 secreta
2948 1603 3281 1659 circumfert.
3333 1603 3457 1672 Quae
3501 1604 3600 1660 Deo
3628 1605 3808 1676 jungitur,

2343 1692 2562 1750 Christo
2611 1695 2871 1751 adhaeret.
2942 1694 3234 1751 Descendit
3286 1694 3339 1748 in
3400 1693 3671 1758 infernum,
3707 1703 3810 1764 atque

2344 1785 2611 1852 ascendit,
2643 1784 2812 1840 libera
2838 1795 3088 1840 versatur
3110 1785 3164 1840 in
3193 1784 3352 1840 caelo.
3394 1783 3610 1853 Denique
3640 1783 3728 1836 audi
3761 1784 3810 1838 di-

649 1891 873 1931 munere
899 1877 1187 1946 permittit,
1217 1875 1484 1942 videatur,
1513 1885 1722 1932 certum
1754 1884 1839 1932 est
1861 1877 2005 1947 quod
2029 1891 2092 1932 ca
2121 1890 2240 1946 quae
2269 1864 2314 1923 Β
2340 1885 2552 1933 oentem
2608 1895 2620 1930 :
2675 1873 2875 1929 Nostra
2929 1885 3103 1929 autem
3153 1876 3468 1929 conversatio
3523 1873 3570 1926 in
3619 1871 3723 1926 cali:
3763 1883 3808 1925 ut

651 1976 838 2022 natura
884 1976 1008 2020 sunt
1049 1965 1392 2036 incorporea,
1421 1966 1824 2035 comparatione
1847 1965 1986 2020 illius
2005 1965 2242 2020 habean-

651 2070 740 2112 tur
767 2057 922 2128 quasi
950 2071 1233 2127 corporea.
1287 2055 1438 2112 Unde
1467 2057 1656 2112 beatus
1699 2072 1834 2126 papa
1861 2055 2154 2128 Gregorius
2185 2056 2240 2111 in

652 2149 791 2204 libro
819 2147 1103 2203 Moralium
1134 2148 1392 2213 secundo,
1432 2149 1558 2202 dum
1603 2149 1670 2203 de
1700 2148 1784 2204 bis
1828 2149 2139 2218 loqueretur
2166 2149 2242 2203 ait

653 2239 796 2308 (cup.
827 2237 884 2307 2)
911 2254 924 2290 :
979 2257 995 2287 ‹
1027 2235 1354 2307 Angelorum
1377 2239 1560 2307 itaque
1579 2237 1806 2294 scientia
1835 2237 2242 2309 comparatione

652 2339 851 2385 nostra:
892 2329 1133 2384 scientiae
1165 2327 1317 2383 valde
1343 2327 1562 2383 dilatata
1591 2337 1704 2394 est,
1738 2328 1831 2384 sed
1876 2339 2053 2384 tamen
2094 2343 2240 2383 com-

650 2421 932 2490 paratione
953 2419 1150 2474 divinte
1177 2418 1417 2474 scientia:
1443 2428 1690 2490 angusta.
1744 2418 1896 2474 Sicut
1921 2428 1975 2474 et
2002 2420 2104 2490 ipsi
2127 2419 2242 2474 illo-

649 2527 770 2566 rum
815 2510 1036 2582 spiritus
1069 2509 1474 2580 comparatione
1504 2510 1722 2580 quidem
1769 2519 2078 2565 nostrorum
2119 2525 2242 2564 cor-

648 2618 841 2673 porum
897 2603 1118 2674 spiritus
1157 2611 1305 2667 sunt,
1357 2601 1452 2657 sed
1502 2600 1904 2669 comparatione
1951 2601 2146 2655 summi
2186 2609 2242 2656 et

604 2722 616 2733 -
653 2693 1110 2764 incircumscripti
1136 2693 1358 2764 spiritus
1381 2707 1596 2763 corpus.
1647 2693 1716 2748 Et
1742 2691 2032 2746 mittuntur
2054 2690 2239 2762 igitur,

650 2795 705 2840 et
728 2785 992 2842 assistunt
1022 2803 1033 2838 :
1063 2799 1188 2855 quia
1213 2793 1269 2840 et
1293 2799 1389 2855 per
1405 2785 1507 2840 hoc
1528 2785 1673 2856 quod
1694 2783 2088 2854 circumscripti
2115 2791 2242 2838 sunt

651 2887 872 2944 exeunt,
920 2883 976 2931 et
1025 2890 1121 2945 per
1171 2876 1273 2931 hoc
1316 2876 1460 2945 quod
1500 2875 1644 2930 intus
1686 2889 1902 2946 quoque
1945 2881 2243 2946 praesentes

655 2981 810 3034 sunt,
856 2983 1132 3040 nunquam
1186 2969 1470 3024 recedunt.
1512 2987 1530 3020 ι
1575 2968 1895 3024 Poteramus
1921 2967 2138 3037 quidem
2187 2975 2243 3022 et

652 3063 806 3133 plura
834 3062 1078 3131 exelttpla
1103 3076 1326 3132 ponere,
1358 3062 1412 3116 in
1437 3061 1635 3132 quibus
1656 3061 1829 3117 sancti
1851 3060 2043 3116 Patres
2069 3061 2244 3118 solent

652 3152 971 3224 angelorum
999 3151 1221 3221 spiritus
1262 3165 1490 3220 corpora
1516 3150 1796 3207 nominare
1821 3168 1833 3204 :
1870 3151 1963 3206 sed
1990 3149 2242 3206 brevitati

654 3216 934 3296 stu'dentes
974 3216 1044 3294 de
1075 3237 1160 3293 bis
1191 3216 1493 3305 studuimus
1521 3234 1771 3306 rejicere,
1817 3236 1945 3291 dum
1989 3237 2104 3292 lucc
2130 3234 2243 3291 sola
2271 3216 2316 3277 Ο

654 3350 909 3408 putamus
939 3335 1205 3395 sufﬁcere.

1277 3466 1504 3526 CAPUT
1563 3465 1630 3522 ν.

663 3586 852 3640 Utrum
890 3594 1082 3638 natura
1129 3582 1323 3636 anima:
1375 3579 1624 3633 terminos
1669 3576 1965 3647 corporales
2011 3574 2246 3630 excedat.

735 3695 936 3750 Deinde
957 3693 1147 3749 ordine
1171 3705 1270 3746 suo
1302 3689 1520 3761 ponitur
1545 3685 1837 3758 capitulum
1867 3703 1880 3738 :
1916 3684 2106 3738 Utrum
2154 3699 2252 3737 na-

663 3798 784 3841 tura
817 3787 1009 3840 animze
1040 3783 1301 3838 terminos
1329 3777 1640 3851 corporales
1665 3779 1908 3832 excedat.
1943 3776 1998 3830 ln
2041 3791 2147 3847 qua
2191 3789 2251 3829 re

665 3895 862 3949 anceps
887 3887 1069 3934 noster
1096 3876 1320 3932 fluctuat
1345 3873 1670 3938 intellectus,
1710 3886 1846 3942 quos
1885 3871 2146 3926 terminos
2173 3869 2254 3924 di-

665 3985 788 4026 cere
817 3969 944 4024 velit
967 3966 1276 4038 corporales
1308 3982 1321 4019 :
1353 3972 1601 4018 utrumve
1631 3962 1765 4017 istos
1799 3961 1992 4031 quibus
2019 3959 2253 4014 cireum-

667 4064 788 4116 data
819 4070 924 4124 est,
956 4058 1216 4115 membris
1236 4056 1446 4112 scilicet
1474 4052 1804 4115 carnalibus,
1831 4067 1898 4105 an
1926 4049 2105 4106 omnia
2127 4063 2250 4104 cor-

668 4169 818 4224 pora,
845 4162 904 4207 ut
932 4162 1058 4206 sunt
1081 4149 1300 4214 cwlum,
1325 4156 1380 4202 et.
1405 4156 1571 4210 terra,
1609 4152 1665 4200 et
1692 4158 1812 4214 qua:
1848 4141 1933 4197 his
1973 4139 2257 4196 continen-

669 4257 776 4300 tur.
810 4244 915 4300 Sed
938 4245 1004 4298 ad
1027 4252 1318 4312 utrumque
1338 4239 1728 4309 respondemus
1745 4251 1844 4306 pro
1863 4243 2020 4304 captu
2044 4242 2252 4288 nostro.

669 4339 861 4392 Anima
892 4350 1125 4405 namque
1151 4333 1412 4389 terminos
1439 4329 1684 4400 corporis
1727 4327 1808 4384 sui
1848 4326 2080 4390 excedit,
2127 4325 2254 4380 dum

672 4432 882 4502 longius
908 4445 1005 4500 per
1045 4428 1232 4484 oculos
1274 4425 1519 4496 corporis
1541 4423 1703 4487 videt,
1735 4436 1898 4491 quam
1928 4420 2102 4490 ipsum
2131 4431 2255 4472 cor-

673 4539 775 4592 pus
827 4521 1117 4590 spatiatur,
1162 4516 1371 4588 longius
1414 4513 1583 4580 audit,
1630 4510 1840 4582 longius
1882 4509 2161 4572 odoratur,
2203 4514 2259 4562 et

2341 1968 2565 2039 (Philip.
2597 1984 2678 2034 tu,
2697 1967 2810 2040 20).
2844 1986 2862 2020 ι
2887 1966 3218 2038 Augustinus
3248 1966 3303 2022 in
3323 1965 3532 2036 epistola
3555 1968 3610 2019 ad
3633 1963 3808 2018 Evodiun

2342 2061 2514 2133 (epist.
2561 2059 2684 2131 100)
2715 2078 2728 2114 :
2765 2077 2784 2112 ‹
2815 2059 3061 2116 Visiones
3097 2069 3279 2116 autem
3331 2058 3463 2124 illae,
3506 2057 3807 2125 futurorumque

2340 2153 2718 2224 przedictiones
2740 2153 3010 2222 quomodo
3040 2151 3192 2216 fiant,
3226 2151 3314 2206 ille
3331 2150 3438 2222 jam
3463 2148 3684 2218 explicare
3702 2163 3806 2202 corte-

2343 2253 2450 2309 tur,
2479 2243 2571 2312 qui
2595 2241 2744 2298 novit
2777 2257 2882 2311 qua
2912 2230 2966 2294 vi
2995 2241 3301 2298 efficiantur
3323 2240 3375 2295 in
3400 2254 3675 2308 unoquoque
3690 2237 3804 2290 animo

2342 2343 2489 2389 tanta
2503 2349 2626 2390 cum
2641 2333 2872 2402 cogitat?
2889 2332 3148 2388 Videmus
3161 2332 3308 2387 enim
3328 2371 3342 2394 ,
3356 2330 3594 2400 planeque
3606 2327 3804 2386 cemimus,

2341 2427 2394 2482 in
2425 2441 2490 2482 eo
2520 2425 2635 2480 lieri
2670 2425 2960 2479 multarum
2985 2438 3166 2479 rerum
3206 2421 3504 2481 visibilium,
3524 2430 3573 2475 et
3588 2419 3641 2473 ad
3658 2425 3804 2472 caeteros

2341 2516 2584 2588 corporis
2617 2530 2809 2571 sensus
2840 2513 3227 2585 pertinentium
3251 2553 3266 2576 ,
3299 2507 3666 2566 innumerabiles
3685 2506 3804 2574 imagi-

2341 2625 2438 2666 nes
2454 2625 2468 2665 :
2483 2624 2602 2680 quae
2623 2624 2729 2664 non
2752 2609 2975 2664 interest
2996 2621 3156 2677 quam
3181 2605 3424 2662 ordinate
3445 2602 3519 2658 vel
3539 2598 3802 2658 turbideﬁanl.

2341 2701 2434 2756 sed
2475 2708 2682 2756 tantum
2709 2700 2834 2770 quia
2863 2700 3020 2763 liunt,
3049 2696 3197 2768 quod
3231 2697 3554 2752 manifestum
3583 2702 3665 2756 est,
3684 2706 3754 2760 qua
3771 2690 3802 2742 vi

2341 2798 2396 2846 et
2424 2790 2694 2860 quomodo
2727 2789 2890 2854 fiant,
2935 2787 3185 2859 quisquis
3231 2785 3458 2856 potuerit
3479 2782 3711 2853 explicare,
3729 2792 3801 2846 qm:

2341 2883 2526 2937 omnia
2553 2888 2700 2938 certe
2726 2879 3042 2950 quotidiana
3065 2885 3197 2932 sunt
3221 2885 3381 2948 atque
3407 2875 3650 2935 continua,
3679 2870 3801 2923 audeat

2341 2989 2672 3049 praesumere
2713 2971 2916 3043 aliquid
2947 2985 3013 3026 ac
3041 2970 3292 3036 delinire,
3315 2969 3470 3025 etiam
3493 2968 3551 3023 de
3567 2964 3649 3021 illis
3669 2959 3801 3016 rarissi-

2343 3071 2449 3126 mis
2474 3069 2624 3126 visis.
2655 3068 2768 3140 Ego
2793 3077 2974 3124 autem
2998 3076 3150 3123 tanto
3181 3069 3359 3124 minus
3380 3067 3475 3120 hoc
3498 3063 3653 3124 audeo,
3675 3062 3802 3128 quanto

2348 3155 2528 3216 minus
2559 3159 2610 3216 id
2641 3174 2858 3230 quoque
2887 3158 2941 3213 in
2984 3159 3161 3224 nobis,
3194 3157 3336 3229 quod
3373 3156 3474 3210 vita
3502 3150 3701 3209 continua
3723 3142 3802 3212 tisi.

2348 3255 2520 3310 lantes
2545 3252 2985 3322 dormientesque
3013 3251 3346 3321 experimur,
3385 3261 3486 3317 quo
3521 3250 3648 3315 pacto
3667 3237 3802 3322 littu-

2347 3344 2548 3414 plicare
2574 3341 2796 3398 sulllcio.
2851 3321 2988 3396 Nam
3017 3355 3138 3395 cum
3168 3340 3238 3394 ad
3269 3349 3319 3394 te
3344 3338 3575 3392 dictarem
3612 3331 3713 3386 hanc
3735 3321 3802 3391 epi-

2349 3433 2564 3500 stolam,
2593 3442 2646 3488 te
2675 3433 2851 3502 ipsum
2881 3431 3062 3486 animo
3083 3428 3397 3491 contuebar,
3421 3435 3468 3480 te
3493 3428 3643 3491 utique
3662 3415 3801 3470 absente

2350 3534 2514 3596 atque
2540 3525 2832 3588 nesciente,
2861 3531 2918 3577 et
2943 3522 3217 3592 quomodo
3254 3519 3422 3590 possis
3457 3516 3531 3570 bis
3572 3508 3705 3565 verbis

2349 3591 2486 3681 veri,
2517 3615 2813 3671 secundum
2837 3591 3082 3669 notitiam
3109 3627 3234 3682 quae
3257 3609 3383 3665 mihi
3409 3609 3469 3662 de
3492 3615 3536 3659 te
3558 3603 3664 3655 inest
3686 3591 3800 3658 iulati'

2353 3710 2523 3765 nabar
2561 3726 2572 3761 :
2605 3686 2770 3777 atque
2796 3705 2848 3760 id
2872 3718 3107 3776 quonam
3133 3703 3296 3758 modo
3318 3701 3370 3755 in
3393 3698 3552 3754 animo
3575 3704 3666 3747 meo
3685 3686 3798 3740 ﬁeret.

2353 3813 2548 3869 capere
2578 3811 2643 3852 ac
2687 3795 3012 3866 investigare
3060 3808 3170 3848 non
3221 3799 3472 3862 poteram,
3510 3789 3654 3839 certus

2354 3906 2462 3948 non
2504 3889 2620 3944 fieri
2654 3865 2930 3958 corporeis
2960 3883 3218 3949 molibus,
3245 3897 3344 3938 nec
3372 3873 3607 3947 corporeis
3623 3865 3799 3958 qualitati-

2354 3984 2492 4052 1lus,
2535 3997 2658 4037 cum
2709 3949 2922 4049 corpori
2967 3975 3302 4032 simillimum
3337 3971 3442 4027 fiat.
3469 3988 3486 4022 ι
3536 3965 3599 4020 Ex
3635 3959 3732 4052 libra
3762 3949 3798 4002 δε

2356 4043 2591 4130 Civitate
2624 4070 2718 4126 Dei
2755 4043 2966 4124 decimo
2999 4065 3186 4135 juinto
3230 4081 3242 4117 :
3276 4081 3295 4115 ι
3322 4058 3564 4118 Fieriista
3599 4052 3641 4106 in
3674 4043 3798 4098 animo.

2357 4164 2442 4219 vel
2480 4164 2554 4219 ab.
2579 4162 2764 4218 animo
2800 4168 2988 4215 nostro
3029 4157 3298 4221 novimus,
3333 4161 3384 4209 et
3406 4140 3646 4206 certissimi
3670 4143 3796 4191 sumus

2358 4254 2639 4321 Quomodo
2673 4260 2853 4308 autem
2886 4250 3037 4315 liant,
3069 4256 3274 4318 quanto
3319 4241 3552 4298 attentius
3583 4225 3800 4321 valuerittttli

2359 4348 2671 4412 advertere,
2702 4353 2856 4399 tanto
2883 4341 3056 4412 magis
3088 4351 3271 4394 noster
3307 4345 3358 4392 et
3391 4344 3550 4390 sermo
3583 4313 3798 4412 succumbit,

2360 4398 2425 4494 et
2705 4398 3241 4506 perduratintentio,
3269 4441 3326 4485 ut
3350 4427 3413 4482 ad
3435 4398 3800 4508 liquidum_alitt"if

2365 4493 2552 4583 nostra
2599 4493 2953 4596 intelligentia
2997 4523 3100 4577 etsi
3146 4493 3255 4576 non
3296 4519 3461 4586 lingua
3494 4493 3800 4596 pervenial

673 4578 826 4667 extra
857 4578 913 4664 se
944 4618 1144 4664 tactqu
1171 4578 1418 4678 porrigit.
1461 4578 1596 4658 Dum
1618 4578 1748 4673 ergo
1777 4601 1877 4655 hos
1903 4612 2096 4654 sensus
2119 4595 2261 4652 ultra
2283 4578 2340 4640 Ὁ
2367 4578 3011 4688 gjjjguggosj‘uuum
3037 4611 3132 4666 Dei
3165 4578 3480 4681 provide—mia
3495 4578 3650 4654 ﬁdem
3669 4587 3717 4640 sit
3731 4589 3799 4688 qlia

676 4718 872 4772 corpus
895 4689 1156 4763 extendit,
1184 4706 1240 4753 et
1275 4696 1360 4752 his
1390 4693 1679 4765 aliquando
1706 4699 1800 4746 aut
1823 4689 2124 4746 delectatur
2151 4685 2264 4758 pla-

675 4797 821 4859 citis,
851 4803 947 4849 aut
985 4799 1270 4863 asperatur
1321 4787 1567 4860 ingratis,
1621 4783 1968 4838 manifestum
2017 4788 2101 4836 est
2141 4792 2264 4833 eam

679 4891 779 4943 hos
807 4884 1067 4942 terminos
1095 4879 1404 4951 corporales
1424 4877 1706 4933 excedere.
1749 4874 1804 4929 Si
1830 4880 2010 4928 autem
2030 4870 2096 4925 de
2118 4864 2265 4924 omni

679 4990 908 5048 corpore
949 4973 1229 5045 quaeritur,
1256 4971 1442 5024 'utrum
1482 4966 1691 5022 scilicet
1731 4963 1912 5019 omnia
1965 4957 2264 5030 corporalia

677 5067 923 5132 excedat,
951 5061 1300 5120 manifestum
1330 5069 1414 5116 est
1442 5059 1554 5113 haec
1584 5072 1691 5111 non
1715 5072 1811 5126 per
1841 5068 2035 5110 sensus
2068 5065 2266 5120 corpo-

681 5161 754 5214 ris
787 5157 887 5212 sibi
917 5155 1209 5226 subjectos,
1248 5151 1342 5208 sed
1377 5164 1473 5221 per
1495 5163 1621 5204 suos
1649 5162 1809 5218 agere
1833 5144 2100 5217 proprios,
2123 5141 2271 5213 cogi-

686 5249 887 5304 tatione
915 5244 1141 5309 scilicet,
1175 5241 1434 5297 memoria
1468 5247 1522 5295 et
1553 5236 1883 5318 conjectura.
1921 5233 2059 5289 Hinc
2081 5233 2274 5288 beatus

679 5337 1002 5394 Ambrosius
1037 5335 1116 5390 ait
1149 5333 1265 5406 (lib.
1307 5348 1359 5387 vt
1399 5329 1681 5386 Hexamer.
1710 5343 1760 5383 c.
1802 5327 1858 5398 8)
1891 5345 1904 5381 :
1942 5344 1960 5377 ε
1992 5324 2110 5380 Non
2141 5337 2270 5394 ergo

684 5447 813 5486 caro
853 5438 1034 5499 potest
1058 5441 1179 5484 esse
1202 5425 1268 5480 ad
1296 5423 1584 5495 imaginem
1607 5420 1725 5488 Dei,
1755 5418 1850 5476 sed
1879 5418 2061 5472 anima
2087 5424 2271 5471 nostra

685 5535 806 5592 qua:
849 5519 1016 5574 libera
1045 5525 1128 5572 est
1150 5557 1165 5583 ,
1197 5523 1252 5572 et
1275 5513 1483 5568 diffusis
1508 5509 1925 5583 cogitationibus
1953 5514 2114 5576 atque
2141 5519 2272 5560 con-

688 5613 823 5668 siliis
877 5612 984 5667 huc
1031 5617 1193 5679 atque
1250 5606 1376 5662 illuc
1421 5614 1670 5676 vagatur,
1720 5617 1841 5673 qua:
1879 5595 2272 5656 considerando

689 5712 899 5772 spectat
941 5702 1141 5757 omnia.
1195 5699 1332 5754 Ecce
1361 5712 1501 5751 nunc
1532 5710 1719 5750 sumus
1757 5695 1810 5748 in
1835 5692 2010 5757 ltalia,
2049 5699 2102 5744 et
2129 5689 2273 5759 cogi-

693 5805 876 5850 tamus
918 5810 1035 5862 quae
1078 5793 1143 5846 ad
1183 5790 1484 5846 Orientales
1534 5797 1626 5842 aut
1673 5785 2045 5842 Occidentales
2093 5790 2274 5853 partes

2367 4665 2653 4772 memoria,
2681 4711 2736 4759 et
2755 4701 3127 4772 intelligentia,
3159 4665 3250 4770 qui
3283 4711 3384 4752 non
3419 4684 3595 4758 singula
3617 4665 3799 4773 cogita?"

2369 4799 2578 4869 aspicit,
2603 4797 2696 4854 sed
2719 4811 2823 4850 una
2845 4805 2900 4849 et
2921 4804 3144 4858 aeterna,
3168 4800 3222 4845 et
3243 4778 3534 4844 immutabili
3549 4782 3673 4869 διαιξέ

2369 4891 2463 4947 bili
2510 4889 2716 4945 visione
2761 4884 3135 4955 complectitur
3179 4886 3366 4936 cuncta
3406 4886 3510 4945 quae
3547 4859 3679 4955 nol“:

2374 4979 2574 5035 mentis
2628 4933 2947 5032 inﬁrmitale
2985 4987 3144 5044 posse
3181 4933 3797 5066 οοωριξίῗξιθηδθτθξηξὶδξέ

2372 5033 2538 5142 igitur
2580 5066 2890 5126 dillicultate
2943 5033 3002 5120 et
3045 5033 3316 5134 angustiis
3348 5055 3466 5110 libet
3503 5033 3777 5142 enim”:

2375 5166 2543 5221 Deum
2567 5164 2742 5219 vivum
2776 5180 2790 5216 :
2818 5159 3105 5230 Miriﬁcata
3129 5167 3202 5212 est
3228 5152 3429 5210 scientia
3451 5157 3528 5200 tua
3546 5129 3798 5230 ulla":

2569 5214 2966 5324 no'nwpoteroad
2992 5249 3138 5304 illam
3158 5243 3323 5318 (Psal.
3345 5245 3572 5324 cxxxvut,
3590 5214 3796 5324 6).)ῗὲ

2374 5349 2570 5419 inquit,
2598 5299 2837 5414 interlligo
2866 5355 3029 5412 quam
3073 5339 3143 5394 sit
3181 5330 3426 5392 mirabilis
3443 5333 3490 5380 et
3513 5299 3796 5376 incompth

2383 5440 2546 5460 ΛΜΗ·
2579 5436 2800 5460 ’⁸²⁸”“¹²⁴“
2834 5443 2922 5460 ἠδ
2958 5446 3060 5460 ἰι-η
3092 5442 3177 5460 mn
3209 5421 3370 5460 for-icti
3432 5406 3608 5460 mundo
3639 5405 3710 5452 nec
3733 5391 3796 5437 me

3624 5495 3664 5543 et
3683 5480 3793 5534 um“

3617 5580 3730 5635 erant
3748 5556 3795 5611 δ’

2380 5440 2550 5496 sibilis
2578 5436 2804 5493 scientia
2834 5443 2924 5488 tua
2957 5446 3063 5502 qua
3092 5442 3177 5485 me
3209 5421 3392 5485 fecisti,

2380 5532 2554 5602 ipsum
2578 5526 3040 5600 comprehendere
3067 5522 3215 5578 valeo
3243 5504 3562 5602 quemﬁfecisli

2380 5598 2433 5677 in
2466 5598 2814 5677 meditatione
2839 5629 2959 5670 mea
2984 5609 3280 5670 exardescit
3305 5601 3450 5676 ignis,
3483 5600 3532 5648 υι
3560 5598 3616 5657 ιιυ

2379 5715 2518 5769 ciem
2559 5721 2705 5768 tuam
2742 5720 2976 5778 semper.
3005 5725 3024 5759 ι
