  <div class='ocr_page' id='page_1' title='image "/cluster/home/n/w/nwhite01/storage/ocr_20150623/125/hvd.32044015471667/476.png"; bbox 0 0 4006 6338; ppageno 0'>
   <div class='ocr_carea' id='block_1_1' title="bbox 135 386 243 445">
    <p class='ocr_par' dir='ltr' id='par_1_1' title="bbox 135 386 243 445">
     <span class='ocr_line' id='line_1_1' title="bbox 135 386 243 445; baseline 0.019 -2"><span class='ocrx_word' id='word_1_1' title='bbox 135 386 243 445; x_wconf 75' lang='grc'><strong>941</strong></span> 
     </span>
    </p>
   </div>
   <div class='ocr_carea' id='block_1_2' title="bbox 772 498 1113 563">
    <p class='ocr_par' dir='ltr' id='par_1_2' title="bbox 772 498 1113 563">
     <span class='ocr_line' id='line_1_2' title="bbox 772 498 1113 563; baseline 0.009 -3"><span class='ocrx_word' id='word_1_2' title='bbox 772 498 998 561; x_wconf 77' lang='lat' dir='ltr'><strong>CAPUT</strong></span> <span class='ocrx_word' id='word_1_3' title='bbox 1032 500 1113 563; x_wconf 79' lang='lat' dir='ltr'><strong>Vl.</strong></span> 
     </span>
    </p>
   </div>
   <div class='ocr_carea' id='block_1_3' title="bbox 272 600 1600 674">
    <p class='ocr_par' dir='ltr' id='par_1_3' title="bbox 272 600 1600 674">
     <span class='ocr_line' id='line_1_3' title="bbox 272 600 1600 674; baseline 0.003 -16"><span class='ocrx_word' id='word_1_4' title='bbox 272 601 466 658; x_wconf 86' lang='lat' dir='ltr'><strong>Utrum</strong></span> <span class='ocrx_word' id='word_1_5' title='bbox 504 600 641 656; x_wconf 86' lang='lat' dir='ltr'><strong>Deus</strong></span> <span class='ocrx_word' id='word_1_6' title='bbox 675 619 767 672; x_wconf 88' lang='lat' dir='ltr'><strong>per</strong></span> <span class='ocrx_word' id='word_1_7' title='bbox 804 612 1035 674; x_wconf 83' lang='lat' dir='ltr'><strong>tempora</strong></span> <span class='ocrx_word' id='word_1_8' title='bbox 1076 615 1125 661; x_wconf 87' lang='lat' dir='ltr'><strong>et</strong></span> <span class='ocrx_word' id='word_1_9' title='bbox 1164 606 1278 661; x_wconf 85' lang='lat' dir='ltr'><strong>loca</strong></span> <span class='ocrx_word' id='word_1_10' title='bbox 1316 618 1600 664; x_wconf 75' lang='lat' dir='ltr'><strong>moveatur.</strong></span> 
     </span>
    </p>
   </div>
   <div class='ocr_carea' id='block_1_4' title="bbox 215 694 1151 765">
    <p class='ocr_par' dir='ltr' id='par_1_4' title="bbox 215 694 1151 765">
     <span class='ocr_line' id='line_1_4' title="bbox 215 694 1151 765; baseline 0.002 -12"><span class='ocrx_word' id='word_1_11' title='bbox 215 694 445 753; x_wconf 77' lang='lat' dir='ltr'><strong>Sextum</strong></span> <span class='ocrx_word' id='word_1_12' title='bbox 504 696 797 765; x_wconf 90' lang='lat' dir='ltr'><strong>capitulum</strong></span> <span class='ocrx_word' id='word_1_13' title='bbox 855 700 1151 755; x_wconf 87' lang='lat' dir='ltr'><strong>succedit:</strong></span> 
     </span>
    </p>
   </div>
   <div class='ocr_carea' id='block_1_5' title="bbox 134 786 1732 856">
    <p class='ocr_par' dir='ltr' id='par_1_5' title="bbox 134 786 1732 856">
     <span class='ocr_line' id='line_1_5' title="bbox 134 786 1732 856; baseline 0.004 -15"><span class='ocrx_word' id='word_1_14' title='bbox 134 794 393 856; x_wconf 85' lang='lat' dir='ltr'><strong>tempora</strong></span> <span class='ocrx_word' id='word_1_15' title='bbox 429 796 485 841; x_wconf 91' lang='lat' dir='ltr'><strong>et</strong></span> <span class='ocrx_word' id='word_1_16' title='bbox 522 786 639 842; x_wconf 89' lang='lat' dir='ltr'><strong>loca</strong></span> <span class='ocrx_word' id='word_1_17' title='bbox 689 797 990 844; x_wconf 73' lang='lat' dir='ltr'><strong>moveatur.</strong></span> <span class='ocrx_word' id='word_1_18' title='bbox 1043 789 1235 844; x_wconf 90' lang='lat' dir='ltr'><strong>Mirum</strong></span> <span class='ocrx_word' id='word_1_19' title='bbox 1275 799 1329 845; x_wconf 81' lang='lat' dir='ltr'><strong>et</strong></span> <span class='ocrx_word' id='word_1_20' title='bbox 1366 792 1521 848; x_wconf 90' lang='lat' dir='ltr'><strong>valde</strong></span> <span class='ocrx_word' id='word_1_21' title='bbox 1569 793 1732 849; x_wconf 85' lang='lat' dir='ltr'><strong>mira-</strong></span> 
     </span>
    </p>
   </div>
   <div class='ocr_carea' id='block_1_6' title="bbox 132 878 1733 957">
    <p class='ocr_par' dir='ltr' id='par_1_6' title="bbox 132 878 1733 957">
     <span class='ocr_line' id='line_1_6' title="bbox 132 878 1733 957; baseline 0.005 -24"><span class='ocrx_word' id='word_1_22' title='bbox 132 879 253 934; x_wconf 86' lang='lat' dir='ltr'><strong>bile</strong></span> <span class='ocrx_word' id='word_1_23' title='bbox 280 887 385 944; x_wconf 92' lang='lat' dir='ltr'><strong>est,</strong></span> <span class='ocrx_word' id='word_1_24' title='bbox 417 879 462 933; x_wconf 88' lang='lat' dir='ltr'><strong>si</strong></span> <span class='ocrx_word' id='word_1_25' title='bbox 497 878 691 949; x_wconf 83' lang='lat' dir='ltr'><strong>aliquis</strong></span> <span class='ocrx_word' id='word_1_26' title='bbox 714 889 822 936; x_wconf 88' lang='lat' dir='ltr'><strong>tam</strong></span> <span class='ocrx_word' id='word_1_27' title='bbox 854 880 1081 937; x_wconf 90' lang='lat' dir='ltr'><strong>stolidus</strong></span> <span class='ocrx_word' id='word_1_28' title='bbox 1107 884 1427 952; x_wconf 89' lang='lat' dir='ltr'><strong>reperiatur,</strong></span> <span class='ocrx_word' id='word_1_29' title='bbox 1460 886 1550 956; x_wconf 91' lang='lat' dir='ltr'><strong>qui</strong></span> <span class='ocrx_word' id='word_1_30' title='bbox 1581 894 1733 957; x_wconf 90' lang='lat' dir='ltr'><strong>putet</strong></span> 
     </span>
    </p>
   </div>
   <div class='ocr_carea' id='block_1_7' title="bbox 135 959 1728 1046">
    <p class='ocr_par' dir='ltr' id='par_1_7' title="bbox 135 959 1728 1046">
     <span class='ocr_line' id='line_1_7' title="bbox 135 959 1728 1046; baseline 0.005 -22"><span class='ocrx_word' id='word_1_31' title='bbox 135 970 316 1024; x_wconf 87' lang='lat' dir='ltr'><strong>Deum</strong></span> <span class='ocrx_word' id='word_1_32' title='bbox 353 984 452 1040; x_wconf 91' lang='lat' dir='ltr'><strong>per</strong></span> <span class='ocrx_word' id='word_1_33' title='bbox 494 980 735 1041; x_wconf 88' lang='lat' dir='ltr'><strong>tempora</strong></span> <span class='ocrx_word' id='word_1_34' title='bbox 785 972 988 1028; x_wconf 81' lang='lat' dir='ltr'><strong>moveri</strong></span> <span class='ocrx_word' id='word_1_35' title='bbox 1030 974 1361 1030; x_wconf 91' lang='lat' dir='ltr'><strong>conditorem</strong></span> <span class='ocrx_word' id='word_1_36' title='bbox 1405 959 1728 1046; x_wconf 72' lang='lat' dir='ltr'><strong>temporiim.</strong></span> 
     </span>
    </p>
   </div>
   <div class='ocr_carea' id='block_1_8' title="bbox 132 1060 1736 1137">
    <p class='ocr_par' dir='ltr' id='par_1_8' title="bbox 132 1060 1736 1137">
     <span class='ocr_line' id='line_1_8' title="bbox 132 1060 1736 1137; baseline 0.006 -25"><span class='ocrx_word' id='word_1_37' title='bbox 132 1060 430 1127; x_wconf 84' lang='lat' dir='ltr'><strong>Quomodo</strong></span> <span class='ocrx_word' id='word_1_38' title='bbox 459 1062 602 1116; x_wconf 89' lang='lat' dir='ltr'><strong>enim</strong></span> <span class='ocrx_word' id='word_1_39' title='bbox 629 1063 834 1120; x_wconf 81' lang='lat' dir='ltr'><strong>moveri</strong></span> <span class='ocrx_word' id='word_1_40' title='bbox 868 1073 1046 1134; x_wconf 89' lang='lat' dir='ltr'><strong>potest</strong></span> <span class='ocrx_word' id='word_1_41' title='bbox 1070 1080 1168 1134; x_wconf 90' lang='lat' dir='ltr'><strong>per</strong></span> <span class='ocrx_word' id='word_1_42' title='bbox 1191 1074 1430 1136; x_wconf 90' lang='lat' dir='ltr'><strong>tempora</strong></span> <span class='ocrx_word' id='word_1_43' title='bbox 1469 1068 1559 1137; x_wconf 92' lang='lat' dir='ltr'><strong>qui</strong></span> <span class='ocrx_word' id='word_1_44' title='bbox 1608 1083 1736 1123; x_wconf 87' lang='lat' dir='ltr'><strong>con-</strong></span> 
     </span>
    </p>
   </div>
   <div class='ocr_carea' id='block_1_9' title="bbox 134 1152 1731 1224">
    <p class='ocr_par' dir='ltr' id='par_1_9' title="bbox 134 1152 1731 1224">
     <span class='ocr_line' id='line_1_9' title="bbox 134 1152 1731 1224; baseline 0.005 -17"><span class='ocrx_word' id='word_1_45' title='bbox 134 1152 285 1207; x_wconf 86' lang='lat' dir='ltr'><strong>didit</strong></span> <span class='ocrx_word' id='word_1_46' title='bbox 310 1161 573 1221; x_wconf 90' lang='lat' dir='ltr'><strong>tempora,</strong></span> <span class='ocrx_word' id='word_1_47' title='bbox 595 1169 715 1224; x_wconf 69' lang='lat' dir='ltr'><strong>qua:</strong></span> <span class='ocrx_word' id='word_1_48' title='bbox 740 1164 865 1210; x_wconf 90' lang='lat' dir='ltr'><strong>sunt</strong></span> <span class='ocrx_word' id='word_1_49' title='bbox 894 1156 1243 1213; x_wconf 90' lang='lat' dir='ltr'><strong>mutabilitati</strong></span> <span class='ocrx_word' id='word_1_50' title='bbox 1272 1158 1501 1214; x_wconf 84' lang='lat' dir='ltr'><strong>obnoxia</strong></span> <span class='ocrx_word' id='word_1_51' title='bbox 1526 1159 1550 1213; x_wconf 88' lang='lat'><strong>?</strong></span> <span class='ocrx_word' id='word_1_52' title='bbox 1598 1160 1731 1215; x_wconf 85' lang='lat' dir='ltr'><strong>Nam</strong></span> 
     </span>
    </p>
   </div>
   <div class='ocr_carea' id='block_1_10' title="bbox 133 1242 1735 1313">
    <p class='ocr_par' dir='ltr' id='par_1_10' title="bbox 133 1242 1735 1313">
     <span class='ocr_line' id='line_1_10' title="bbox 133 1242 1735 1313; baseline 0.007 -17"><span class='ocrx_word' id='word_1_53' title='bbox 133 1242 407 1313; x_wconf 84' lang='lat' dir='ltr'><strong>propheta</strong></span> <span class='ocrx_word' id='word_1_54' title='bbox 448 1243 637 1308; x_wconf 88' lang='lat' dir='ltr'><strong>David,</strong></span> <span class='ocrx_word' id='word_1_55' title='bbox 682 1247 1033 1303; x_wconf 80' lang='lat' dir='ltr'><strong>considerans</strong></span> <span class='ocrx_word' id='word_1_56' title='bbox 1078 1264 1200 1303; x_wconf 92' lang='lat' dir='ltr'><strong>eum</strong></span> <span class='ocrx_word' id='word_1_57' title='bbox 1250 1264 1350 1307; x_wconf 89' lang='lat' dir='ltr'><strong>nec</strong></span> <span class='ocrx_word' id='word_1_58' title='bbox 1387 1251 1597 1306; x_wconf 91' lang='lat' dir='ltr'><strong>initium</strong></span> <span class='ocrx_word' id='word_1_59' title='bbox 1636 1253 1735 1309; x_wconf 89' lang='lat' dir='ltr'><strong>ha-</strong></span> 
     </span>
    </p>
   </div>
   <div class='ocr_carea' id='block_1_11' title="bbox 132 1332 1733 1409">
    <p class='ocr_par' dir='ltr' id='par_1_11' title="bbox 132 1332 1733 1409">
     <span class='ocr_line' id='line_1_11' title="bbox 132 1332 1733 1409; baseline 0.007 -22"><span class='ocrx_word' id='word_1_60' title='bbox 132 1332 296 1397; x_wconf 82' lang='lat' dir='ltr'><strong>bere,</strong></span> <span class='ocrx_word' id='word_1_61' title='bbox 330 1349 432 1391; x_wconf 90' lang='lat' dir='ltr'><strong>nec</strong></span> <span class='ocrx_word' id='word_1_62' title='bbox 459 1334 689 1390; x_wconf 85' lang='lat' dir='ltr'><strong>termino</strong></span> <span class='ocrx_word' id='word_1_63' title='bbox 730 1338 1042 1409; x_wconf 88' lang='lat' dir='ltr'><strong>angustari,</strong></span> <span class='ocrx_word' id='word_1_64' title='bbox 1089 1337 1204 1395; x_wconf 90' lang='lat' dir='ltr'><strong>ait:</strong></span> <span class='ocrx_word' id='word_1_65' title='bbox 1237 1338 1399 1395; x_wconf 80' lang='lat' dir='ltr'><strong>Initio</strong></span> <span class='ocrx_word' id='word_1_66' title='bbox 1444 1352 1501 1396; x_wconf 86' lang='lat' dir='ltr'><strong>tu</strong></span> <span class='ocrx_word' id='word_1_67' title='bbox 1541 1353 1733 1398; x_wconf 86' lang='lat' dir='ltr'><strong>terram</strong></span> 
     </span>
    </p>
   </div>
   <div class='ocr_carea' id='block_1_12' title="bbox 135 1424 1726 1499">
    <p class='ocr_par' dir='ltr' id='par_1_12' title="bbox 135 1424 1726 1499">
     <span class='ocr_line' id='line_1_12' title="bbox 135 1424 1726 1499; baseline 0.006 -22"><span class='ocrx_word' id='word_1_68' title='bbox 135 1424 403 1493; x_wconf 76' lang='lat' dir='ltr'><strong>fundasti.</strong></span> <span class='ocrx_word' id='word_1_69' title='bbox 432 1425 671 1490; x_wconf 88' lang='lat' dir='ltr'><strong>Domine,</strong></span> <span class='ocrx_word' id='word_1_70' title='bbox 697 1437 744 1482; x_wconf 89' lang='lat' dir='ltr'><strong>et</strong></span> <span class='ocrx_word' id='word_1_71' title='bbox 765 1445 921 1499; x_wconf 84' lang='lat' dir='ltr'><strong>opera</strong></span> <span class='ocrx_word' id='word_1_72' title='bbox 942 1447 1194 1485; x_wconf 84' lang='lat' dir='ltr'><strong>manuum</strong></span> <span class='ocrx_word' id='word_1_73' title='bbox 1217 1441 1427 1486; x_wconf 86' lang='lat' dir='ltr'><strong>tuarum</strong></span> <span class='ocrx_word' id='word_1_74' title='bbox 1455 1442 1573 1488; x_wconf 87' lang='lat' dir='ltr'><strong>sunt</strong></span> <span class='ocrx_word' id='word_1_75' title='bbox 1596 1433 1726 1490; x_wconf 66' lang='lat' dir='ltr'><strong>caeli.</strong></span> 
     </span>
    </p>
   </div>
   <div class='ocr_carea' id='block_1_13' title="bbox 141 1514 1734 1592">
    <p class='ocr_par' dir='ltr' id='par_1_13' title="bbox 141 1514 1734 1592">
     <span class='ocr_line' id='line_1_13' title="bbox 141 1514 1734 1592; baseline 0.008 -24"><span class='ocrx_word' id='word_1_76' title='bbox 141 1514 261 1583; x_wconf 84' lang='lat' dir='ltr'><strong>Ipsi</strong></span> <span class='ocrx_word' id='word_1_77' title='bbox 283 1517 538 1586; x_wconf 84' lang='lat' dir='ltr'><strong>peribunt,</strong></span> <span class='ocrx_word' id='word_1_78' title='bbox 570 1530 626 1575; x_wconf 88' lang='lat' dir='ltr'><strong>tu</strong></span> <span class='ocrx_word' id='word_1_79' title='bbox 652 1531 824 1575; x_wconf 86' lang='lat' dir='ltr'><strong>autem</strong></span> <span class='ocrx_word' id='word_1_80' title='bbox 847 1539 1139 1592; x_wconf 81' lang='lat' dir='ltr'><strong>permanes,</strong></span> <span class='ocrx_word' id='word_1_81' title='bbox 1180 1534 1229 1579; x_wconf 89' lang='lat' dir='ltr'><strong>et</strong></span> <span class='ocrx_word' id='word_1_82' title='bbox 1274 1526 1448 1580; x_wconf 91' lang='lat' dir='ltr'><strong>omnia</strong></span> <span class='ocrx_word' id='word_1_83' title='bbox 1490 1538 1546 1579; x_wconf 85' lang='lat' dir='ltr'><strong>ut</strong></span> <span class='ocrx_word' id='word_1_84' title='bbox 1583 1527 1734 1580; x_wconf 84' lang='lat' dir='ltr'><strong>vesti-</strong></span> 
     </span>
    </p>
   </div>
   <div class='ocr_carea' id='block_1_14' title="bbox 135 1611 1730 1683">
    <p class='ocr_par' dir='ltr' id='par_1_14' title="bbox 135 1611 1730 1683">
     <span class='ocr_line' id='line_1_14' title="bbox 135 1611 1730 1683; baseline 0.01 -26"><span class='ocrx_word' id='word_1_85' title='bbox 135 1615 375 1659; x_wconf 80' lang='lat' dir='ltr'><strong>mentum</strong></span> <span class='ocrx_word' id='word_1_86' title='bbox 401 1617 736 1665; x_wconf 80' lang='lat' dir='ltr'><strong>veterascent.</strong></span> <span class='ocrx_word' id='word_1_87' title='bbox 776 1611 843 1666; x_wconf 80' lang='lat' dir='ltr'><strong>Et</strong></span> <span class='ocrx_word' id='word_1_88' title='bbox 888 1613 1022 1668; x_wconf 89' lang='lat' dir='ltr'><strong>sicut</strong></span> <span class='ocrx_word' id='word_1_89' title='bbox 1060 1616 1309 1670; x_wconf 76' lang='lat' dir='ltr'><strong>amictum</strong></span> <span class='ocrx_word' id='word_1_90' title='bbox 1351 1616 1577 1672; x_wconf 87' lang='lat' dir='ltr'><strong>mutabis</strong></span> <span class='ocrx_word' id='word_1_91' title='bbox 1622 1633 1730 1683; x_wconf 86' lang='lat' dir='ltr'><strong>eos.</strong></span> 
     </span>
    </p>
   </div>
   <div class='ocr_carea' id='block_1_15' title="bbox 138 1699 1733 1776">
    <p class='ocr_par' dir='ltr' id='par_1_15' title="bbox 138 1699 1733 1776">
     <span class='ocr_line' id='line_1_15' title="bbox 138 1699 1733 1776; baseline 0.009 -28"><span class='ocrx_word' id='word_1_92' title='bbox 138 1706 194 1749; x_wconf 84' lang='lat' dir='ltr'><strong>et</strong></span> <span class='ocrx_word' id='word_1_93' title='bbox 221 1699 584 1754; x_wconf 83' lang='lat' dir='ltr'><strong>mutabuntur.</strong></span> <span class='ocrx_word' id='word_1_94' title='bbox 628 1700 705 1755; x_wconf 91' lang='lat' dir='ltr'><strong>Tu</strong></span> <span class='ocrx_word' id='word_1_95' title='bbox 747 1712 922 1758; x_wconf 80' lang='lat' dir='ltr'><strong>autem</strong></span> <span class='ocrx_word' id='word_1_96' title='bbox 961 1704 1098 1759; x_wconf 88' lang='lat' dir='ltr'><strong>idem</strong></span> <span class='ocrx_word' id='word_1_97' title='bbox 1138 1706 1246 1776; x_wconf 82' lang='lat' dir='ltr'><strong>ipse</strong></span> <span class='ocrx_word' id='word_1_98' title='bbox 1290 1723 1367 1772; x_wconf 87' lang='lat' dir='ltr'><strong>es,</strong></span> <span class='ocrx_word' id='word_1_99' title='bbox 1404 1717 1451 1762; x_wconf 86' lang='lat' dir='ltr'><strong>et</strong></span> <span class='ocrx_word' id='word_1_100' title='bbox 1483 1708 1611 1763; x_wconf 87' lang='lat' dir='ltr'><strong>anni</strong></span> <span class='ocrx_word' id='word_1_101' title='bbox 1656 1709 1733 1763; x_wconf 89' lang='lat' dir='ltr'><strong>lui</strong></span> 
     </span>
    </p>
   </div>
   <div class='ocr_carea' id='block_1_16' title="bbox 139 1788 1733 1870">
    <p class='ocr_par' dir='ltr' id='par_1_16' title="bbox 139 1788 1733 1870">
     <span class='ocr_line' id='line_1_16' title="bbox 139 1788 1733 1870; baseline 0.009 -29"><span class='ocrx_word' id='word_1_102' title='bbox 139 1804 251 1841; x_wconf 80' lang='lat' dir='ltr'><strong>non</strong></span> <span class='ocrx_word' id='word_1_103' title='bbox 283 1788 523 1857; x_wconf 77' lang='lat' dir='ltr'><strong>deﬁcient</strong></span> <span class='ocrx_word' id='word_1_104' title='bbox 553 1789 725 1862; x_wconf 82' lang='lat' dir='ltr'><strong>(Psal.</strong></span> <span class='ocrx_word' id='word_1_105' title='bbox 771 1809 848 1861; x_wconf 84' lang='lat' dir='ltr'><strong>Ct,</strong></span> <span class='ocrx_word' id='word_1_106' title='bbox 877 1795 1083 1868; x_wconf 74' lang='lat'><strong>26-28).</strong></span> <span class='ocrx_word' id='word_1_107' title='bbox 1121 1796 1374 1870; x_wconf 85' lang='lat' dir='ltr'><strong>Quisquis</strong></span> <span class='ocrx_word' id='word_1_108' title='bbox 1401 1811 1530 1869; x_wconf 83' lang='lat' dir='ltr'><strong>ergo</strong></span> <span class='ocrx_word' id='word_1_109' title='bbox 1555 1799 1733 1855; x_wconf 91' lang='lat' dir='ltr'><strong>consi-</strong></span> 
     </span>
    </p>
   </div>
   <div class='ocr_carea' id='block_1_17' title="bbox 1246 384 2312 455">
    <p class='ocr_par' dir='ltr' id='par_1_17' title="bbox 1246 384 2312 455">
     <span class='ocr_line' id='line_1_17' title="bbox 1246 384 2312 455; baseline 0.007 -8"><span class='ocrx_word' id='word_1_110' title='bbox 1246 386 1334 447; x_wconf 71' lang='grc' dir='ltr'><strong>ΒΕ</strong></span> <span class='ocrx_word' id='word_1_111' title='bbox 1371 384 1663 449; x_wconf 77' lang='lat' dir='ltr'><strong>DIVERSA</strong></span> <span class='ocrx_word' id='word_1_112' title='bbox 1708 386 1946 449; x_wconf 73' lang='grc' dir='ltr'><strong>ΑΝΙΜᾸΞ</strong></span> <span class='ocrx_word' id='word_1_113' title='bbox 1985 392 2312 455; x_wconf 75' lang='lat' dir='ltr'><strong>RATIONE.</strong></span> 
     </span>
    </p>
   </div>
   <div class='ocr_carea' id='block_1_18' title="bbox 1762 508 3412 600">
    <p class='ocr_par' dir='ltr' id='par_1_18' title="bbox 1762 508 3412 600">
     <span class='ocr_line' id='line_1_18' title="bbox 1762 508 3412 600; baseline 0.015 -36"><span class='ocrx_word' id='word_1_114' title='bbox 1762 508 1806 564; x_wconf 73' lang='grc' dir='ltr'><strong>Α</strong></span> <span class='ocrx_word' id='word_1_115' title='bbox 1837 512 1916 567; x_wconf 88' lang='lat' dir='ltr'><strong>vel</strong></span> <span class='ocrx_word' id='word_1_116' title='bbox 1950 512 2159 572; x_wconf 90' lang='lat' dir='ltr'><strong>infinito</strong></span> <span class='ocrx_word' id='word_1_117' title='bbox 2188 519 2363 589; x_wconf 88' lang='lat' dir='ltr'><strong>spatio</strong></span> <span class='ocrx_word' id='word_1_118' title='bbox 2390 521 2677 588; x_wconf 83' lang='lat' dir='ltr'><strong>contineri,</strong></span> <span class='ocrx_word' id='word_1_119' title='bbox 2702 538 2804 580; x_wconf 87' lang='lat' dir='ltr'><strong>nec</strong></span> <span class='ocrx_word' id='word_1_120' title='bbox 2830 536 3125 600; x_wconf 79' lang='lat' dir='ltr'><strong>temporum</strong></span> <span class='ocrx_word' id='word_1_121' title='bbox 3161 533 3240 588; x_wconf 85' lang='lat' dir='ltr'><strong>vel</strong></span> <span class='ocrx_word' id='word_1_122' title='bbox 3263 535 3412 591; x_wconf 82' lang='lat' dir='ltr'><strong>finito</strong></span> 
     </span>
    </p>
   </div>
   <div class='ocr_carea' id='block_1_19' title="bbox 1200 700 1775 774">
    <p class='ocr_par' dir='ltr' id='par_1_19' title="bbox 1200 700 1775 774">
     <span class='ocr_line' id='line_1_19' title="bbox 1200 700 1775 774; baseline -0.002 -16"><span class='ocrx_word' id='word_1_123' title='bbox 1200 700 1392 758; x_wconf 88' lang='lat' dir='ltr'><strong>Utrum</strong></span> <span class='ocrx_word' id='word_1_124' title='bbox 1444 701 1583 758; x_wconf 86' lang='lat' dir='ltr'><strong>Deus</strong></span> <span class='ocrx_word' id='word_1_125' title='bbox 1637 718 1775 774; x_wconf 63' lang='lat' dir='ltr'><strong>per,</strong></span> 
     </span>
    </p>
   </div>
   <div class='ocr_carea' id='block_1_20' title="bbox 3304 412 3412 472">
    <p class='ocr_par' dir='ltr' id='par_1_20' title="bbox 3304 412 3412 472">
     <span class='ocr_line' id='line_1_20' title="bbox 3304 412 3412 472; baseline 0.009 -1"><span class='ocrx_word' id='word_1_126' title='bbox 3304 412 3412 472; x_wconf 57' lang='grc' dir='ltr'><strong>θη</strong></span> 
     </span>
    </p>
   </div>
   <div class='ocr_carea' id='block_1_21' title="bbox 1834 600 3411 690">
    <p class='ocr_par' dir='ltr' id='par_1_21' title="bbox 1834 600 3411 690">
     <span class='ocr_line' id='line_1_21' title="bbox 1834 600 3411 690; baseline 0.018 -34"><span class='ocrx_word' id='word_1_127' title='bbox 1834 602 1917 658; x_wconf 86' lang='lat' dir='ltr'><strong>vel</strong></span> <span class='ocrx_word' id='word_1_128' title='bbox 1968 604 2179 660; x_wconf 85' lang='lat' dir='ltr'><strong>infinito</strong></span> <span class='ocrx_word' id='word_1_129' title='bbox 2213 608 2481 667; x_wconf 82' lang='lat' dir='ltr'><strong>volumine</strong></span> <span class='ocrx_word' id='word_1_130' title='bbox 2529 600 2747 670; x_wconf 63' lang='lat' dir='ltr'><strong>variari.</strong></span> <span class='ocrx_word' id='word_1_131' title='bbox 2799 616 2981 690; x_wconf 84' lang='lat' dir='ltr'><strong>Neque</strong></span> <span class='ocrx_word' id='word_1_132' title='bbox 3029 624 3174 679; x_wconf 91' lang='lat' dir='ltr'><strong>enim</strong></span> <span class='ocrx_word' id='word_1_133' title='bbox 3223 620 3303 682; x_wconf 81' lang='lat' dir='ltr'><strong>est</strong></span> <span class='ocrx_word' id='word_1_134' title='bbox 3359 630 3411 684; x_wconf 92' lang='lat' dir='ltr'><strong>in</strong></span> 
     </span>
    </p>
   </div>
   <div class='ocr_carea' id='block_1_22' title="bbox 1832 694 3413 780">
    <p class='ocr_par' dir='ltr' id='par_1_22' title="bbox 1832 694 3413 780">
     <span class='ocr_line' id='line_1_22' title="bbox 1832 694 3413 780; baseline 0.017 -31"><span class='ocrx_word' id='word_1_135' title='bbox 1832 694 1947 763; x_wconf 88' lang='lat' dir='ltr'><strong>ejus</strong></span> <span class='ocrx_word' id='word_1_136' title='bbox 1982 698 2281 753; x_wconf 83' lang='lat' dir='ltr'><strong>Substantia</strong></span> <span class='ocrx_word' id='word_1_137' title='bbox 2315 717 2416 770; x_wconf 84' lang='lat' dir='ltr'><strong>qua</strong></span> <span class='ocrx_word' id='word_1_138' title='bbox 2467 703 2605 761; x_wconf 87' lang='lat' dir='ltr'><strong>Deus</strong></span> <span class='ocrx_word' id='word_1_139' title='bbox 2649 714 2764 774; x_wconf 84' lang='lat' dir='ltr'><strong>est,</strong></span> <span class='ocrx_word' id='word_1_140' title='bbox 2808 713 2950 780; x_wconf 89' lang='lat' dir='ltr'><strong>quod</strong></span> <span class='ocrx_word' id='word_1_141' title='bbox 2984 714 3200 772; x_wconf 75' lang='lat' dir='ltr'><strong>brevius</strong></span> <span class='ocrx_word' id='word_1_142' title='bbox 3243 719 3314 774; x_wconf 89' lang='lat' dir='ltr'><strong>sit</strong></span> <span class='ocrx_word' id='word_1_143' title='bbox 3361 723 3413 776; x_wconf 91' lang='lat' dir='ltr'><strong>in</strong></span> 
     </span>
    </p>
   </div>
   <div class='ocr_carea' id='block_1_23' title="bbox 1832 792 3415 882">
    <p class='ocr_par' dir='ltr' id='par_1_23' title="bbox 1832 792 3415 882">
     <span class='ocr_line' id='line_1_23' title="bbox 1832 792 3415 882; baseline 0.018 -44"><span class='ocrx_word' id='word_1_144' title='bbox 1832 796 1984 858; x_wconf 79' lang='lat' dir='ltr'><strong>parte</strong></span> <span class='ocrx_word' id='word_1_145' title='bbox 2015 804 2174 858; x_wconf 90' lang='lat' dir='ltr'><strong>quam</strong></span> <span class='ocrx_word' id='word_1_146' title='bbox 2201 792 2254 846; x_wconf 92' lang='lat' dir='ltr'><strong>in</strong></span> <span class='ocrx_word' id='word_1_147' title='bbox 2285 801 2415 857; x_wconf 88' lang='lat' dir='ltr'><strong>toto,</strong></span> <span class='ocrx_word' id='word_1_148' title='bbox 2448 796 2586 861; x_wconf 71' lang='lat' dir='ltr'><strong>sient</strong></span> <span class='ocrx_word' id='word_1_149' title='bbox 2618 814 2841 857; x_wconf 90' lang='lat' dir='ltr'><strong>necesse</strong></span> <span class='ocrx_word' id='word_1_150' title='bbox 2865 808 2949 859; x_wconf 84' lang='lat' dir='ltr'><strong>est</strong></span> <span class='ocrx_word' id='word_1_151' title='bbox 2973 820 3094 862; x_wconf 88' lang='lat' dir='ltr'><strong>esse</strong></span> <span class='ocrx_word' id='word_1_152' title='bbox 3118 808 3170 862; x_wconf 93' lang='lat' dir='ltr'><strong>in</strong></span> <span class='ocrx_word' id='word_1_153' title='bbox 3194 810 3260 865; x_wconf 90' lang='lat' dir='ltr'><strong>iis</strong></span> <span class='ocrx_word' id='word_1_154' title='bbox 3295 828 3415 882; x_wconf 80' lang='lat' dir='ltr'><strong>quae</strong></span> 
     </span>
    </p>
   </div>
   <div class='ocr_carea' id='block_1_24' title="bbox 1834 878 3412 976">
    <p class='ocr_par' dir='ltr' id='par_1_24' title="bbox 1834 878 3412 976">
     <span class='ocr_line' id='line_1_24' title="bbox 1834 878 3412 976; baseline 0.018 -43"><span class='ocrx_word' id='word_1_155' title='bbox 1834 878 1887 934; x_wconf 93' lang='lat' dir='ltr'><strong>in</strong></span> <span class='ocrx_word' id='word_1_156' title='bbox 1923 879 2052 936; x_wconf 86' lang='lat' dir='ltr'><strong>locis</strong></span> <span class='ocrx_word' id='word_1_157' title='bbox 2094 893 2253 939; x_wconf 88' lang='lat' dir='ltr'><strong>sunt:</strong></span> <span class='ocrx_word' id='word_1_158' title='bbox 2280 895 2374 941; x_wconf 88' lang='lat' dir='ltr'><strong>aut</strong></span> <span class='ocrx_word' id='word_1_159' title='bbox 2404 888 2503 943; x_wconf 89' lang='lat' dir='ltr'><strong>fuit</strong></span> <span class='ocrx_word' id='word_1_160' title='bbox 2541 888 2593 946; x_wconf 92' lang='lat' dir='ltr'><strong>in</strong></span> <span class='ocrx_word' id='word_1_161' title='bbox 2623 892 2740 962; x_wconf 88' lang='lat' dir='ltr'><strong>ejus</strong></span> <span class='ocrx_word' id='word_1_162' title='bbox 2780 896 3079 955; x_wconf 85' lang='lat' dir='ltr'><strong>substantia</strong></span> <span class='ocrx_word' id='word_1_163' title='bbox 3122 905 3265 972; x_wconf 89' lang='lat' dir='ltr'><strong>quod</strong></span> <span class='ocrx_word' id='word_1_164' title='bbox 3298 878 3412 976; x_wconf 76' lang='lat' dir='ltr'><strong>jam</strong></span> 
     </span>
    </p>
   </div>
   <div class='ocr_carea' id='block_1_25' title="bbox 1834 974 3416 1055">
    <p class='ocr_par' dir='ltr' id='par_1_25' title="bbox 1834 974 3416 1055">
     <span class='ocr_line' id='line_1_25' title="bbox 1834 974 3416 1055; baseline 0.019 -32"><span class='ocrx_word' id='word_1_165' title='bbox 1834 985 1938 1025; x_wconf 90' lang='lat' dir='ltr'><strong>non</strong></span> <span class='ocrx_word' id='word_1_166' title='bbox 1966 981 2070 1035; x_wconf 87' lang='lat' dir='ltr'><strong>est,</strong></span> <span class='ocrx_word' id='word_1_167' title='bbox 2096 974 2178 1029; x_wconf 89' lang='lat' dir='ltr'><strong>vel</strong></span> <span class='ocrx_word' id='word_1_168' title='bbox 2205 976 2310 1033; x_wconf 88' lang='lat' dir='ltr'><strong>erit</strong></span> <span class='ocrx_word' id='word_1_169' title='bbox 2334 979 2476 1046; x_wconf 92' lang='lat' dir='ltr'><strong>quod</strong></span> <span class='ocrx_word' id='word_1_170' title='bbox 2502 982 2738 1039; x_wconf 92' lang='lat' dir='ltr'><strong>nondum</strong></span> <span class='ocrx_word' id='word_1_171' title='bbox 2782 994 2895 1052; x_wconf 88' lang='lat' dir='ltr'><strong>est,</strong></span> <span class='ocrx_word' id='word_1_172' title='bbox 2927 990 3065 1046; x_wconf 87' lang='lat' dir='ltr'><strong>sicut</strong></span> <span class='ocrx_word' id='word_1_173' title='bbox 3115 993 3167 1049; x_wconf 92' lang='lat' dir='ltr'><strong>in</strong></span> <span class='ocrx_word' id='word_1_174' title='bbox 3207 974 3416 1055; x_wconf 81' lang='lat' dir='ltr'><strong>naturis</strong></span> 
     </span>
    </p>
   </div>
   <div class='ocr_carea' id='block_1_26' title="bbox 1834 1068 3411 1156">
    <p class='ocr_par' dir='ltr' id='par_1_26' title="bbox 1834 1068 3411 1156">
     <span class='ocr_line' id='line_1_26' title="bbox 1834 1068 3411 1156; baseline 0.02 -45"><span class='ocrx_word' id='word_1_175' title='bbox 1834 1075 1954 1156; x_wconf 60' lang='lat' dir='ltr'><strong>qum</strong></span> <span class='ocrx_word' id='word_1_176' title='bbox 1976 1072 2196 1130; x_wconf 81' lang='lat' dir='ltr'><strong>possunt</strong></span> <span class='ocrx_word' id='word_1_177' title='bbox 2225 1068 2479 1136; x_wconf 88' lang='lat' dir='ltr'><strong>temporis</strong></span> <span class='ocrx_word' id='word_1_178' title='bbox 2518 1073 2930 1131; x_wconf 87' lang='lat' dir='ltr'><strong>mutabilitatem</strong></span> <span class='ocrx_word' id='word_1_179' title='bbox 2962 1082 3070 1148; x_wconf 89' lang='lat' dir='ltr'><strong>pati</strong></span> <span class='ocrx_word' id='word_1_180' title='bbox 3100 1083 3118 1152; x_wconf 98' lang='lat'><strong>(</strong></span> <span class='ocrx_word' id='word_1_181' title='bbox 3135 1101 3250 1156; x_wconf 81' lang='lat' dir='ltr'><strong>cap.</strong></span> <span class='ocrx_word' id='word_1_182' title='bbox 3286 1074 3411 1154; x_wconf 69' lang='lat' dir='ltr'><strong>toi.</strong></span> 
     </span>
    </p>
   </div>
   <div class='ocr_carea' id='block_1_27' title="bbox 1836 1147 3416 1235">
    <p class='ocr_par' dir='ltr' id='par_1_27' title="bbox 1836 1147 3416 1235">
     <span class='ocr_line' id='line_1_27' title="bbox 1836 1147 3416 1235; baseline 0.021 -32"><span class='ocrx_word' id='word_1_183' title='bbox 1836 1147 1933 1204; x_wconf 81' lang='lat' dir='ltr'><strong>Hic</strong></span> <span class='ocrx_word' id='word_1_184' title='bbox 1981 1167 2110 1222; x_wconf 84' lang='lat' dir='ltr'><strong>ergo</strong></span> <span class='ocrx_word' id='word_1_185' title='bbox 2157 1154 2580 1216; x_wconf 89' lang='lat' dir='ltr'><strong>incommutabili</strong></span> <span class='ocrx_word' id='word_1_186' title='bbox 2627 1167 2929 1223; x_wconf 66' lang='lat' dir='ltr'><strong>aeternitate</strong></span> <span class='ocrx_word' id='word_1_187' title='bbox 2967 1147 3161 1231; x_wconf 79' lang='lat' dir='ltr'><strong>vivens</strong></span> <span class='ocrx_word' id='word_1_188' title='bbox 3196 1147 3416 1235; x_wconf 72' lang='lat' dir='ltr'><strong>creavit</strong></span> 
     </span>
    </p>
   </div>
   <div class='ocr_carea' id='block_1_28' title="bbox 1833 1241 3412 1332">
    <p class='ocr_par' dir='ltr' id='par_1_28' title="bbox 1833 1241 3412 1332">
     <span class='ocr_line' id='line_1_28' title="bbox 1833 1241 3412 1332; baseline 0.022 -41"><span class='ocrx_word' id='word_1_189' title='bbox 1833 1241 2013 1294; x_wconf 86' lang='lat' dir='ltr'><strong>omnia</strong></span> <span class='ocrx_word' id='word_1_190' title='bbox 2044 1243 2224 1308; x_wconf 85' lang='lat' dir='ltr'><strong>simul,</strong></span> <span class='ocrx_word' id='word_1_191' title='bbox 2261 1261 2324 1300; x_wconf 77' lang='lat' dir='ltr'><strong>ex</strong></span> <span class='ocrx_word' id='word_1_192' title='bbox 2372 1249 2569 1318; x_wconf 88' lang='lat' dir='ltr'><strong>quibus</strong></span> <span class='ocrx_word' id='word_1_193' title='bbox 2616 1266 2894 1312; x_wconf 91' lang='lat' dir='ltr'><strong>currerent</strong></span> <span class='ocrx_word' id='word_1_194' title='bbox 2923 1267 3183 1332; x_wconf 90' lang='lat' dir='ltr'><strong>tempora,</strong></span> <span class='ocrx_word' id='word_1_195' title='bbox 3211 1275 3266 1322; x_wconf 93' lang='lat' dir='ltr'><strong>et</strong></span> <span class='ocrx_word' id='word_1_196' title='bbox 3310 1270 3412 1324; x_wconf 93' lang='lat' dir='ltr'><strong>im-</strong></span> 
     </span>
    </p>
   </div>
   <div class='ocr_carea' id='block_1_29' title="bbox 1834 1327 3414 1418">
    <p class='ocr_par' dir='ltr' id='par_1_29' title="bbox 1834 1327 3414 1418">
     <span class='ocr_line' id='line_1_29' title="bbox 1834 1327 3414 1418; baseline 0.023 -37"><span class='ocrx_word' id='word_1_197' title='bbox 1834 1327 2113 1399; x_wconf 89' lang='lat' dir='ltr'><strong>plerentur</strong></span> <span class='ocrx_word' id='word_1_198' title='bbox 2137 1332 2275 1399; x_wconf 80' lang='lat' dir='ltr'><strong>lora,</strong></span> <span class='ocrx_word' id='word_1_199' title='bbox 2311 1342 2801 1417; x_wconf 85' lang='lat' dir='ltr'><strong>temporalibusque</strong></span> <span class='ocrx_word' id='word_1_200' title='bbox 2836 1358 2894 1403; x_wconf 83' lang='lat' dir='ltr'><strong>et</strong></span> <span class='ocrx_word' id='word_1_201' title='bbox 2929 1327 3188 1413; x_wconf 77' lang='lat' dir='ltr'><strong>localibus</strong></span> <span class='ocrx_word' id='word_1_202' title='bbox 3233 1375 3414 1418; x_wconf 88' lang='lat' dir='ltr'><strong>rerum</strong></span> 
     </span>
    </p>
   </div>
   <div class='ocr_carea' id='block_1_30' title="bbox 1834 1417 3415 1520">
    <p class='ocr_par' dir='ltr' id='par_1_30' title="bbox 1834 1417 3415 1520">
     <span class='ocr_line' id='line_1_30' title="bbox 1834 1417 3415 1520; baseline 0.022 -47"><span class='ocrx_word' id='word_1_203' title='bbox 1834 1417 2069 1477; x_wconf 82' lang='lat' dir='ltr'><strong>motibus</strong></span> <span class='ocrx_word' id='word_1_204' title='bbox 2100 1425 2293 1480; x_wconf 75' lang='lat' dir='ltr'><strong>szecula</strong></span> <span class='ocrx_word' id='word_1_205' title='bbox 2326 1430 2687 1490; x_wconf 89' lang='lat' dir='ltr'><strong>volverentur.</strong></span> <span class='ocrx_word' id='word_1_206' title='bbox 2729 1436 2785 1492; x_wconf 94' lang='lat' dir='ltr'><strong>ln</strong></span> <span class='ocrx_word' id='word_1_207' title='bbox 2829 1441 3022 1510; x_wconf 85' lang='lat' dir='ltr'><strong>quibus</strong></span> <span class='ocrx_word' id='word_1_208' title='bbox 3070 1429 3232 1502; x_wconf 85' lang='lat' dir='ltr'><strong>rebus</strong></span> <span class='ocrx_word' id='word_1_209' title='bbox 3266 1466 3415 1520; x_wconf 65' lang='lat' dir='ltr'><strong>quie-</strong></span> 
     </span>
    </p>
   </div>
   <div class='ocr_carea' id='block_1_31' title="bbox 1833 1509 3416 1599">
    <p class='ocr_par' dir='ltr' id='par_1_31' title="bbox 1833 1509 3416 1599">
     <span class='ocr_line' id='line_1_31' title="bbox 1833 1509 3416 1599; baseline 0.023 -36"><span class='ocrx_word' id='word_1_210' title='bbox 1833 1509 1955 1565; x_wconf 88' lang='lat' dir='ltr'><strong>dam</strong></span> <span class='ocrx_word' id='word_1_211' title='bbox 1987 1514 2270 1583; x_wconf 82' lang='lat' dir='ltr'><strong>spiritalia,</strong></span> <span class='ocrx_word' id='word_1_212' title='bbox 2299 1522 2543 1589; x_wconf 67' lang='lat' dir='ltr'><strong>quaedam</strong></span> <span class='ocrx_word' id='word_1_213' title='bbox 2566 1509 2865 1597; x_wconf 86' lang='lat' dir='ltr'><strong>corporalia</strong></span> <span class='ocrx_word' id='word_1_214' title='bbox 2891 1535 3123 1595; x_wconf 87' lang='lat' dir='ltr'><strong>condidit</strong></span> <span class='ocrx_word' id='word_1_215' title='bbox 3145 1509 3416 1599; x_wconf 80' lang='lat' dir='ltr'><strong>:formans</strong></span> 
     </span>
    </p>
   </div>
   <div class='ocr_carea' id='block_1_32' title="bbox 1835 1604 3416 1693">
    <p class='ocr_par' dir='ltr' id='par_1_32' title="bbox 1835 1604 3416 1693">
     <span class='ocr_line' id='line_1_32' title="bbox 1835 1604 3416 1693; baseline 0.024 -38"><span class='ocrx_word' id='word_1_216' title='bbox 1835 1604 2139 1668; x_wconf 88' lang='lat' dir='ltr'><strong>materiam.</strong></span> <span class='ocrx_word' id='word_1_217' title='bbox 2165 1622 2326 1678; x_wconf 88' lang='lat' dir='ltr'><strong>quam</strong></span> <span class='ocrx_word' id='word_1_218' title='bbox 2372 1629 2473 1670; x_wconf 91' lang='lat' dir='ltr'><strong>nec</strong></span> <span class='ocrx_word' id='word_1_219' title='bbox 2514 1616 2673 1684; x_wconf 88' lang='lat' dir='ltr'><strong>alius,</strong></span> <span class='ocrx_word' id='word_1_220' title='bbox 2708 1612 2806 1677; x_wconf 84' lang='lat' dir='ltr'><strong>nec</strong></span> <span class='ocrx_word' id='word_1_221' title='bbox 2851 1608 3045 1693; x_wconf 79' lang='lat' dir='ltr'><strong>nullus;</strong></span> <span class='ocrx_word' id='word_1_222' title='bbox 3075 1632 3167 1685; x_wconf 90' lang='lat' dir='ltr'><strong>sed</strong></span> <span class='ocrx_word' id='word_1_223' title='bbox 3194 1635 3416 1692; x_wconf 91' lang='lat' dir='ltr'><strong>omnino</strong></span> 
     </span>
    </p>
   </div>
   <div class='ocr_carea' id='block_1_33' title="bbox 1835 1692 3414 1782">
    <p class='ocr_par' dir='ltr' id='par_1_33' title="bbox 1835 1692 3414 1782">
     <span class='ocr_line' id='line_1_33' title="bbox 1835 1692 3414 1782; baseline 0.023 -35"><span class='ocrx_word' id='word_1_224' title='bbox 1835 1692 1950 1764; x_wconf 87' lang='lat' dir='ltr'><strong>ipse</strong></span> <span class='ocrx_word' id='word_1_225' title='bbox 1981 1696 2261 1755; x_wconf 77' lang='lat' dir='ltr'><strong>informem</strong></span> <span class='ocrx_word' id='word_1_226' title='bbox 2288 1719 2351 1759; x_wconf 94' lang='lat' dir='ltr'><strong>ac</strong></span> <span class='ocrx_word' id='word_1_227' title='bbox 2385 1704 2721 1767; x_wconf 80' lang='lat' dir='ltr'><strong>formabilem</strong></span> <span class='ocrx_word' id='word_1_228' title='bbox 2753 1713 3002 1780; x_wconf 83' lang='lat' dir='ltr'><strong>instituit,</strong></span> <span class='ocrx_word' id='word_1_229' title='bbox 3034 1692 3100 1775; x_wconf 86' lang='lat' dir='ltr'><strong>ut</strong></span> <span class='ocrx_word' id='word_1_230' title='bbox 3133 1721 3414 1782; x_wconf 85' lang='lat' dir='ltr'><strong>formatio-</strong></span> 
     </span>
    </p>
   </div>
   <div class='ocr_carea' id='block_1_34' title="bbox 1837 1800 3408 1882">
    <p class='ocr_par' dir='ltr' id='par_1_34' title="bbox 1837 1800 3408 1882">
     <span class='ocr_line' id='line_1_34' title="bbox 1837 1800 3408 1882; baseline 0.023 -44"><span class='ocrx_word' id='word_1_231' title='bbox 1837 1800 1956 1882; x_wconf 71' lang='lat' dir='ltr'><strong>nem</strong></span> <span class='ocrx_word' id='word_1_232' title='bbox 1985 1804 2136 1844; x_wconf 91' lang='lat' dir='ltr'><strong>suam</strong></span> <span class='ocrx_word' id='word_1_233' title='bbox 2182 1808 2285 1848; x_wconf 92' lang='lat' dir='ltr'><strong>non</strong></span> <span class='ocrx_word' id='word_1_234' title='bbox 2332 1805 2595 1869; x_wconf 90' lang='lat' dir='ltr'><strong>tempore.</strong></span> <span class='ocrx_word' id='word_1_235' title='bbox 2631 1805 2724 1859; x_wconf 90' lang='lat' dir='ltr'><strong>sed</strong></span> <span class='ocrx_word' id='word_1_236' title='bbox 2768 1805 2976 1878; x_wconf 74' lang='lat' dir='ltr'><strong>origine</strong></span> <span class='ocrx_word' id='word_1_237' title='bbox 3017 1817 3355 1882; x_wconf 68' lang='lat' dir='ltr'><strong>praeveniret.</strong></span> <span class='ocrx_word' id='word_1_238' title='bbox 3389 1839 3408 1873; x_wconf 77' lang='grc' dir='ltr'><strong><em>ι</em></strong></span> 
     </span>
    </p>
   </div>
   <div class='ocr_carea' id='block_1_35' title="bbox 141 1863 1719 1967">
    <p class='ocr_par' dir='ltr' id='par_1_35' title="bbox 141 1863 1719 1960">
     <span class='ocr_line' id='line_1_35' title="bbox 141 1863 1719 1960; baseline 0.009 -28"><span class='ocrx_word' id='word_1_239' title='bbox 141 1877 301 1933; x_wconf 84' lang='lat' dir='ltr'><strong>derat</strong></span> <span class='ocrx_word' id='word_1_240' title='bbox 337 1878 392 1935; x_wconf 92' lang='lat' dir='ltr'><strong>in</strong></span> <span class='ocrx_word' id='word_1_241' title='bbox 425 1880 512 1935; x_wconf 89' lang='lat' dir='ltr'><strong>his</strong></span> <span class='ocrx_word' id='word_1_242' title='bbox 538 1881 718 1949; x_wconf 88' lang='lat' dir='ltr'><strong>dictis,</strong></span> <span class='ocrx_word' id='word_1_243' title='bbox 749 1885 892 1955; x_wconf 92' lang='lat' dir='ltr'><strong>quod</strong></span> <span class='ocrx_word' id='word_1_244' title='bbox 938 1863 1122 1951; x_wconf 89' lang='lat' dir='ltr'><strong>initio,</strong></span> <span class='ocrx_word' id='word_1_245' title='bbox 1146 1863 1225 1942; x_wconf 30' lang='lat' dir='ltr'><strong>&#39;id</strong></span> <span class='ocrx_word' id='word_1_246' title='bbox 1272 1863 1356 1943; x_wconf 80' lang='lat' dir='ltr'><strong>est</strong></span> <span class='ocrx_word' id='word_1_247' title='bbox 1403 1863 1719 1960; x_wconf 68' lang='lat' dir='ltr'><strong>temporibus</strong></span> 
     </span>
    </p>
   </div>
   <div class='ocr_carea' id='block_1_36' title="bbox 1821 1863 3412 1967">
    <p class='ocr_par' dir='ltr' id='par_1_36' title="bbox 1834 1863 3412 1967">
     <span class='ocr_line' id='line_1_36' title="bbox 1834 1863 3412 1967; baseline 0.024 -39"><span class='ocrx_word' id='word_1_248' title='bbox 1834 1870 2071 1934; x_wconf 89' lang='lat' dir='ltr'><strong>lsidorus</strong></span> <span class='ocrx_word' id='word_1_249' title='bbox 2099 1879 2153 1934; x_wconf 94' lang='lat' dir='ltr'><strong>in</strong></span> <span class='ocrx_word' id='word_1_250' title='bbox 2180 1881 2318 1939; x_wconf 91' lang='lat' dir='ltr'><strong>libro</strong></span> <span class='ocrx_word' id='word_1_251' title='bbox 2353 1863 2771 1967; x_wconf 82' lang='lat' dir='ltr'><strong>Sententiarum,</strong></span> <span class='ocrx_word' id='word_1_252' title='bbox 2801 1863 2942 1967; x_wconf 52' lang='lat' dir='ltr'><strong>qliod</strong></span> <span class='ocrx_word' id='word_1_253' title='bbox 2970 1863 3078 1957; x_wconf 64' lang='lat' dir='ltr'><strong>Deo</strong></span> <span class='ocrx_word' id='word_1_254' title='bbox 3104 1904 3244 1962; x_wconf 88' lang='lat' dir='ltr'><strong>nulla</strong></span> <span class='ocrx_word' id='word_1_255' title='bbox 3275 1917 3412 1965; x_wconf 83' lang='lat' dir='ltr'><strong>tem-</strong></span> 
     </span>
    </p>
   </div>
   <div class='ocr_carea' id='block_1_37' title="bbox 145 1968 1730 2048">
    <p class='ocr_par' dir='ltr' id='par_1_37' title="bbox 145 1968 1730 2048">
     <span class='ocr_line' id='line_1_37' title="bbox 145 1968 1730 2048; baseline 0.008 -25"><span class='ocrx_word' id='word_1_256' title='bbox 145 1968 547 2040; x_wconf 88' lang='lat' dir='ltr'><strong>incipientibus,</strong></span> <span class='ocrx_word' id='word_1_257' title='bbox 577 1980 775 2031; x_wconf 88' lang='lat' dir='ltr'><strong>terram</strong></span> <span class='ocrx_word' id='word_1_258' title='bbox 813 1984 869 2032; x_wconf 92' lang='lat' dir='ltr'><strong>et</strong></span> <span class='ocrx_word' id='word_1_259' title='bbox 894 1976 1088 2033; x_wconf 74' lang='lat' dir='ltr'><strong>cmlum</strong></span> <span class='ocrx_word' id='word_1_260' title='bbox 1120 1979 1289 2035; x_wconf 82' lang='lat' dir='ltr'><strong>Domi:</strong></span> <span class='ocrx_word' id='word_1_261' title='bbox 1313 1994 1378 2034; x_wconf 91' lang='lat' dir='ltr'><strong>us</strong></span> <span class='ocrx_word' id='word_1_262' title='bbox 1411 1978 1730 2048; x_wconf 78' lang='lat' dir='ltr'><strong>fundaverit,</strong></span> 
     </span>
    </p>
   </div>
   <div class='ocr_carea' id='block_1_38' title="bbox 144 2062 1730 2139">
    <p class='ocr_par' dir='ltr' id='par_1_38' title="bbox 144 2062 1730 2139">
     <span class='ocr_line' id='line_1_38' title="bbox 144 2062 1730 2139; baseline 0.008 -25"><span class='ocrx_word' id='word_1_263' title='bbox 144 2068 199 2114; x_wconf 91' lang='lat' dir='ltr'><strong>et</strong></span> <span class='ocrx_word' id='word_1_264' title='bbox 227 2062 372 2131; x_wconf 90' lang='lat' dir='ltr'><strong>quod</strong></span> <span class='ocrx_word' id='word_1_265' title='bbox 401 2062 487 2118; x_wconf 90' lang='lat' dir='ltr'><strong>bis</strong></span> <span class='ocrx_word' id='word_1_266' title='bbox 511 2065 733 2120; x_wconf 86' lang='lat' dir='ltr'><strong>mutatis</strong></span> <span class='ocrx_word' id='word_1_267' title='bbox 764 2066 906 2122; x_wconf 80' lang='lat' dir='ltr'><strong>idem</strong></span> <span class='ocrx_word' id='word_1_268' title='bbox 934 2067 1050 2139; x_wconf 82' lang='lat' dir='ltr'><strong>ipse</strong></span> <span class='ocrx_word' id='word_1_269' title='bbox 1078 2069 1168 2132; x_wconf 89' lang='lat' dir='ltr'><strong>sit,</strong></span> <span class='ocrx_word' id='word_1_270' title='bbox 1203 2067 1360 2125; x_wconf 82' lang='lat' dir='ltr'><strong>facile</strong></span> <span class='ocrx_word' id='word_1_271' title='bbox 1401 2070 1577 2136; x_wconf 84' lang='lat' dir='ltr'><strong>videt,</strong></span> <span class='ocrx_word' id='word_1_272' title='bbox 1626 2085 1730 2127; x_wconf 89' lang='lat' dir='ltr'><strong>non</strong></span> 
     </span>
    </p>
   </div>
   <div class='ocr_carea' id='block_1_39' title="bbox 143 2150 1732 2230">
    <p class='ocr_par' dir='ltr' id='par_1_39' title="bbox 143 2150 1732 2230">
     <span class='ocr_line' id='line_1_39' title="bbox 143 2150 1732 2230; baseline 0.008 -25"><span class='ocrx_word' id='word_1_273' title='bbox 143 2165 269 2206; x_wconf 88' lang='lat' dir='ltr'><strong>eum</strong></span> <span class='ocrx_word' id='word_1_274' title='bbox 297 2150 382 2207; x_wconf 86' lang='lat' dir='ltr'><strong>vel</strong></span> <span class='ocrx_word' id='word_1_275' title='bbox 408 2153 619 2209; x_wconf 89' lang='lat' dir='ltr'><strong>initium</strong></span> <span class='ocrx_word' id='word_1_276' title='bbox 643 2156 852 2225; x_wconf 82' lang='lat' dir='ltr'><strong>cepisse</strong></span> <span class='ocrx_word' id='word_1_277' title='bbox 875 2174 998 2215; x_wconf 89' lang='lat' dir='ltr'><strong>cum</strong></span> <span class='ocrx_word' id='word_1_278' title='bbox 1025 2168 1262 2230; x_wconf 89' lang='lat' dir='ltr'><strong>tempore</strong></span> <span class='ocrx_word' id='word_1_279' title='bbox 1281 2202 1297 2225; x_wconf 95' lang='lat'><strong>,</strong></span> <span class='ocrx_word' id='word_1_280' title='bbox 1324 2161 1405 2216; x_wconf 87' lang='lat' dir='ltr'><strong>vel</strong></span> <span class='ocrx_word' id='word_1_281' title='bbox 1433 2161 1591 2218; x_wconf 82' lang='lat' dir='ltr'><strong>linem</strong></span> <span class='ocrx_word' id='word_1_282' title='bbox 1616 2178 1732 2219; x_wconf 82' lang='lat' dir='ltr'><strong>sor-</strong></span> 
     </span>
    </p>
   </div>
   <div class='ocr_carea' id='block_1_40' title="bbox 145 2244 1729 2323">
    <p class='ocr_par' dir='ltr' id='par_1_40' title="bbox 145 2244 1729 2323">
     <span class='ocr_line' id='line_1_40' title="bbox 145 2244 1729 2323; baseline 0.009 -26"><span class='ocrx_word' id='word_1_283' title='bbox 145 2244 237 2297; x_wconf 78' lang='lat' dir='ltr'><strong>tiri</strong></span> <span class='ocrx_word' id='word_1_284' title='bbox 264 2258 385 2297; x_wconf 90' lang='lat' dir='ltr'><strong>cum</strong></span> <span class='ocrx_word' id='word_1_285' title='bbox 418 2246 763 2316; x_wconf 88' lang='lat' dir='ltr'><strong>temporibus,</strong></span> <span class='ocrx_word' id='word_1_286' title='bbox 791 2249 986 2318; x_wconf 90' lang='lat' dir='ltr'><strong>quibus</strong></span> <span class='ocrx_word' id='word_1_287' title='bbox 1013 2251 1392 2321; x_wconf 80' lang='lat' dir='ltr'><strong>incipientibus</strong></span> <span class='ocrx_word' id='word_1_288' title='bbox 1415 2252 1526 2323; x_wconf 92' lang='lat' dir='ltr'><strong>ipse</strong></span> <span class='ocrx_word' id='word_1_289' title='bbox 1548 2252 1729 2321; x_wconf 88' lang='lat' dir='ltr'><strong>fuerit,</strong></span> 
     </span>
    </p>
   </div>
   <div class='ocr_carea' id='block_1_41' title="bbox 144 2335 1729 2418">
    <p class='ocr_par' dir='ltr' id='par_1_41' title="bbox 144 2335 1729 2418">
     <span class='ocr_line' id='line_1_41' title="bbox 144 2335 1729 2418; baseline 0.009 -30"><span class='ocrx_word' id='word_1_290' title='bbox 144 2335 420 2408; x_wconf 72' lang='lat' dir='ltr'><strong>et&#39;qyibus</strong></span> <span class='ocrx_word' id='word_1_291' title='bbox 439 2336 806 2395; x_wconf 89' lang='lat' dir='ltr'><strong>occidentibus</strong></span> <span class='ocrx_word' id='word_1_292' title='bbox 832 2340 970 2396; x_wconf 90' lang='lat' dir='ltr'><strong>idem</strong></span> <span class='ocrx_word' id='word_1_293' title='bbox 994 2342 1107 2411; x_wconf 91' lang='lat' dir='ltr'><strong>ipse</strong></span> <span class='ocrx_word' id='word_1_294' title='bbox 1129 2343 1579 2402; x_wconf 87' lang='lat' dir='ltr'><strong>incommutabilis</strong></span> <span class='ocrx_word' id='word_1_295' title='bbox 1605 2363 1729 2418; x_wconf 90' lang='lat' dir='ltr'><strong>per-</strong></span> 
     </span>
    </p>
   </div>
   <div class='ocr_carea' id='block_1_42' title="bbox 145 2424 1730 2505">
    <p class='ocr_par' dir='ltr' id='par_1_42' title="bbox 145 2424 1730 2505">
     <span class='ocr_line' id='line_1_42' title="bbox 145 2424 1730 2505; baseline 0.012 -31"><span class='ocrx_word' id='word_1_296' title='bbox 145 2429 381 2478; x_wconf 84' lang='lat' dir='ltr'><strong>maneat.</strong></span> <span class='ocrx_word' id='word_1_297' title='bbox 428 2424 494 2479; x_wconf 84' lang='lat' dir='ltr'><strong>Et</strong></span> <span class='ocrx_word' id='word_1_298' title='bbox 532 2426 744 2496; x_wconf 88' lang='lat' dir='ltr'><strong>quidem</strong></span> <span class='ocrx_word' id='word_1_299' title='bbox 775 2437 1078 2486; x_wconf 87' lang='lat' dir='ltr'><strong>creaturam</strong></span> <span class='ocrx_word' id='word_1_300' title='bbox 1111 2447 1208 2502; x_wconf 80' lang='lat' dir='ltr'><strong>per</strong></span> <span class='ocrx_word' id='word_1_301' title='bbox 1237 2441 1475 2505; x_wconf 88' lang='lat' dir='ltr'><strong>tempora</strong></span> <span class='ocrx_word' id='word_1_302' title='bbox 1526 2438 1730 2494; x_wconf 88' lang='lat' dir='ltr'><strong>moveri</strong></span> 
     </span>
    </p>
   </div>
   <div class='ocr_carea' id='block_1_43' title="bbox 137 2513 1735 2593">
    <p class='ocr_par' dir='ltr' id='par_1_43' title="bbox 137 2513 1735 2593">
     <span class='ocr_line' id='line_1_43' title="bbox 137 2513 1735 2593; baseline 0.013 -27"><span class='ocrx_word' id='word_1_303' title='bbox 137 2513 325 2582; x_wconf 88' lang='lat' dir='ltr'><strong>jussit,</strong></span> <span class='ocrx_word' id='word_1_304' title='bbox 345 2515 471 2569; x_wconf 90' lang='lat' dir='ltr'><strong>dum</strong></span> <span class='ocrx_word' id='word_1_305' title='bbox 493 2523 547 2572; x_wconf 86' lang='lat' dir='ltr'><strong>et</strong></span> <span class='ocrx_word' id='word_1_306' title='bbox 568 2519 812 2588; x_wconf 59' lang='lat' dir='ltr'><strong>quasdam</strong></span> <span class='ocrx_word' id='word_1_307' title='bbox 833 2520 1009 2577; x_wconf 85' lang='lat' dir='ltr'><strong>sidera</strong></span> <span class='ocrx_word' id='word_1_308' title='bbox 1032 2523 1083 2577; x_wconf 88' lang='lat' dir='ltr'><strong>in</strong></span> <span class='ocrx_word' id='word_1_309' title='bbox 1109 2532 1254 2580; x_wconf 92' lang='lat' dir='ltr'><strong>motu</strong></span> <span class='ocrx_word' id='word_1_310' title='bbox 1276 2527 1572 2593; x_wconf 87' lang='lat' dir='ltr'><strong>constituit.</strong></span> <span class='ocrx_word' id='word_1_311' title='bbox 1597 2537 1735 2585; x_wconf 64' lang='lat' dir='ltr'><strong>tem-.</strong></span> 
     </span>
    </p>
   </div>
   <div class='ocr_carea' id='block_1_44' title="bbox 142 2607 1727 2690">
    <p class='ocr_par' dir='ltr' id='par_1_44' title="bbox 142 2607 1727 2690">
     <span class='ocr_line' id='line_1_44' title="bbox 142 2607 1727 2690; baseline 0.013 -34"><span class='ocrx_word' id='word_1_312' title='bbox 142 2607 515 2678; x_wconf 87' lang='lat' dir='ltr'><strong>poraqueipsa</strong></span> <span class='ocrx_word' id='word_1_313' title='bbox 550 2609 650 2665; x_wconf 90' lang='lat' dir='ltr'><strong>sibi</strong></span> <span class='ocrx_word' id='word_1_314' title='bbox 693 2613 981 2669; x_wconf 87' lang='lat' dir='ltr'><strong>succedere</strong></span> <span class='ocrx_word' id='word_1_315' title='bbox 1012 2614 1195 2683; x_wconf 90' lang='lat' dir='ltr'><strong>jussit,</strong></span> <span class='ocrx_word' id='word_1_316' title='bbox 1232 2619 1375 2674; x_wconf 89' lang='lat' dir='ltr'><strong>aeris</strong></span> <span class='ocrx_word' id='word_1_317' title='bbox 1414 2621 1727 2690; x_wconf 87' lang='lat' dir='ltr'><strong>qualitatem</strong></span> 
     </span>
    </p>
   </div>
   <div class='ocr_carea' id='block_1_45' title="bbox 140 2697 1731 2769">
    <p class='ocr_par' dir='ltr' id='par_1_45' title="bbox 140 2697 1731 2769">
     <span class='ocr_line' id='line_1_45' title="bbox 140 2697 1731 2769; baseline 0.011 -18"><span class='ocrx_word' id='word_1_318' title='bbox 140 2697 347 2753; x_wconf 76' lang='lat' dir='ltr'><strong>variari</strong></span> <span class='ocrx_word' id='word_1_319' title='bbox 369 2698 558 2763; x_wconf 87' lang='lat' dir='ltr'><strong>voluit,</strong></span> <span class='ocrx_word' id='word_1_320' title='bbox 578 2709 736 2757; x_wconf 86' lang='lat' dir='ltr'><strong>terrae</strong></span> <span class='ocrx_word' id='word_1_321' title='bbox 757 2700 949 2759; x_wconf 85' lang='lat' dir='ltr'><strong>faciem</strong></span> <span class='ocrx_word' id='word_1_322' title='bbox 972 2706 1185 2763; x_wconf 88' lang='lat' dir='ltr'><strong>diverso</strong></span> <span class='ocrx_word' id='word_1_323' title='bbox 1208 2710 1368 2767; x_wconf 84' lang='lat' dir='ltr'><strong>modo</strong></span> <span class='ocrx_word' id='word_1_324' title='bbox 1388 2710 1626 2767; x_wconf 87' lang='lat' dir='ltr'><strong>vicissim</strong></span> <span class='ocrx_word' id='word_1_325' title='bbox 1647 2721 1731 2769; x_wconf 87' lang='lat' dir='ltr'><strong>at-</strong></span> 
     </span>
    </p>
   </div>
   <div class='ocr_carea' id='block_1_46' title="bbox 135 2788 1731 2875">
    <p class='ocr_par' dir='ltr' id='par_1_46' title="bbox 135 2788 1731 2875">
     <span class='ocr_line' id='line_1_46' title="bbox 135 2788 1731 2875; baseline 0.012 -34"><span class='ocrx_word' id='word_1_326' title='bbox 135 2803 246 2859; x_wconf 90' lang='lat' dir='ltr'><strong>que</strong></span> <span class='ocrx_word' id='word_1_327' title='bbox 285 2788 593 2846; x_wconf 86' lang='lat' dir='ltr'><strong>alternatim</strong></span> <span class='ocrx_word' id='word_1_328' title='bbox 634 2796 926 2852; x_wconf 85' lang='lat' dir='ltr'><strong>succedere</strong></span> <span class='ocrx_word' id='word_1_329' title='bbox 965 2797 1190 2865; x_wconf 88' lang='lat' dir='ltr'><strong>statuit,</strong></span> <span class='ocrx_word' id='word_1_330' title='bbox 1224 2800 1605 2872; x_wconf 88' lang='lat' dir='ltr'><strong>hominemque</strong></span> <span class='ocrx_word' id='word_1_331' title='bbox 1633 2819 1731 2875; x_wconf 90' lang='lat' dir='ltr'><strong>per</strong></span> 
     </span>
    </p>
   </div>
   <div class='ocr_carea' id='block_1_47' title="bbox 135 2876 1730 2965">
    <p class='ocr_par' dir='ltr' id='par_1_47' title="bbox 135 2876 1730 2965">
     <span class='ocr_line' id='line_1_47' title="bbox 135 2876 1730 2965; baseline 0.01 -31"><span class='ocrx_word' id='word_1_332' title='bbox 135 2888 336 2936; x_wconf 70' lang='lat' dir='ltr'><strong>aetates</strong></span> <span class='ocrx_word' id='word_1_333' title='bbox 379 2876 559 2938; x_wconf 87' lang='lat' dir='ltr'><strong>varias</strong></span> <span class='ocrx_word' id='word_1_334' title='bbox 594 2900 762 2956; x_wconf 91' lang='lat' dir='ltr'><strong>usque</strong></span> <span class='ocrx_word' id='word_1_335' title='bbox 797 2888 865 2942; x_wconf 90' lang='lat' dir='ltr'><strong>ad</strong></span> <span class='ocrx_word' id='word_1_336' title='bbox 905 2888 1150 2945; x_wconf 91' lang='lat' dir='ltr'><strong>ultimum</strong></span> <span class='ocrx_word' id='word_1_337' title='bbox 1194 2891 1321 2948; x_wconf 65' lang='lat' dir='ltr'><strong>vitae</strong></span> <span class='ocrx_word' id='word_1_338' title='bbox 1366 2901 1577 2965; x_wconf 91' lang='lat' dir='ltr'><strong>tempus</strong></span> <span class='ocrx_word' id='word_1_339' title='bbox 1618 2896 1730 2952; x_wconf 89' lang='lat' dir='ltr'><strong>vol-</strong></span> 
     </span>
    </p>
   </div>
   <div class='ocr_carea' id='block_1_48' title="bbox 134 2969 1728 3046">
    <p class='ocr_par' dir='ltr' id='par_1_48' title="bbox 134 2969 1728 3046">
     <span class='ocr_line' id='line_1_48' title="bbox 134 2969 1728 3046; baseline 0.011 -23"><span class='ocrx_word' id='word_1_340' title='bbox 134 2986 270 3027; x_wconf 84' lang='lat' dir='ltr'><strong>vere</strong></span> <span class='ocrx_word' id='word_1_341' title='bbox 314 2969 607 3039; x_wconf 86' lang='lat' dir='ltr'><strong>judicavit,</strong></span> <span class='ocrx_word' id='word_1_342' title='bbox 647 2976 884 3046; x_wconf 88' lang='lat' dir='ltr'><strong>seipsum</strong></span> <span class='ocrx_word' id='word_1_343' title='bbox 935 2986 1114 3035; x_wconf 90' lang='lat' dir='ltr'><strong>tamen</strong></span> <span class='ocrx_word' id='word_1_344' title='bbox 1165 2980 1307 3035; x_wconf 89' lang='lat' dir='ltr'><strong>nulla</strong></span> <span class='ocrx_word' id='word_1_345' title='bbox 1354 2983 1728 3042; x_wconf 88' lang='lat' dir='ltr'><strong>mutabilitatis</strong></span> 
     </span>
    </p>
   </div>
   <div class='ocr_carea' id='block_1_49' title="bbox 134 3059 1727 3146">
    <p class='ocr_par' dir='ltr' id='par_1_49' title="bbox 134 3059 1727 3146">
     <span class='ocr_line' id='line_1_49' title="bbox 134 3059 1727 3146; baseline 0.01 -32"><span class='ocrx_word' id='word_1_346' title='bbox 134 3059 259 3131; x_wconf 83' lang='lat' dir='ltr'><strong>lege</strong></span> <span class='ocrx_word' id='word_1_347' title='bbox 290 3063 629 3121; x_wconf 85' lang='lat' dir='ltr'><strong>constrinxit.</strong></span> <span class='ocrx_word' id='word_1_348' title='bbox 656 3065 808 3122; x_wconf 90' lang='lat' dir='ltr'><strong>Unde</strong></span> <span class='ocrx_word' id='word_1_349' title='bbox 836 3068 902 3123; x_wconf 89' lang='lat' dir='ltr'><strong>ad</strong></span> <span class='ocrx_word' id='word_1_350' title='bbox 944 3067 1159 3142; x_wconf 84' lang='lat' dir='ltr'><strong>Moysen</strong></span> <span class='ocrx_word' id='word_1_351' title='bbox 1199 3071 1275 3125; x_wconf 86' lang='lat' dir='ltr'><strong>ait</strong></span> <span class='ocrx_word' id='word_1_352' title='bbox 1305 3090 1319 3126; x_wconf 89' lang='lat'><strong>:</strong></span> <span class='ocrx_word' id='word_1_353' title='bbox 1354 3068 1467 3144; x_wconf 89' lang='lat' dir='ltr'><strong>Ego</strong></span> <span class='ocrx_word' id='word_1_354' title='bbox 1493 3090 1609 3128; x_wconf 89' lang='lat' dir='ltr'><strong>sum</strong></span> <span class='ocrx_word' id='word_1_355' title='bbox 1636 3077 1727 3146; x_wconf 85' lang='lat' dir='ltr'><strong>qui</strong></span> 
     </span>
    </p>
   </div>
   <div class='ocr_carea' id='block_1_50' title="bbox 134 3154 1723 3226">
    <p class='ocr_par' dir='ltr' id='par_1_50' title="bbox 134 3154 1723 3226">
     <span class='ocr_line' id='line_1_50' title="bbox 134 3154 1723 3226; baseline 0.011 -21"><span class='ocrx_word' id='word_1_356' title='bbox 134 3168 282 3216; x_wconf 81' lang='lat' dir='ltr'><strong>sum,</strong></span> <span class='ocrx_word' id='word_1_357' title='bbox 313 3163 359 3206; x_wconf 87' lang='lat' dir='ltr'><strong>et</strong></span> <span class='ocrx_word' id='word_1_358' title='bbox 401 3154 539 3210; x_wconf 82' lang='lat' dir='ltr'><strong>dices</strong></span> <span class='ocrx_word' id='word_1_359' title='bbox 568 3156 692 3224; x_wconf 85' lang='lat' dir='ltr'><strong>ﬁliis</strong></span> <span class='ocrx_word' id='word_1_360' title='bbox 739 3157 907 3214; x_wconf 81' lang='lat' dir='ltr'><strong>Israel</strong></span> <span class='ocrx_word' id='word_1_361' title='bbox 932 3177 951 3215; x_wconf 90' lang='lat'><strong><em>:</em></strong></span> <span class='ocrx_word' id='word_1_362' title='bbox 994 3160 1099 3226; x_wconf 85' lang='lat' dir='ltr'><strong>Qui</strong></span> <span class='ocrx_word' id='word_1_363' title='bbox 1124 3172 1198 3217; x_wconf 89' lang='lat' dir='ltr'><strong>est</strong></span> <span class='ocrx_word' id='word_1_364' title='bbox 1244 3163 1386 3219; x_wconf 83' lang='lat' dir='ltr'><strong>misit</strong></span> <span class='ocrx_word' id='word_1_365' title='bbox 1428 3182 1509 3220; x_wconf 86' lang='lat' dir='ltr'><strong>me</strong></span> <span class='ocrx_word' id='word_1_366' title='bbox 1537 3167 1606 3221; x_wconf 88' lang='lat' dir='ltr'><strong>ad</strong></span> <span class='ocrx_word' id='word_1_367' title='bbox 1638 3185 1723 3223; x_wconf 80' lang='lat' dir='ltr'><strong>vos</strong></span> 
     </span>
    </p>
   </div>
   <div class='ocr_carea' id='block_1_51' title="bbox 136 3243 1721 3328">
    <p class='ocr_par' dir='ltr' id='par_1_51' title="bbox 136 3243 1721 3328">
     <span class='ocr_line' id='line_1_51' title="bbox 136 3243 1721 3328; baseline 0.013 -32"><span class='ocrx_word' id='word_1_368' title='bbox 136 3243 344 3315; x_wconf 73' lang='lat' dir='ltr'><strong>(Exod.</strong></span> <span class='ocrx_word' id='word_1_369' title='bbox 376 3261 474 3312; x_wconf 86' lang='lat' dir='ltr'><strong>Ill,</strong></span> <span class='ocrx_word' id='word_1_370' title='bbox 506 3247 615 3319; x_wconf 74' lang='grc' dir='ltr'><strong>Η).</strong></span> <span class='ocrx_word' id='word_1_371' title='bbox 665 3248 945 3308; x_wconf 80' lang='lat' dir='ltr'><strong>Moventur</strong></span> <span class='ocrx_word' id='word_1_372' title='bbox 990 3268 1087 3325; x_wconf 90' lang='lat' dir='ltr'><strong>per</strong></span> <span class='ocrx_word' id='word_1_373' title='bbox 1136 3262 1379 3326; x_wconf 86' lang='lat' dir='ltr'><strong>tempora</strong></span> <span class='ocrx_word' id='word_1_374' title='bbox 1427 3273 1546 3328; x_wconf 87' lang='lat' dir='ltr'><strong>quae</strong></span> <span class='ocrx_word' id='word_1_375' title='bbox 1593 3269 1721 3315; x_wconf 90' lang='lat' dir='ltr'><strong>sunt</strong></span> 
     </span>
    </p>
   </div>
   <div class='ocr_carea' id='block_1_52' title="bbox 134 3341 1723 3421">
    <p class='ocr_par' dir='ltr' id='par_1_52' title="bbox 134 3341 1723 3421">
     <span class='ocr_line' id='line_1_52' title="bbox 134 3341 1723 3421; baseline 0.011 -32"><span class='ocrx_word' id='word_1_376' title='bbox 134 3346 324 3391; x_wconf 87' lang='lat' dir='ltr'><strong>creata</strong></span> <span class='ocrx_word' id='word_1_377' title='bbox 354 3352 476 3393; x_wconf 90' lang='lat' dir='ltr'><strong>cum</strong></span> <span class='ocrx_word' id='word_1_378' title='bbox 507 3346 764 3409; x_wconf 91' lang='lat' dir='ltr'><strong>tempore.</strong></span> <span class='ocrx_word' id='word_1_379' title='bbox 798 3341 955 3400; x_wconf 90' lang='lat' dir='ltr'><strong>Solus</strong></span> <span class='ocrx_word' id='word_1_380' title='bbox 1000 3361 1162 3414; x_wconf 90' lang='lat' dir='ltr'><strong>porro</strong></span> <span class='ocrx_word' id='word_1_381' title='bbox 1201 3346 1290 3402; x_wconf 93' lang='lat' dir='ltr'><strong>ille</strong></span> <span class='ocrx_word' id='word_1_382' title='bbox 1318 3363 1438 3403; x_wconf 90' lang='lat' dir='ltr'><strong>cum</strong></span> <span class='ocrx_word' id='word_1_383' title='bbox 1480 3360 1723 3421; x_wconf 89' lang='lat' dir='ltr'><strong>tempore</strong></span> 
     </span>
    </p>
   </div>
   <div class='ocr_carea' id='block_1_53' title="bbox 134 3431 1724 3504">
    <p class='ocr_par' dir='ltr' id='par_1_53' title="bbox 134 3431 1724 3504">
     <span class='ocr_line' id='line_1_53' title="bbox 134 3431 1724 3504; baseline 0.012 -23"><span class='ocrx_word' id='word_1_384' title='bbox 134 3442 247 3482; x_wconf 90' lang='lat' dir='ltr'><strong>non</strong></span> <span class='ocrx_word' id='word_1_385' title='bbox 278 3436 455 3496; x_wconf 87' lang='lat' dir='ltr'><strong>potest</strong></span> <span class='ocrx_word' id='word_1_386' title='bbox 483 3431 708 3492; x_wconf 84' lang='lat' dir='ltr'><strong>moveri.</strong></span> <span class='ocrx_word' id='word_1_387' title='bbox 739 3449 899 3504; x_wconf 91' lang='lat' dir='ltr'><strong>quem</strong></span> <span class='ocrx_word' id='word_1_388' title='bbox 936 3445 1145 3492; x_wconf 88' lang='lat' dir='ltr'><strong>constat</strong></span> <span class='ocrx_word' id='word_1_389' title='bbox 1173 3438 1315 3493; x_wconf 88' lang='lat' dir='ltr'><strong>nulla</strong></span> <span class='ocrx_word' id='word_1_390' title='bbox 1346 3442 1724 3501; x_wconf 87' lang='lat' dir='ltr'><strong>mutabilitatis</strong></span> 
     </span>
    </p>
   </div>
   <div class='ocr_carea' id='block_1_54' title="bbox 133 3516 1719 3601">
    <p class='ocr_par' dir='ltr' id='par_1_54' title="bbox 133 3516 1719 3601">
     <span class='ocr_line' id='line_1_54' title="bbox 133 3516 1719 3601; baseline 0.009 -30"><span class='ocrx_word' id='word_1_391' title='bbox 133 3516 261 3588; x_wconf 86' lang='lat' dir='ltr'><strong>lege</strong></span> <span class='ocrx_word' id='word_1_392' title='bbox 286 3516 499 3573; x_wconf 85' lang='lat' dir='ltr'><strong>vinciri.</strong></span> <span class='ocrx_word' id='word_1_393' title='bbox 523 3517 691 3576; x_wconf 88' lang='lat' dir='ltr'><strong>Porro</strong></span> <span class='ocrx_word' id='word_1_394' title='bbox 713 3537 811 3590; x_wconf 91' lang='lat' dir='ltr'><strong>per</strong></span> <span class='ocrx_word' id='word_1_395' title='bbox 832 3520 950 3579; x_wconf 88' lang='lat' dir='ltr'><strong>loca</strong></span> <span class='ocrx_word' id='word_1_396' title='bbox 971 3524 1094 3596; x_wconf 90' lang='lat' dir='ltr'><strong>quis</strong></span> <span class='ocrx_word' id='word_1_397' title='bbox 1121 3529 1323 3583; x_wconf 89' lang='lat' dir='ltr'><strong>moveri</strong></span> <span class='ocrx_word' id='word_1_398' title='bbox 1352 3529 1520 3585; x_wconf 90' lang='lat' dir='ltr'><strong>Deum</strong></span> <span class='ocrx_word' id='word_1_399' title='bbox 1546 3542 1719 3601; x_wconf 86' lang='lat' dir='ltr'><strong>putet,</strong></span> 
     </span>
    </p>
   </div>
   <div class='ocr_carea' id='block_1_55' title="bbox 134 3606 1719 3695">
    <p class='ocr_par' dir='ltr' id='par_1_55' title="bbox 134 3606 1719 3695">
     <span class='ocr_line' id='line_1_55' title="bbox 134 3606 1719 3695; baseline 0.011 -34"><span class='ocrx_word' id='word_1_400' title='bbox 134 3621 262 3661; x_wconf 88' lang='lat' dir='ltr'><strong>cum</strong></span> <span class='ocrx_word' id='word_1_401' title='bbox 294 3606 408 3676; x_wconf 90' lang='lat' dir='ltr'><strong>ipse</strong></span> <span class='ocrx_word' id='word_1_402' title='bbox 448 3608 515 3662; x_wconf 90' lang='lat' dir='ltr'><strong>de</strong></span> <span class='ocrx_word' id='word_1_403' title='bbox 555 3611 842 3682; x_wconf 86' lang='lat' dir='ltr'><strong>semetipso</strong></span> <span class='ocrx_word' id='word_1_404' title='bbox 871 3613 1018 3670; x_wconf 91' lang='lat' dir='ltr'><strong>dicat</strong></span> <span class='ocrx_word' id='word_1_405' title='bbox 1049 3633 1062 3671; x_wconf 92' lang='lat'><strong>:</strong></span> <span class='ocrx_word' id='word_1_406' title='bbox 1088 3614 1288 3672; x_wconf 77' lang='lat' dir='ltr'><strong>Caelum</strong></span> <span class='ocrx_word' id='word_1_407' title='bbox 1313 3627 1363 3672; x_wconf 87' lang='lat' dir='ltr'><strong>et</strong></span> <span class='ocrx_word' id='word_1_408' title='bbox 1403 3630 1597 3676; x_wconf 83' lang='lat' dir='ltr'><strong>terram</strong></span> <span class='ocrx_word' id='word_1_409' title='bbox 1627 3640 1719 3695; x_wconf 87' lang='lat' dir='ltr'><strong>ego</strong></span> 
     </span>
    </p>
   </div>
   <div class='ocr_carea' id='block_1_56' title="bbox 132 3694 1716 3790">
    <p class='ocr_par' dir='ltr' id='par_1_56' title="bbox 132 3694 1716 3790">
     <span class='ocr_line' id='line_1_56' title="bbox 132 3694 1716 3790; baseline 0.012 -42"><span class='ocrx_word' id='word_1_410' title='bbox 132 3694 369 3766; x_wconf 75' lang='lat' dir='ltr'><strong>impleo?</strong></span> <span class='ocrx_word' id='word_1_411' title='bbox 393 3697 524 3767; x_wconf 84' lang='lat' dir='ltr'><strong>(Jer.</strong></span> <span class='ocrx_word' id='word_1_412' title='bbox 549 3714 707 3762; x_wconf 66' lang='grc' dir='ltr'><strong>χχιιι.</strong></span> <span class='ocrx_word' id='word_1_413' title='bbox 732 3699 846 3768; x_wconf 67' lang='grc'><strong>24.)</strong></span> <span class='ocrx_word' id='word_1_414' title='bbox 874 3702 941 3758; x_wconf 86' lang='lat' dir='ltr'><strong>Et</strong></span> <span class='ocrx_word' id='word_1_415' title='bbox 966 3704 1091 3760; x_wconf 92' lang='lat' dir='ltr'><strong>item</strong></span> <span class='ocrx_word' id='word_1_416' title='bbox 1118 3722 1131 3759; x_wconf 92' lang='lat'><strong>:</strong></span> <span class='ocrx_word' id='word_1_417' title='bbox 1158 3704 1329 3771; x_wconf 83' lang='lat' dir='ltr'><strong>Quam</strong></span> <span class='ocrx_word' id='word_1_418' title='bbox 1355 3708 1569 3790; x_wconf 82' lang='lat' dir='ltr'><strong>domum</strong></span> <span class='ocrx_word' id='word_1_419' title='bbox 1594 3694 1716 3767; x_wconf 72' lang='lat' dir='ltr'><strong>trdi-</strong></span> 
     </span>
    </p>
   </div>
   <div class='ocr_carea' id='block_1_57' title="bbox 131 3791 1718 3875">
    <p class='ocr_par' dir='ltr' id='par_1_57' title="bbox 131 3791 1718 3875">
     <span class='ocr_line' id='line_1_57' title="bbox 131 3791 1718 3875; baseline 0.011 -31"><span class='ocrx_word' id='word_1_420' title='bbox 131 3791 363 3859; x_wconf 78' lang='lat' dir='ltr'><strong>ficabitis</strong></span> <span class='ocrx_word' id='word_1_421' title='bbox 388 3793 534 3859; x_wconf 79' lang='lat' dir='ltr'><strong>mihi,</strong></span> <span class='ocrx_word' id='word_1_422' title='bbox 575 3796 703 3850; x_wconf 80' lang='lat' dir='ltr'><strong>dicit</strong></span> <span class='ocrx_word' id='word_1_423' title='bbox 728 3796 1007 3866; x_wconf 84' lang='lat' dir='ltr'><strong>Dominus,</strong></span> <span class='ocrx_word' id='word_1_424' title='bbox 1050 3809 1142 3854; x_wconf 86' lang='lat' dir='ltr'><strong>aut</strong></span> <span class='ocrx_word' id='word_1_425' title='bbox 1181 3800 1298 3872; x_wconf 85' lang='lat' dir='ltr'><strong>quis</strong></span> <span class='ocrx_word' id='word_1_426' title='bbox 1339 3802 1485 3859; x_wconf 81' lang='lat' dir='ltr'><strong>locus</strong></span> <span class='ocrx_word' id='word_1_427' title='bbox 1515 3808 1718 3875; x_wconf 85' lang='lat' dir='ltr'><strong>requie-</strong></span> 
     </span>
    </p>
   </div>
   <div class='ocr_carea' id='block_1_58' title="bbox 132 3880 1715 3965">
    <p class='ocr_par' dir='ltr' id='par_1_58' title="bbox 132 3880 1715 3965">
     <span class='ocr_line' id='line_1_58' title="bbox 132 3880 1715 3965; baseline 0.011 -32"><span class='ocrx_word' id='word_1_428' title='bbox 132 3880 295 3935; x_wconf 83' lang='lat' dir='ltr'><strong>tionis</strong></span> <span class='ocrx_word' id='word_1_429' title='bbox 318 3883 484 3937; x_wconf 64' lang='lat' dir='ltr'><strong>mea?!</strong></span> <span class='ocrx_word' id='word_1_430' title='bbox 508 3900 678 3939; x_wconf 87' lang='lat' dir='ltr'><strong>nonne</strong></span> <span class='ocrx_word' id='word_1_431' title='bbox 699 3902 886 3941; x_wconf 87' lang='lat' dir='ltr'><strong>manus</strong></span> <span class='ocrx_word' id='word_1_432' title='bbox 913 3904 1025 3943; x_wconf 88' lang='lat' dir='ltr'><strong>mea</strong></span> <span class='ocrx_word' id='word_1_433' title='bbox 1050 3888 1173 3959; x_wconf 77' lang='lat' dir='ltr'><strong>fecit</strong></span> <span class='ocrx_word' id='word_1_434' title='bbox 1201 3889 1313 3945; x_wconf 76' lang='lat' dir='ltr'><strong>lucc</strong></span> <span class='ocrx_word' id='word_1_435' title='bbox 1335 3892 1511 3947; x_wconf 86' lang='lat' dir='ltr'><strong>omnia</strong></span> <span class='ocrx_word' id='word_1_436' title='bbox 1526 3893 1552 3947; x_wconf 79' lang='lat'><strong><em>?</em></strong></span> <span class='ocrx_word' id='word_1_437' title='bbox 1578 3892 1715 3965; x_wconf 86' lang='lat' dir='ltr'><strong>(Isa.</strong></span> 
     </span>
    </p>
   </div>
   <div class='ocr_carea' id='block_1_59' title="bbox 131 3972 1716 4050">
    <p class='ocr_par' dir='ltr' id='par_1_59' title="bbox 131 3972 1716 4050">
     <span class='ocr_line' id='line_1_59' title="bbox 131 3972 1716 4050; baseline 0.009 -24"><span class='ocrx_word' id='word_1_438' title='bbox 131 3987 293 4037; x_wconf 74' lang='lat' dir='ltr'><strong>un,</strong></span> <span class='ocrx_word' id='word_1_439' title='bbox 342 3972 420 4043; x_wconf 75' lang='grc'><strong>1.)</strong></span> <span class='ocrx_word' id='word_1_440' title='bbox 466 3972 706 4045; x_wconf 84' lang='lat' dir='ltr'><strong>Itemque</strong></span> <span class='ocrx_word' id='word_1_441' title='bbox 756 3975 1012 4034; x_wconf 87' lang='lat' dir='ltr'><strong>Salomon</strong></span> <span class='ocrx_word' id='word_1_442' title='bbox 1061 3980 1489 4050; x_wconf 89' lang='lat' dir='ltr'><strong>sapientissimus</strong></span> <span class='ocrx_word' id='word_1_443' title='bbox 1516 3985 1595 4039; x_wconf 87' lang='lat' dir='ltr'><strong>ait</strong></span> <span class='ocrx_word' id='word_1_444' title='bbox 1633 3985 1716 4043; x_wconf 84' lang='lat' dir='ltr'><strong>lo-</strong></span> 
     </span>
    </p>
   </div>
   <div class='ocr_carea' id='block_1_60' title="bbox 131 4064 1717 4133">
    <p class='ocr_par' dir='ltr' id='par_1_60' title="bbox 131 4064 1717 4133">
     <span class='ocr_line' id='line_1_60' title="bbox 131 4064 1717 4133; baseline 0.009 -16"><span class='ocrx_word' id='word_1_445' title='bbox 131 4078 306 4133; x_wconf 88' lang='lat' dir='ltr'><strong>quens</strong></span> <span class='ocrx_word' id='word_1_446' title='bbox 350 4064 419 4119; x_wconf 91' lang='lat' dir='ltr'><strong>ad</strong></span> <span class='ocrx_word' id='word_1_447' title='bbox 446 4064 614 4121; x_wconf 91' lang='lat' dir='ltr'><strong>Deum</strong></span> <span class='ocrx_word' id='word_1_448' title='bbox 648 4085 661 4122; x_wconf 87' lang='lat'>:</span> <span class='ocrx_word' id='word_1_449' title='bbox 691 4065 753 4124; x_wconf 90' lang='lat' dir='ltr'><strong>Si</strong></span> <span class='ocrx_word' id='word_1_450' title='bbox 779 4069 916 4123; x_wconf 88' lang='lat' dir='ltr'><strong>enim</strong></span> <span class='ocrx_word' id='word_1_451' title='bbox 945 4069 1129 4125; x_wconf 68' lang='lat' dir='ltr'><strong>cretum</strong></span> <span class='ocrx_word' id='word_1_452' title='bbox 1173 4081 1221 4127; x_wconf 86' lang='lat' dir='ltr'><strong>et</strong></span> <span class='ocrx_word' id='word_1_453' title='bbox 1255 4072 1367 4127; x_wconf 78' lang='lat' dir='ltr'><strong>caeli</strong></span> <span class='ocrx_word' id='word_1_454' title='bbox 1393 4074 1640 4131; x_wconf 69' lang='lat' dir='ltr'><strong>caelorum</strong></span> <span class='ocrx_word' id='word_1_455' title='bbox 1667 4086 1717 4132; x_wconf 87' lang='lat' dir='ltr'><strong>te</strong></span> 
     </span>
    </p>
   </div>
   <div class='ocr_carea' id='block_1_61' title="bbox 129 4162 1715 4238">
    <p class='ocr_par' dir='ltr' id='par_1_61' title="bbox 129 4162 1715 4238">
     <span class='ocr_line' id='line_1_61' title="bbox 129 4162 1715 4238; baseline 0.009 -30"><span class='ocrx_word' id='word_1_456' title='bbox 129 4170 318 4224; x_wconf 82' lang='lat' dir='ltr'><strong>capere</strong></span> <span class='ocrx_word' id='word_1_457' title='bbox 359 4171 462 4209; x_wconf 88' lang='lat' dir='ltr'><strong>non</strong></span> <span class='ocrx_word' id='word_1_458' title='bbox 503 4168 750 4226; x_wconf 86' lang='lat' dir='ltr'><strong>possunt,</strong></span> <span class='ocrx_word' id='word_1_459' title='bbox 776 4169 972 4230; x_wconf 89' lang='lat' dir='ltr'><strong>quanto</strong></span> <span class='ocrx_word' id='word_1_460' title='bbox 1012 4162 1178 4233; x_wconf 84' lang='lat' dir='ltr'><strong>magis</strong></span> <span class='ocrx_word' id='word_1_461' title='bbox 1205 4162 1316 4219; x_wconf 77' lang='lat' dir='ltr'><strong>[uec</strong></span> <span class='ocrx_word' id='word_1_462' title='bbox 1344 4165 1530 4220; x_wconf 84' lang='lat' dir='ltr'><strong>domus</strong></span> <span class='ocrx_word' id='word_1_463' title='bbox 1557 4183 1715 4238; x_wconf 89' lang='lat' dir='ltr'><strong>quam</strong></span> 
     </span>
    </p>
   </div>
   <div class='ocr_carea' id='block_1_62' title="bbox 129 4246 1713 4328">
    <p class='ocr_par' dir='ltr' id='par_1_62' title="bbox 129 4246 1713 4328">
     <span class='ocr_line' id='line_1_62' title="bbox 129 4246 1713 4328; baseline 0.009 -29"><span class='ocrx_word' id='word_1_464' title='bbox 129 4246 432 4315; x_wconf 66' lang='lat' dir='ltr'><strong>mdiﬁcavi.’</strong></span> <span class='ocrx_word' id='word_1_465' title='bbox 451 4246 571 4316; x_wconf 81' lang='grc'><strong>(111</strong></span> <span class='ocrx_word' id='word_1_466' title='bbox 595 4248 721 4319; x_wconf 82' lang='lat' dir='ltr'><strong>Reg.</strong></span> <span class='ocrx_word' id='word_1_467' title='bbox 745 4250 993 4319; x_wconf 73' lang='lat' dir='ltr'><strong>vm.27.)</strong></span> <span class='ocrx_word' id='word_1_468' title='bbox 1016 4252 1082 4308; x_wconf 89' lang='lat' dir='ltr'><strong>Et</strong></span> <span class='ocrx_word' id='word_1_469' title='bbox 1106 4253 1301 4310; x_wconf 86' lang='lat' dir='ltr'><strong>iterum</strong></span> <span class='ocrx_word' id='word_1_470' title='bbox 1328 4255 1394 4311; x_wconf 90' lang='lat' dir='ltr'><strong>de</strong></span> <span class='ocrx_word' id='word_1_471' title='bbox 1414 4254 1713 4328; x_wconf 84' lang='lat' dir='ltr'><strong>Sapientia,</strong></span> 
     </span>
    </p>
   </div>
   <div class='ocr_carea' id='block_1_63' title="bbox 126 4339 1713 4422">
    <p class='ocr_par' dir='ltr' id='par_1_63' title="bbox 126 4339 1713 4422">
     <span class='ocr_line' id='line_1_63' title="bbox 126 4339 1713 4422; baseline 0.01 -31"><span class='ocrx_word' id='word_1_472' title='bbox 126 4351 252 4407; x_wconf 68' lang='lat' dir='ltr'><strong>qua!</strong></span> <span class='ocrx_word' id='word_1_473' title='bbox 276 4339 419 4417; x_wconf 82' lang='lat' dir='ltr'><strong>Deus</strong></span> <span class='ocrx_word' id='word_1_474' title='bbox 438 4348 543 4405; x_wconf 87' lang='lat' dir='ltr'><strong>est,</strong></span> <span class='ocrx_word' id='word_1_475' title='bbox 573 4341 830 4397; x_wconf 89' lang='lat' dir='ltr'><strong>scribitur</strong></span> <span class='ocrx_word' id='word_1_476' title='bbox 867 4361 880 4397; x_wconf 89' lang='lat'><strong>:</strong></span> <span class='ocrx_word' id='word_1_477' title='bbox 910 4345 1127 4416; x_wconf 82' lang='lat' dir='ltr'><strong>Attingit</strong></span> <span class='ocrx_word' id='word_1_478' title='bbox 1155 4357 1327 4402; x_wconf 88' lang='lat' dir='ltr'><strong>autem</strong></span> <span class='ocrx_word' id='word_1_479' title='bbox 1356 4366 1387 4401; x_wconf 91' lang='lat' dir='ltr'><strong>a</strong></span> <span class='ocrx_word' id='word_1_480' title='bbox 1416 4348 1521 4418; x_wconf 81' lang='lat' dir='ltr'><strong>fine</strong></span> <span class='ocrx_word' id='word_1_481' title='bbox 1552 4366 1713 4422; x_wconf 82' lang='lat' dir='ltr'><strong>usque</strong></span> 
     </span>
    </p>
   </div>
   <div class='ocr_carea' id='block_1_64' title="bbox 125 4413 1706 4513">
    <p class='ocr_par' dir='ltr' id='par_1_64' title="bbox 125 4413 1706 4513">
     <span class='ocr_line' id='line_1_64' title="bbox 125 4413 1706 4513; baseline 0.01 -32"><span class='ocrx_word' id='word_1_482' title='bbox 125 4426 200 4481; x_wconf 78' lang='lat' dir='ltr'><strong>ad</strong></span> <span class='ocrx_word' id='word_1_483' title='bbox 240 4413 402 4497; x_wconf 76' lang='lat' dir='ltr'><strong>ﬁnem</strong></span> <span class='ocrx_word' id='word_1_484' title='bbox 439 4429 667 4499; x_wconf 80' lang='lat' dir='ltr'><strong>fortiter,</strong></span> <span class='ocrx_word' id='word_1_485' title='bbox 703 4443 751 4487; x_wconf 88' lang='lat' dir='ltr'><strong>et</strong></span> <span class='ocrx_word' id='word_1_486' title='bbox 787 4434 1012 4504; x_wconf 84' lang='lat' dir='ltr'><strong>disponit</strong></span> <span class='ocrx_word' id='word_1_487' title='bbox 1057 4413 1235 4491; x_wconf 79' lang='lat' dir='ltr'><strong>omnia</strong></span> <span class='ocrx_word' id='word_1_488' title='bbox 1284 4413 1511 4493; x_wconf 83' lang='lat' dir='ltr'><strong>suaviter</strong></span> <span class='ocrx_word' id='word_1_489' title='bbox 1557 4413 1706 4513; x_wconf 73' lang='lat' dir='ltr'><strong>(sap.</strong></span> 
     </span>
    </p>
   </div>
   <div class='ocr_carea' id='block_1_65' title="bbox 1832 1980 3412 2072">
    <p class='ocr_par' dir='ltr' id='par_1_65' title="bbox 1832 1980 3412 2072">
     <span class='ocr_line' id='line_1_65' title="bbox 1832 1980 3412 2072; baseline 0.024 -50"><span class='ocrx_word' id='word_1_490' title='bbox 1832 1986 2023 2072; x_wconf 63' lang='lat' dir='ltr'><strong>porum</strong></span> <span class='ocrx_word' id='word_1_491' title='bbox 2065 1980 2336 2036; x_wconf 89' lang='lat' dir='ltr'><strong>successio</strong></span> <span class='ocrx_word' id='word_1_492' title='bbox 2380 1985 2685 2042; x_wconf 90' lang='lat' dir='ltr'><strong>ascribatur</strong></span> <span class='ocrx_word' id='word_1_493' title='bbox 2728 1991 2800 2045; x_wconf 85' lang='lat' dir='ltr'><strong>ita</strong></span> <span class='ocrx_word' id='word_1_494' title='bbox 2824 1993 2968 2065; x_wconf 85' lang='lat' dir='ltr'><strong>.dicit</strong></span> <span class='ocrx_word' id='word_1_495' title='bbox 3009 1997 3120 2065; x_wconf 84' lang='lat' dir='ltr'><strong>(lib.</strong></span> <span class='ocrx_word' id='word_1_496' title='bbox 3155 2015 3209 2065; x_wconf 80' lang='grc' dir='ltr'><strong>ι,</strong></span> <span class='ocrx_word' id='word_1_497' title='bbox 3235 2020 3281 2058; x_wconf 86' lang='lat' dir='ltr'><strong>c.</strong></span> <span class='ocrx_word' id='word_1_498' title='bbox 3312 2002 3412 2072; x_wconf 87' lang='lat'><strong>8):</strong></span> 
     </span>
    </p>
   </div>
   <div class='ocr_carea' id='block_1_66' title="bbox 1839 2062 3411 2155">
    <p class='ocr_par' dir='ltr' id='par_1_66' title="bbox 1839 2062 3411 2155">
     <span class='ocr_line' id='line_1_66' title="bbox 1839 2062 3411 2155; baseline 0.021 -37"><span class='ocrx_word' id='word_1_499' title='bbox 1839 2081 1865 2155; x_wconf 54' lang='grc' dir='ltr'><strong>ξ</strong></span> <span class='ocrx_word' id='word_1_500' title='bbox 1898 2062 2087 2121; x_wconf 92' lang='lat' dir='ltr'><strong>Omnia</strong></span> <span class='ocrx_word' id='word_1_501' title='bbox 2118 2076 2358 2141; x_wconf 89' lang='lat' dir='ltr'><strong>tempora</strong></span> <span class='ocrx_word' id='word_1_502' title='bbox 2389 2076 2643 2145; x_wconf 57' lang='lat' dir='ltr'><strong>praecedit</strong></span> <span class='ocrx_word' id='word_1_503' title='bbox 2670 2080 2847 2138; x_wconf 89' lang='lat' dir='ltr'><strong>divina</strong></span> <span class='ocrx_word' id='word_1_504' title='bbox 2878 2062 3168 2155; x_wconf 73' lang='lat' dir='ltr'><strong>zeternitas.</strong></span> <span class='ocrx_word' id='word_1_505' title='bbox 3197 2062 3316 2148; x_wconf 22' lang='lat' dir='ltr'><strong>&#39;Ncc</strong></span> <span class='ocrx_word' id='word_1_506' title='bbox 3352 2062 3411 2150; x_wconf 85' lang='lat' dir='ltr'><strong>in</strong></span> 
     </span>
    </p>
   </div>
   <div class='ocr_carea' id='block_1_67' title="bbox 1832 2148 3411 2249">
    <p class='ocr_par' dir='ltr' id='par_1_67' title="bbox 1832 2148 3411 2249">
     <span class='ocr_line' id='line_1_67' title="bbox 1832 2148 3411 2249; baseline 0.019 -40"><span class='ocrx_word' id='word_1_507' title='bbox 1832 2148 1944 2249; x_wconf 75' lang='lat' dir='ltr'><strong>Deo</strong></span> <span class='ocrx_word' id='word_1_508' title='bbox 1973 2160 2329 2227; x_wconf 66' lang='lat' dir='ltr'><strong>praeteritum,</strong></span> <span class='ocrx_word' id='word_1_509' title='bbox 2375 2180 2647 2234; x_wconf 56' lang='lat' dir='ltr'><strong>praesens,</strong></span> <span class='ocrx_word' id='word_1_510' title='bbox 2690 2151 2997 2230; x_wconf 82' lang='lat' dir='ltr'><strong>futurumve</strong></span> <span class='ocrx_word' id='word_1_511' title='bbox 3042 2176 3244 2249; x_wconf 89' lang='lat' dir='ltr'><strong>aliquid</strong></span> <span class='ocrx_word' id='word_1_512' title='bbox 3288 2148 3411 2239; x_wconf 47' lang='lat' dir='ltr'><strong>ere:</strong></span> 
     </span>
    </p>
   </div>
   <div class='ocr_carea' id='block_1_68' title="bbox 1831 2242 3410 2344">
    <p class='ocr_par' dir='ltr' id='par_1_68' title="bbox 1831 2242 3410 2344">
     <span class='ocr_line' id='line_1_68' title="bbox 1831 2242 3410 2344; baseline 0.02 -46"><span class='ocrx_word' id='word_1_513' title='bbox 1831 2242 2015 2344; x_wconf 61' lang='lat' dir='ltr'><strong>ditur,_</strong></span> <span class='ocrx_word' id='word_1_514' title='bbox 2041 2248 2135 2303; x_wconf 89' lang='lat' dir='ltr'><strong>sed</strong></span> <span class='ocrx_word' id='word_1_515' title='bbox 2178 2251 2360 2308; x_wconf 88' lang='lat' dir='ltr'><strong>omnia</strong></span> <span class='ocrx_word' id='word_1_516' title='bbox 2412 2260 2700 2327; x_wconf 77' lang='lat' dir='ltr'><strong>prmsentia</strong></span> <span class='ocrx_word' id='word_1_517' title='bbox 2751 2264 2804 2317; x_wconf 90' lang='lat' dir='ltr'><strong>in</strong></span> <span class='ocrx_word' id='word_1_518' title='bbox 2852 2281 2917 2320; x_wconf 87' lang='lat' dir='ltr'><strong>eo</strong></span> <span class='ocrx_word' id='word_1_519' title='bbox 2966 2242 3410 2344; x_wconf 27' lang='lat' dir='ltr'><strong>dicuntur,lquia</strong></span> 
     </span>
    </p>
   </div>
   <div class='ocr_carea' id='block_1_69' title="bbox 1829 2334 3412 2428">
    <p class='ocr_par' dir='ltr' id='par_1_69' title="bbox 1829 2334 3412 2428">
     <span class='ocr_line' id='line_1_69' title="bbox 1829 2334 3412 2428; baseline 0.02 -40"><span class='ocrx_word' id='word_1_520' title='bbox 1829 2334 2131 2393; x_wconf 70' lang='lat' dir='ltr'><strong>saternitate</strong></span> <span class='ocrx_word' id='word_1_521' title='bbox 2159 2355 2255 2395; x_wconf 90' lang='lat' dir='ltr'><strong>sua</strong></span> <span class='ocrx_word' id='word_1_522' title='bbox 2290 2352 2485 2400; x_wconf 90' lang='lat' dir='ltr'><strong>cuncta</strong></span> <span class='ocrx_word' id='word_1_523' title='bbox 2507 2345 2898 2418; x_wconf 75' lang='lat' dir='ltr'><strong>complectitur.</strong></span> <span class='ocrx_word' id='word_1_524' title='bbox 2938 2353 3190 2428; x_wconf 79' lang='lat' dir='ltr'><strong>Alioquin</strong></span> <span class='ocrx_word' id='word_1_525' title='bbox 3228 2334 3412 2418; x_wconf 32' lang='lat' dir='ltr'><strong>mutas-</strong></span> 
     </span>
    </p>
   </div>
   <div class='ocr_carea' id='block_1_70' title="bbox 1828 2423 3408 2523">
    <p class='ocr_par' dir='ltr' id='par_1_70' title="bbox 1828 2423 3408 2523">
     <span class='ocr_line' id='line_1_70' title="bbox 1828 2423 3408 2523; baseline 0.02 -44"><span class='ocrx_word' id='word_1_526' title='bbox 1828 2423 1952 2482; x_wconf 90' lang='lat' dir='ltr'><strong>bilis</strong></span> <span class='ocrx_word' id='word_1_527' title='bbox 1977 2438 2062 2484; x_wconf 85' lang='lat' dir='ltr'><strong>est</strong></span> <span class='ocrx_word' id='word_1_528' title='bbox 2084 2429 2225 2487; x_wconf 88' lang='lat' dir='ltr'><strong>Deus</strong></span> <span class='ocrx_word' id='word_1_529' title='bbox 2251 2435 2569 2504; x_wconf 89' lang='lat' dir='ltr'><strong>credendus,</strong></span> <span class='ocrx_word' id='word_1_530' title='bbox 2594 2441 2637 2495; x_wconf 92' lang='lat' dir='ltr'><strong>si</strong></span> <span class='ocrx_word' id='word_1_531' title='bbox 2654 2439 2701 2497; x_wconf 87' lang='lat' dir='ltr'><strong>ei</strong></span> <span class='ocrx_word' id='word_1_532' title='bbox 2716 2423 3092 2504; x_wconf 80' lang='lat' dir='ltr'><strong>successiones</strong></span> <span class='ocrx_word' id='word_1_533' title='bbox 3105 2457 3408 2523; x_wconf 88' lang='lat' dir='ltr'><strong>temporum</strong></span> 
     </span>
    </p>
   </div>
   <div class='ocr_carea' id='block_1_71' title="bbox 1829 2519 3410 2603">
    <p class='ocr_par' dir='ltr' id='par_1_71' title="bbox 1829 2519 3410 2603">
     <span class='ocr_line' id='line_1_71' title="bbox 1829 2519 3410 2603; baseline 0.02 -31"><span class='ocrx_word' id='word_1_534' title='bbox 1829 2519 2195 2576; x_wconf 89' lang='lat' dir='ltr'><strong>ascribuntur.</strong></span> <span class='ocrx_word' id='word_1_535' title='bbox 2229 2521 2287 2579; x_wconf 88' lang='lat' dir='ltr'><strong>Si</strong></span> <span class='ocrx_word' id='word_1_536' title='bbox 2322 2541 2537 2598; x_wconf 88' lang='lat' dir='ltr'><strong>semper</strong></span> <span class='ocrx_word' id='word_1_537' title='bbox 2571 2531 2747 2603; x_wconf 89' lang='lat' dir='ltr'><strong>aliqua</strong></span> <span class='ocrx_word' id='word_1_538' title='bbox 2775 2546 2955 2593; x_wconf 88' lang='lat' dir='ltr'><strong>essent</strong></span> <span class='ocrx_word' id='word_1_539' title='bbox 2982 2555 3104 2597; x_wconf 87' lang='lat' dir='ltr'><strong>eum</strong></span> <span class='ocrx_word' id='word_1_540' title='bbox 3133 2519 3244 2601; x_wconf 81' lang='lat' dir='ltr'><strong>Deo</strong></span> <span class='ocrx_word' id='word_1_541' title='bbox 3272 2554 3410 2602; x_wconf 61' lang='lat' dir='ltr'><strong>temo</strong></span> 
     </span>
    </p>
   </div>
   <div class='ocr_carea' id='block_1_72' title="bbox 1829 2624 3408 2703">
    <p class='ocr_par' dir='ltr' id='par_1_72' title="bbox 1829 2624 3408 2703">
     <span class='ocr_line' id='line_1_72' title="bbox 1829 2624 3408 2703; baseline 0.02 -40"><span class='ocrx_word' id='word_1_542' title='bbox 1829 2625 1999 2680; x_wconf 90' lang='lat' dir='ltr'><strong>pora,</strong></span> <span class='ocrx_word' id='word_1_543' title='bbox 2030 2627 2137 2668; x_wconf 92' lang='lat' dir='ltr'><strong>non</strong></span> <span class='ocrx_word' id='word_1_544' title='bbox 2179 2624 2321 2671; x_wconf 87' lang='lat' dir='ltr'><strong>esset</strong></span> <span class='ocrx_word' id='word_1_545' title='bbox 2364 2626 2596 2690; x_wconf 90' lang='lat' dir='ltr'><strong>tempus,</strong></span> <span class='ocrx_word' id='word_1_546' title='bbox 2636 2625 2729 2680; x_wconf 85' lang='lat' dir='ltr'><strong>sed</strong></span> <span class='ocrx_word' id='word_1_547' title='bbox 2770 2636 2915 2684; x_wconf 86' lang='lat' dir='ltr'><strong>esset</strong></span> <span class='ocrx_word' id='word_1_548' title='bbox 2952 2634 3260 2703; x_wconf 64' lang='lat' dir='ltr'><strong>aeternitas,</strong></span> <span class='ocrx_word' id='word_1_549' title='bbox 3306 2653 3408 2695; x_wconf 78' lang='lat' dir='ltr'><strong>nec</strong></span> 
     </span>
    </p>
   </div>
   <div class='ocr_carea' id='block_1_73' title="bbox 1830 2713 2991 2784">
    <p class='ocr_par' dir='ltr' id='par_1_73' title="bbox 1830 2713 2991 2784">
     <span class='ocr_line' id='line_1_73' title="bbox 1830 2713 2991 2784; baseline 0.017 -24"><span class='ocrx_word' id='word_1_550' title='bbox 1830 2713 2167 2764; x_wconf 89' lang='lat' dir='ltr'><strong>mutarentur</strong></span> <span class='ocrx_word' id='word_1_551' title='bbox 2197 2718 2457 2784; x_wconf 88' lang='lat' dir='ltr'><strong>tempora,</strong></span> <span class='ocrx_word' id='word_1_552' title='bbox 2488 2719 2582 2772; x_wconf 89' lang='lat' dir='ltr'><strong>sed</strong></span> <span class='ocrx_word' id='word_1_553' title='bbox 2606 2728 2832 2777; x_wconf 60' lang='lat' dir='ltr'><strong>starent.</strong></span> <span class='ocrx_word' id='word_1_554' title='bbox 2865 2742 2884 2777; x_wconf 75' lang='grc' dir='ltr'><strong><em>ι</em></strong></span> <span class='ocrx_word' id='word_1_555' title='bbox 2984 2716 2991 2720; x_wconf 73' lang='grc'><em>’</em></span> 
     </span>
    </p>
   </div>
   <div class='ocr_carea' id='block_1_74' title="bbox 2423 2849 2808 2911">
    <p class='ocr_par' dir='ltr' id='par_1_74' title="bbox 2423 2849 2808 2911">
     <span class='ocr_line' id='line_1_74' title="bbox 2423 2849 2808 2911; baseline 0.018 -7"><span class='ocrx_word' id='word_1_556' title='bbox 2423 2849 2650 2909; x_wconf 80' lang='lat' dir='ltr'><strong>CAPUT</strong></span> <span class='ocrx_word' id='word_1_557' title='bbox 2700 2853 2808 2911; x_wconf 79' lang='lat' dir='ltr'><strong>VII.</strong></span> 
     </span>
    </p>
   </div>
   <div class='ocr_carea' id='block_1_75' title="bbox 2064 2959 3166 3043">
    <p class='ocr_par' dir='ltr' id='par_1_75' title="bbox 2064 2959 3166 3043">
     <span class='ocr_line' id='line_1_75' title="bbox 2064 2959 3166 3043; baseline 0.016 -29"><span class='ocrx_word' id='word_1_558' title='bbox 2064 2959 2251 3017; x_wconf 82' lang='lat' dir='ltr'><strong>Utrum</strong></span> <span class='ocrx_word' id='word_1_559' title='bbox 2277 2963 2453 3019; x_wconf 88' lang='lat' dir='ltr'><strong>anima</strong></span> <span class='ocrx_word' id='word_1_560' title='bbox 2478 2964 2593 3021; x_wconf 85' lang='lat' dir='ltr'><strong>sola</strong></span> <span class='ocrx_word' id='word_1_561' title='bbox 2624 2976 2852 3043; x_wconf 81' lang='lat' dir='ltr'><strong>tempore</strong></span> <span class='ocrx_word' id='word_1_562' title='bbox 2880 2984 3166 3033; x_wconf 84' lang='lat' dir='ltr'><strong>moveatur.</strong></span> 
     </span>
    </p>
   </div>
   <div class='ocr_carea' id='block_1_76' title="bbox 1898 3067 3402 3161">
    <p class='ocr_par' dir='ltr' id='par_1_76' title="bbox 1898 3067 3402 3161">
     <span class='ocr_line' id='line_1_76' title="bbox 1898 3067 3402 3161; baseline 0.017 -36"><span class='ocrx_word' id='word_1_563' title='bbox 1898 3067 2195 3143; x_wconf 89' lang='lat' dir='ltr'><strong>Septimum</strong></span> <span class='ocrx_word' id='word_1_564' title='bbox 2242 3075 2293 3130; x_wconf 92' lang='lat' dir='ltr'><strong>in</strong></span> <span class='ocrx_word' id='word_1_565' title='bbox 2342 3076 2532 3133; x_wconf 88' lang='lat' dir='ltr'><strong>ordine</strong></span> <span class='ocrx_word' id='word_1_566' title='bbox 2581 3080 2938 3150; x_wconf 88' lang='lat' dir='ltr'><strong>capitulorum</strong></span> <span class='ocrx_word' id='word_1_567' title='bbox 2990 3085 3165 3145; x_wconf 90' lang='lat' dir='ltr'><strong>locum</strong></span> <span class='ocrx_word' id='word_1_568' title='bbox 3220 3101 3402 3161; x_wconf 86' lang='lat' dir='ltr'><strong>tenet,</strong></span> 
     </span>
    </p>
   </div>
   <div class='ocr_carea' id='block_1_77' title="bbox 1827 3161 3402 3252">
    <p class='ocr_par' dir='ltr' id='par_1_77' title="bbox 1827 3161 3402 3252">
     <span class='ocr_line' id='line_1_77' title="bbox 1827 3161 3402 3252; baseline 0.013 -32"><span class='ocrx_word' id='word_1_569' title='bbox 1827 3161 2019 3220; x_wconf 88' lang='lat' dir='ltr'><strong>Utrum</strong></span> <span class='ocrx_word' id='word_1_570' title='bbox 2068 3165 2246 3221; x_wconf 91' lang='lat' dir='ltr'><strong>anima</strong></span> <span class='ocrx_word' id='word_1_571' title='bbox 2294 3166 2407 3222; x_wconf 87' lang='lat' dir='ltr'><strong>sola</strong></span> <span class='ocrx_word' id='word_1_572' title='bbox 2458 3176 2700 3240; x_wconf 88' lang='lat' dir='ltr'><strong>tempore</strong></span> <span class='ocrx_word' id='word_1_573' title='bbox 2748 3184 3043 3232; x_wconf 87' lang='lat' dir='ltr'><strong>moveatur.</strong></span> <span class='ocrx_word' id='word_1_574' title='bbox 3086 3178 3162 3236; x_wconf 90' lang='lat' dir='ltr'><strong>De</strong></span> <span class='ocrx_word' id='word_1_575' title='bbox 3191 3196 3294 3252; x_wconf 90' lang='lat' dir='ltr'><strong>qua</strong></span> <span class='ocrx_word' id='word_1_576' title='bbox 3346 3184 3402 3241; x_wconf 89' lang='lat' dir='ltr'><strong>in</strong></span> 
     </span>
    </p>
   </div>
   <div class='ocr_carea' id='block_1_78' title="bbox 1824 3253 3401 3339">
    <p class='ocr_par' dir='ltr' id='par_1_78' title="bbox 1824 3253 3401 3339">
     <span class='ocr_line' id='line_1_78' title="bbox 1824 3253 3401 3339; baseline 0.013 -29"><span class='ocrx_word' id='word_1_577' title='bbox 1824 3253 2089 3326; x_wconf 89' lang='lat' dir='ltr'><strong>superiori</strong></span> <span class='ocrx_word' id='word_1_578' title='bbox 2113 3256 2348 3326; x_wconf 88' lang='lat' dir='ltr'><strong>capitulo</strong></span> <span class='ocrx_word' id='word_1_579' title='bbox 2370 3257 2571 3314; x_wconf 90' lang='lat' dir='ltr'><strong>dictum</strong></span> <span class='ocrx_word' id='word_1_580' title='bbox 2611 3262 2938 3321; x_wconf 91' lang='lat' dir='ltr'><strong>continetur.</strong></span> <span class='ocrx_word' id='word_1_581' title='bbox 2980 3265 3272 3339; x_wconf 87' lang='lat' dir='ltr'><strong>Stupemus</strong></span> <span class='ocrx_word' id='word_1_582' title='bbox 3302 3289 3401 3330; x_wconf 82' lang='lat' dir='ltr'><strong>au-</strong></span> 
     </span>
    </p>
   </div>
   <div class='ocr_carea' id='block_1_79' title="bbox 1824 3345 3404 3432">
    <p class='ocr_par' dir='ltr' id='par_1_79' title="bbox 1824 3345 3404 3432">
     <span class='ocr_line' id='line_1_79' title="bbox 1824 3345 3404 3432; baseline 0.013 -32"><span class='ocrx_word' id='word_1_583' title='bbox 1824 3354 1957 3411; x_wconf 92' lang='lat' dir='ltr'><strong>tem,</strong></span> <span class='ocrx_word' id='word_1_584' title='bbox 1984 3360 2095 3401; x_wconf 82' lang='lat' dir='ltr'><strong>cur</strong></span> <span class='ocrx_word' id='word_1_585' title='bbox 2123 3345 2406 3416; x_wconf 77' lang='lat' dir='ltr'><strong>quzcsitum</strong></span> <span class='ocrx_word' id='word_1_586' title='bbox 2454 3347 2544 3414; x_wconf 88' lang='lat' dir='ltr'><strong>sit,</strong></span> <span class='ocrx_word' id='word_1_587' title='bbox 2574 3357 2753 3404; x_wconf 90' lang='lat' dir='ltr'><strong>utrum</strong></span> <span class='ocrx_word' id='word_1_588' title='bbox 2800 3352 2979 3410; x_wconf 92' lang='lat' dir='ltr'><strong>anlma</strong></span> <span class='ocrx_word' id='word_1_589' title='bbox 3016 3356 3127 3414; x_wconf 90' lang='lat' dir='ltr'><strong>sola</strong></span> <span class='ocrx_word' id='word_1_590' title='bbox 3160 3368 3404 3432; x_wconf 89' lang='lat' dir='ltr'><strong>tempore</strong></span> 
     </span>
    </p>
   </div>
   <div class='ocr_carea' id='block_1_80' title="bbox 1822 3439 3403 3529">
    <p class='ocr_par' dir='ltr' id='par_1_80' title="bbox 1822 3439 3403 3529">
     <span class='ocr_line' id='line_1_80' title="bbox 1822 3439 3403 3529; baseline 0.013 -38"><span class='ocrx_word' id='word_1_591' title='bbox 1822 3446 2122 3504; x_wconf 87' lang='lat' dir='ltr'><strong>moveatur,</strong></span> <span class='ocrx_word' id='word_1_592' title='bbox 2154 3452 2275 3493; x_wconf 89' lang='lat' dir='ltr'><strong>cum</strong></span> <span class='ocrx_word' id='word_1_593' title='bbox 2324 3439 2503 3495; x_wconf 87' lang='lat' dir='ltr'><strong>omnia</strong></span> <span class='ocrx_word' id='word_1_594' title='bbox 2534 3453 2655 3510; x_wconf 63' lang='lat' dir='ltr'><strong>quae</strong></span> <span class='ocrx_word' id='word_1_595' title='bbox 2693 3443 2882 3499; x_wconf 91' lang='lat' dir='ltr'><strong>vivunt</strong></span> <span class='ocrx_word' id='word_1_596' title='bbox 2909 3447 3124 3529; x_wconf 77' lang='lat' dir='ltr'><strong>quidem</strong></span> <span class='ocrx_word' id='word_1_597' title='bbox 3157 3466 3318 3510; x_wconf 90' lang='lat' dir='ltr'><strong>succo</strong></span> <span class='ocrx_word' id='word_1_598' title='bbox 3346 3464 3403 3511; x_wconf 85' lang='lat' dir='ltr'><strong>et</strong></span> 
     </span>
    </p>
   </div>
   <div class='ocr_carea' id='block_1_81' title="bbox 1822 3529 3402 3608">
    <p class='ocr_par' dir='ltr' id='par_1_81' title="bbox 1822 3529 3402 3608">
     <span class='ocr_line' id='line_1_81' title="bbox 1822 3529 3402 3608; baseline 0.012 -23"><span class='ocrx_word' id='word_1_599' title='bbox 1822 3529 2117 3595; x_wconf 82' lang='lat' dir='ltr'><strong>viriditate,</strong></span> <span class='ocrx_word' id='word_1_600' title='bbox 2161 3531 2255 3586; x_wconf 88' lang='lat' dir='ltr'><strong>sed</strong></span> <span class='ocrx_word' id='word_1_601' title='bbox 2296 3541 2350 3588; x_wconf 91' lang='lat' dir='ltr'><strong>et</strong></span> <span class='ocrx_word' id='word_1_602' title='bbox 2378 3547 2441 3586; x_wconf 90' lang='lat' dir='ltr'><strong>ea</strong></span> <span class='ocrx_word' id='word_1_603' title='bbox 2487 3549 2607 3603; x_wconf 63' lang='lat' dir='ltr'><strong>qua:</strong></span> <span class='ocrx_word' id='word_1_604' title='bbox 2651 3535 2838 3590; x_wconf 86' lang='lat' dir='ltr'><strong>vivunt</strong></span> <span class='ocrx_word' id='word_1_605' title='bbox 2865 3539 3082 3608; x_wconf 83' lang='lat' dir='ltr'><strong>quidem</strong></span> <span class='ocrx_word' id='word_1_606' title='bbox 3128 3543 3304 3602; x_wconf 86' lang='lat' dir='ltr'><strong>anima</strong></span> <span class='ocrx_word' id='word_1_607' title='bbox 3332 3546 3402 3604; x_wconf 84' lang='lat' dir='ltr'><strong>et</strong></span> 
     </span>
    </p>
   </div>
   <div class='ocr_carea' id='block_1_82' title="bbox 1820 3621 3398 3708">
    <p class='ocr_par' dir='ltr' id='par_1_82' title="bbox 1820 3621 3398 3708">
     <span class='ocr_line' id='line_1_82' title="bbox 1820 3621 3398 3708; baseline 0.011 -31"><span class='ocrx_word' id='word_1_608' title='bbox 1820 3629 2004 3677; x_wconf 88' lang='lat' dir='ltr'><strong>carent</strong></span> <span class='ocrx_word' id='word_1_609' title='bbox 2060 3621 2303 3689; x_wconf 89' lang='lat' dir='ltr'><strong>ratione,</strong></span> <span class='ocrx_word' id='word_1_610' title='bbox 2353 3624 2592 3695; x_wconf 86' lang='lat' dir='ltr'><strong>subjecta</strong></span> <span class='ocrx_word' id='word_1_611' title='bbox 2640 3627 2746 3681; x_wconf 89' lang='lat' dir='ltr'><strong>sint</strong></span> <span class='ocrx_word' id='word_1_612' title='bbox 2806 3631 2972 3686; x_wconf 89' lang='lat' dir='ltr'><strong>motui</strong></span> <span class='ocrx_word' id='word_1_613' title='bbox 3016 3647 3116 3703; x_wconf 87' lang='lat' dir='ltr'><strong>per</strong></span> <span class='ocrx_word' id='word_1_614' title='bbox 3165 3644 3398 3708; x_wconf 86' lang='lat' dir='ltr'><strong>tempus.</strong></span> 
     </span>
    </p>
   </div>
   <div class='ocr_carea' id='block_1_83' title="bbox 1820 3712 3399 3796">
    <p class='ocr_par' dir='ltr' id='par_1_83' title="bbox 1820 3712 3399 3796">
     <span class='ocr_line' id='line_1_83' title="bbox 1820 3712 3399 3796; baseline 0.009 -27"><span class='ocrx_word' id='word_1_615' title='bbox 1820 3712 2044 3769; x_wconf 83' lang='lat' dir='ltr'><strong>Frustra</strong></span> <span class='ocrx_word' id='word_1_616' title='bbox 2074 3713 2238 3784; x_wconf 78' lang='lat' dir='ltr'><strong>igitur</strong></span> <span class='ocrx_word' id='word_1_617' title='bbox 2281 3715 2347 3769; x_wconf 90' lang='lat' dir='ltr'><strong>de</strong></span> <span class='ocrx_word' id='word_1_618' title='bbox 2391 3713 2569 3771; x_wconf 86' lang='lat' dir='ltr'><strong>anima</strong></span> <span class='ocrx_word' id='word_1_619' title='bbox 2613 3717 2724 3772; x_wconf 89' lang='lat' dir='ltr'><strong>sola</strong></span> <span class='ocrx_word' id='word_1_620' title='bbox 2768 3727 2948 3776; x_wconf 90' lang='lat' dir='ltr'><strong>utrum</strong></span> <span class='ocrx_word' id='word_1_621' title='bbox 2994 3730 3236 3796; x_wconf 88' lang='lat' dir='ltr'><strong>tempore</strong></span> <span class='ocrx_word' id='word_1_622' title='bbox 3283 3744 3399 3784; x_wconf 89' lang='lat' dir='ltr'><strong>mo-</strong></span> 
     </span>
    </p>
   </div>
   <div class='ocr_carea' id='block_1_84' title="bbox 1818 3803 3400 3881">
    <p class='ocr_par' dir='ltr' id='par_1_84' title="bbox 1818 3803 3400 3881">
     <span class='ocr_line' id='line_1_84' title="bbox 1818 3803 3400 3881; baseline 0.011 -24"><span class='ocrx_word' id='word_1_623' title='bbox 1818 3811 2010 3859; x_wconf 90' lang='lat' dir='ltr'><strong>veatur</strong></span> <span class='ocrx_word' id='word_1_624' title='bbox 2052 3803 2366 3874; x_wconf 88' lang='lat' dir='ltr'><strong>requiritur,</strong></span> <span class='ocrx_word' id='word_1_625' title='bbox 2409 3804 2551 3874; x_wconf 88' lang='lat' dir='ltr'><strong>quod</strong></span> <span class='ocrx_word' id='word_1_626' title='bbox 2580 3806 2628 3862; x_wconf 90' lang='lat' dir='ltr'><strong>ei</strong></span> <span class='ocrx_word' id='word_1_627' title='bbox 2676 3822 2797 3864; x_wconf 90' lang='lat' dir='ltr'><strong>cum</strong></span> <span class='ocrx_word' id='word_1_628' title='bbox 2844 3809 3087 3881; x_wconf 85' lang='lat' dir='ltr'><strong>pluribus</strong></span> <span class='ocrx_word' id='word_1_629' title='bbox 3132 3819 3400 3875; x_wconf 81' lang='lat' dir='ltr'><strong>creaturis</strong></span> 
     </span>
    </p>
   </div>
   <div class='ocr_carea' id='block_1_85' title="bbox 1818 3896 3398 3979">
    <p class='ocr_par' dir='ltr' id='par_1_85' title="bbox 1818 3896 3398 3979">
     <span class='ocr_line' id='line_1_85' title="bbox 1818 3896 3398 3979; baseline 0.008 -27"><span class='ocrx_word' id='word_1_630' title='bbox 1818 3910 2104 3952; x_wconf 89' lang='lat' dir='ltr'><strong>commune</strong></span> <span class='ocrx_word' id='word_1_631' title='bbox 2122 3910 2241 3950; x_wconf 86' lang='lat' dir='ltr'><strong>esse</strong></span> <span class='ocrx_word' id='word_1_632' title='bbox 2265 3896 2541 3965; x_wconf 88' lang='lat' dir='ltr'><strong>probatur.</strong></span> <span class='ocrx_word' id='word_1_633' title='bbox 2576 3898 2628 3952; x_wconf 91' lang='lat' dir='ltr'><strong>In</strong></span> <span class='ocrx_word' id='word_1_634' title='bbox 2651 3900 2755 3956; x_wconf 89' lang='lat' dir='ltr'><strong>hoc</strong></span> <span class='ocrx_word' id='word_1_635' title='bbox 2779 3909 2983 3957; x_wconf 84' lang='lat' dir='ltr'><strong>tantum</strong></span> <span class='ocrx_word' id='word_1_636' title='bbox 3008 3905 3235 3972; x_wconf 86' lang='lat' dir='ltr'><strong>distans,</strong></span> <span class='ocrx_word' id='word_1_637' title='bbox 3251 3910 3398 3979; x_wconf 90' lang='lat' dir='ltr'><strong>quod</strong></span> 
     </span>
    </p>
   </div>
   <div class='ocr_carea' id='block_1_86' title="bbox 1817 3986 3396 4066">
    <p class='ocr_par' dir='ltr' id='par_1_86' title="bbox 1817 3986 3396 4066">
     <span class='ocr_line' id='line_1_86' title="bbox 1817 3986 3396 4066; baseline 0.009 -25"><span class='ocrx_word' id='word_1_638' title='bbox 1817 4001 1880 4041; x_wconf 90' lang='lat' dir='ltr'><strong>ea</strong></span> <span class='ocrx_word' id='word_1_639' title='bbox 1927 3986 2256 4042; x_wconf 89' lang='lat' dir='ltr'><strong>mutabilitas</strong></span> <span class='ocrx_word' id='word_1_640' title='bbox 2294 3989 2575 4058; x_wconf 89' lang='lat' dir='ltr'><strong>temporis,</strong></span> <span class='ocrx_word' id='word_1_641' title='bbox 2605 4005 2725 4060; x_wconf 70' lang='lat' dir='ltr'><strong>qure</strong></span> <span class='ocrx_word' id='word_1_642' title='bbox 2767 3991 2889 4047; x_wconf 91' lang='lat' dir='ltr'><strong>aliis</strong></span> <span class='ocrx_word' id='word_1_643' title='bbox 2925 3995 3122 4051; x_wconf 88' lang='lat' dir='ltr'><strong>accidit</strong></span> <span class='ocrx_word' id='word_1_644' title='bbox 3147 3995 3396 4066; x_wconf 85' lang='lat' dir='ltr'><strong>plurimis</strong></span> 
     </span>
    </p>
   </div>
   <div class='ocr_carea' id='block_1_87' title="bbox 1818 4077 3395 4156">
    <p class='ocr_par' dir='ltr' id='par_1_87' title="bbox 1818 4077 3395 4156">
     <span class='ocr_line' id='line_1_87' title="bbox 1818 4077 3395 4156; baseline 0.006 -24"><span class='ocrx_word' id='word_1_645' title='bbox 1818 4077 2189 4141; x_wconf 89' lang='lat' dir='ltr'><strong>inerescendo,</strong></span> <span class='ocrx_word' id='word_1_646' title='bbox 2220 4078 2612 4143; x_wconf 88' lang='lat' dir='ltr'><strong>imminuendo,</strong></span> <span class='ocrx_word' id='word_1_647' title='bbox 2644 4080 3013 4150; x_wconf 86' lang='lat' dir='ltr'><strong>corporalibus</strong></span> <span class='ocrx_word' id='word_1_648' title='bbox 3055 4086 3241 4156; x_wconf 86' lang='lat' dir='ltr'><strong>utique</strong></span> <span class='ocrx_word' id='word_1_649' title='bbox 3279 4105 3395 4143; x_wconf 89' lang='lat' dir='ltr'><strong>mo-</strong></span> 
     </span>
    </p>
   </div>
   <div class='ocr_carea' id='block_1_88' title="bbox 1815 4167 3392 4242">
    <p class='ocr_par' dir='ltr' id='par_1_88' title="bbox 1815 4167 3392 4242">
     <span class='ocr_line' id='line_1_88' title="bbox 1815 4167 3392 4242; baseline 0.006 -19"><span class='ocrx_word' id='word_1_650' title='bbox 1815 4168 1917 4233; x_wconf 90' lang='lat' dir='ltr'><strong>dis,</strong></span> <span class='ocrx_word' id='word_1_651' title='bbox 1946 4167 2073 4224; x_wconf 89' lang='lat' dir='ltr'><strong>huic</strong></span> <span class='ocrx_word' id='word_1_652' title='bbox 2094 4168 2286 4224; x_wconf 90' lang='lat' dir='ltr'><strong>accidit</strong></span> <span class='ocrx_word' id='word_1_653' title='bbox 2308 4169 2642 4239; x_wconf 89' lang='lat' dir='ltr'><strong>spiritaliter,</strong></span> <span class='ocrx_word' id='word_1_654' title='bbox 2677 4171 2815 4226; x_wconf 90' lang='lat' dir='ltr'><strong>sicut</strong></span> <span class='ocrx_word' id='word_1_655' title='bbox 2845 4180 2926 4226; x_wconf 84' lang='lat' dir='ltr'><strong>est</strong></span> <span class='ocrx_word' id='word_1_656' title='bbox 2954 4187 3142 4242; x_wconf 86' lang='lat' dir='ltr'><strong>sapere</strong></span> <span class='ocrx_word' id='word_1_657' title='bbox 3167 4184 3223 4231; x_wconf 92' lang='lat' dir='ltr'><strong>et</strong></span> <span class='ocrx_word' id='word_1_658' title='bbox 3248 4177 3392 4232; x_wconf 89' lang='lat' dir='ltr'><strong>desi-</strong></span> 
     </span>
    </p>
   </div>
   <div class='ocr_carea' id='block_1_89' title="bbox 1813 4257 3415 4335">
    <p class='ocr_par' dir='ltr' id='par_1_89' title="bbox 1813 4257 3415 4335">
     <span class='ocr_line' id='line_1_89' title="bbox 1813 4257 3415 4335; baseline 0.005 -20"><span class='ocrx_word' id='word_1_659' title='bbox 1813 4273 1962 4329; x_wconf 87' lang='lat' dir='ltr'><strong>pere.</strong></span> <span class='ocrx_word' id='word_1_660' title='bbox 2008 4257 2069 4314; x_wconf 87' lang='lat' dir='ltr'><strong>In</strong></span> <span class='ocrx_word' id='word_1_661' title='bbox 2107 4258 2195 4314; x_wconf 91' lang='lat' dir='ltr'><strong>his</strong></span> <span class='ocrx_word' id='word_1_662' title='bbox 2238 4273 2470 4329; x_wconf 91' lang='lat' dir='ltr'><strong>namque</strong></span> <span class='ocrx_word' id='word_1_663' title='bbox 2518 4260 2647 4335; x_wconf 89' lang='lat' dir='ltr'><strong>solis</strong></span> <span class='ocrx_word' id='word_1_664' title='bbox 2692 4275 2936 4317; x_wconf 88' lang='lat' dir='ltr'><strong>crescere</strong></span> <span class='ocrx_word' id='word_1_665' title='bbox 2977 4272 3029 4318; x_wconf 90' lang='lat' dir='ltr'><strong>et</strong></span> <span class='ocrx_word' id='word_1_666' title='bbox 3080 4262 3415 4323; x_wconf 84' lang='lat' dir='ltr'><strong>decrescere.</strong></span> 
     </span>
    </p>
   </div>
   <div class='ocr_carea' id='block_1_90' title="bbox 1815 4347 3391 4425">
    <p class='ocr_par' dir='ltr' id='par_1_90' title="bbox 1815 4347 3391 4425">
     <span class='ocr_line' id='line_1_90' title="bbox 1815 4347 3391 4425; baseline 0.005 -21"><span class='ocrx_word' id='word_1_667' title='bbox 1815 4347 2014 4404; x_wconf 91' lang='lat' dir='ltr'><strong>dicitur</strong></span> <span class='ocrx_word' id='word_1_668' title='bbox 2038 4348 2240 4404; x_wconf 89' lang='lat' dir='ltr'><strong>anima.</strong></span> <span class='ocrx_word' id='word_1_669' title='bbox 2266 4348 2400 4404; x_wconf 88' lang='lat' dir='ltr'><strong>Nam</strong></span> <span class='ocrx_word' id='word_1_670' title='bbox 2430 4348 2796 4419; x_wconf 89' lang='lat' dir='ltr'><strong>temporaliter</strong></span> <span class='ocrx_word' id='word_1_671' title='bbox 2824 4361 3089 4419; x_wconf 86' lang='lat' dir='ltr'><strong>movetur,</strong></span> <span class='ocrx_word' id='word_1_672' title='bbox 3119 4355 3258 4411; x_wconf 90' lang='lat' dir='ltr'><strong>sicut</strong></span> <span class='ocrx_word' id='word_1_673' title='bbox 3277 4355 3391 4425; x_wconf 88' lang='lat' dir='ltr'><strong>jam</strong></span> 
     </span>
    </p>
   </div>
   <div class='ocr_carea' id='block_1_91' title="bbox 1812 4438 3386 4511">
    <p class='ocr_par' dir='ltr' id='par_1_91' title="bbox 1812 4438 3386 4511">
     <span class='ocr_line' id='line_1_91' title="bbox 1812 4438 3386 4511; baseline 0.004 -16"><span class='ocrx_word' id='word_1_674' title='bbox 1812 4438 2093 4511; x_wconf 75' lang='lat' dir='ltr'><strong>prtefatum</strong></span> <span class='ocrx_word' id='word_1_675' title='bbox 2119 4447 2222 4505; x_wconf 87' lang='lat' dir='ltr'><strong>est,</strong></span> <span class='ocrx_word' id='word_1_676' title='bbox 2255 4455 2376 4496; x_wconf 88' lang='lat' dir='ltr'><strong>eum</strong></span> <span class='ocrx_word' id='word_1_677' title='bbox 2406 4440 2473 4495; x_wconf 91' lang='lat' dir='ltr'><strong>de</strong></span> <span class='ocrx_word' id='word_1_678' title='bbox 2504 4440 2624 4497; x_wconf 91' lang='lat' dir='ltr'><strong>aliis</strong></span> <span class='ocrx_word' id='word_1_679' title='bbox 2661 4442 2727 4497; x_wconf 91' lang='lat' dir='ltr'><strong>ad</strong></span> <span class='ocrx_word' id='word_1_680' title='bbox 2755 4440 2857 4496; x_wconf 91' lang='lat' dir='ltr'><strong>alia</strong></span> <span class='ocrx_word' id='word_1_681' title='bbox 2899 4442 3244 4511; x_wconf 88' lang='lat' dir='ltr'><strong>transfertur,</strong></span> <span class='ocrx_word' id='word_1_682' title='bbox 3278 4461 3386 4502; x_wconf 91' lang='lat' dir='ltr'><strong>non</strong></span> 
     </span>
    </p>
   </div>
   <div class='ocr_carea' id='block_1_92' title="bbox 124 4516 3392 4611">
    <p class='ocr_par' dir='ltr' id='par_1_92' title="bbox 124 4516 3392 4611">
     <span class='ocr_line' id='line_1_92' title="bbox 124 4516 3392 4611; baseline 0.008 -41"><span class='ocrx_word' id='word_1_683' title='bbox 124 4530 251 4581; x_wconf 87' lang='lat' dir='ltr'><strong>vm,</strong></span> <span class='ocrx_word' id='word_1_684' title='bbox 291 4516 365 4589; x_wconf 79' lang='grc'><strong>1).</strong></span> <span class='ocrx_word' id='word_1_685' title='bbox 394 4517 452 4575; x_wconf 87' lang='lat' dir='ltr'><strong>Si</strong></span> <span class='ocrx_word' id='word_1_686' title='bbox 481 4535 612 4591; x_wconf 89' lang='lat' dir='ltr'><strong>ergo</strong></span> <span class='ocrx_word' id='word_1_687' title='bbox 639 4521 757 4592; x_wconf 91' lang='lat' dir='ltr'><strong>ejus</strong></span> <span class='ocrx_word' id='word_1_688' title='bbox 783 4522 865 4579; x_wconf 89' lang='lat' dir='ltr'><strong>vis</strong></span> <span class='ocrx_word' id='word_1_689' title='bbox 892 4526 1072 4580; x_wconf 89' lang='lat' dir='ltr'><strong>omnia</strong></span> <span class='ocrx_word' id='word_1_690' title='bbox 1106 4535 1370 4597; x_wconf 87' lang='lat' dir='ltr'><strong>penetrat,</strong></span> <span class='ocrx_word' id='word_1_691' title='bbox 1398 4538 1453 4585; x_wconf 90' lang='lat' dir='ltr'><strong>et</strong></span> <span class='ocrx_word' id='word_1_692' title='bbox 1481 4542 1707 4603; x_wconf 85' lang='lat' dir='ltr'><strong>angusta</strong></span> <span class='ocrx_word' id='word_1_693' title='bbox 1736 4551 1786 4611; x_wconf 83' lang='lat' dir='ltr'><strong>D</strong></span> <span class='ocrx_word' id='word_1_694' title='bbox 1811 4539 2087 4587; x_wconf 88' lang='lat' dir='ltr'><strong>cremento</strong></span> <span class='ocrx_word' id='word_1_695' title='bbox 2123 4539 2215 4585; x_wconf 90' lang='lat' dir='ltr'><strong>aut</strong></span> <span class='ocrx_word' id='word_1_696' title='bbox 2244 4531 2620 4597; x_wconf 85' lang='lat' dir='ltr'><strong>diminutione,</strong></span> <span class='ocrx_word' id='word_1_697' title='bbox 2657 4532 2800 4590; x_wconf 89' lang='lat' dir='ltr'><strong>sicut</strong></span> <span class='ocrx_word' id='word_1_698' title='bbox 2829 4548 2887 4591; x_wconf 87' lang='lat' dir='ltr'><strong>se</strong></span> <span class='ocrx_word' id='word_1_699' title='bbox 2915 4533 3116 4591; x_wconf 90' lang='lat' dir='ltr'><strong>habent</strong></span> <span class='ocrx_word' id='word_1_700' title='bbox 3144 4534 3392 4607; x_wconf 66' lang='lat' dir='ltr'><strong>plurima:</strong></span> 
     </span>
    </p>
   </div>
   <div class='ocr_carea' id='block_1_93' title="bbox 124 4606 1703 4691">
    <p class='ocr_par' dir='ltr' id='par_1_93' title="bbox 124 4606 1703 4691">
     <span class='ocr_line' id='line_1_93' title="bbox 124 4606 1703 4691; baseline 0.011 -29"><span class='ocrx_word' id='word_1_701' title='bbox 124 4615 214 4663; x_wconf 89' lang='lat' dir='ltr'><strong>est</strong></span> <span class='ocrx_word' id='word_1_702' title='bbox 238 4606 510 4667; x_wconf 87' lang='lat' dir='ltr'><strong>Creatoris</strong></span> <span class='ocrx_word' id='word_1_703' title='bbox 533 4613 884 4681; x_wconf 77' lang='lat' dir='ltr'><strong>magnitudini</strong></span> <span class='ocrx_word' id='word_1_704' title='bbox 913 4626 1157 4673; x_wconf 87' lang='lat' dir='ltr'><strong>creatura</strong></span> <span class='ocrx_word' id='word_1_705' title='bbox 1195 4634 1293 4690; x_wconf 92' lang='lat' dir='ltr'><strong>per</strong></span> <span class='ocrx_word' id='word_1_706' title='bbox 1316 4636 1438 4677; x_wconf 91' lang='lat' dir='ltr'><strong>eum</strong></span> <span class='ocrx_word' id='word_1_707' title='bbox 1466 4623 1703 4691; x_wconf 89' lang='lat' dir='ltr'><strong>condita,</strong></span> 
     </span>
    </p>
   </div>
   <div class='ocr_carea' id='block_1_94' title="bbox 124 4694 1707 4782">
    <p class='ocr_par' dir='ltr' id='par_1_94' title="bbox 124 4694 1707 4782">
     <span class='ocr_line' id='line_1_94' title="bbox 124 4694 1707 4782; baseline 0.011 -32"><span class='ocrx_word' id='word_1_708' title='bbox 124 4694 411 4755; x_wconf 85' lang='lat' dir='ltr'><strong>Psalmisla</strong></span> <span class='ocrx_word' id='word_1_709' title='bbox 445 4700 705 4758; x_wconf 88' lang='lat' dir='ltr'><strong>dicente:</strong></span> <span class='ocrx_word' id='word_1_710' title='bbox 738 4701 1122 4775; x_wconf 72' lang='lat' dir='ltr'><strong>Magnitudiait</strong></span> <span class='ocrx_word' id='word_1_711' title='bbox 1166 4708 1281 4779; x_wconf 87' lang='lat' dir='ltr'><strong>ejus</strong></span> <span class='ocrx_word' id='word_1_712' title='bbox 1325 4727 1427 4765; x_wconf 88' lang='lat' dir='ltr'><strong>non</strong></span> <span class='ocrx_word' id='word_1_713' title='bbox 1467 4722 1541 4767; x_wconf 89' lang='lat' dir='ltr'><strong>est</strong></span> <span class='ocrx_word' id='word_1_714' title='bbox 1581 4711 1707 4782; x_wconf 80' lang='lat' dir='ltr'><strong>ﬁnis</strong></span> 
     </span>
    </p>
   </div>
   <div class='ocr_carea' id='block_1_95' title="bbox 124 4784 1704 4871">
    <p class='ocr_par' dir='ltr' id='par_1_95' title="bbox 124 4784 1704 4871">
     <span class='ocr_line' id='line_1_95' title="bbox 124 4784 1704 4871; baseline 0.013 -33"><span class='ocrx_word' id='word_1_715' title='bbox 124 4784 303 4857; x_wconf 82' lang='lat' dir='ltr'><strong>(Psat.</strong></span> <span class='ocrx_word' id='word_1_716' title='bbox 331 4804 505 4854; x_wconf 78' lang='lat' dir='ltr'><strong>cxuv,</strong></span> <span class='ocrx_word' id='word_1_717' title='bbox 533 4791 613 4864; x_wconf 79' lang='lat'><strong>5),</strong></span> <span class='ocrx_word' id='word_1_718' title='bbox 641 4793 764 4864; x_wconf 91' lang='lat' dir='ltr'><strong>quis</strong></span> <span class='ocrx_word' id='word_1_719' title='bbox 803 4796 1029 4853; x_wconf 89' lang='lat' dir='ltr'><strong>credere</strong></span> <span class='ocrx_word' id='word_1_720' title='bbox 1056 4799 1225 4868; x_wconf 91' lang='lat' dir='ltr'><strong>possit</strong></span> <span class='ocrx_word' id='word_1_721' title='bbox 1253 4813 1374 4854; x_wconf 91' lang='lat' dir='ltr'><strong>eum</strong></span> <span class='ocrx_word' id='word_1_722' title='bbox 1405 4816 1504 4871; x_wconf 92' lang='lat' dir='ltr'><strong>per</strong></span> <span class='ocrx_word' id='word_1_723' title='bbox 1529 4801 1704 4859; x_wconf 89' lang='lat' dir='ltr'><strong>locum</strong></span> 
     </span>
    </p>
   </div>
   <div class='ocr_carea' id='block_1_96' title="bbox 123 4876 1704 4955">
    <p class='ocr_par' dir='ltr' id='par_1_96' title="bbox 123 4876 1704 4955">
     <span class='ocr_line' id='line_1_96' title="bbox 123 4876 1704 4955; baseline 0.014 -26"><span class='ocrx_word' id='word_1_724' title='bbox 123 4876 368 4941; x_wconf 88' lang='lat' dir='ltr'><strong>moveri,</strong></span> <span class='ocrx_word' id='word_1_725' title='bbox 415 4881 501 4936; x_wconf 92' lang='lat' dir='ltr'><strong>cui</strong></span> <span class='ocrx_word' id='word_1_726' title='bbox 556 4898 661 4938; x_wconf 93' lang='lat' dir='ltr'><strong>non</strong></span> <span class='ocrx_word' id='word_1_727' title='bbox 721 4893 869 4955; x_wconf 88' lang='lat' dir='ltr'><strong>patet</strong></span> <span class='ocrx_word' id='word_1_728' title='bbox 908 4887 1059 4944; x_wconf 91' lang='lat' dir='ltr'><strong>locus</strong></span> <span class='ocrx_word' id='word_1_729' title='bbox 1104 4889 1230 4944; x_wconf 89' lang='lat' dir='ltr'><strong>alibi</strong></span> <span class='ocrx_word' id='word_1_730' title='bbox 1281 4892 1600 4949; x_wconf 79' lang='lat' dir='ltr'><strong>secedendi?</strong></span> <span class='ocrx_word' id='word_1_731' title='bbox 1646 4895 1704 4951; x_wconf 91' lang='lat' dir='ltr'><strong>Si</strong></span> 
     </span>
    </p>
   </div>
   <div class='ocr_carea' id='block_1_97' title="bbox 119 4966 1701 5045">
    <p class='ocr_par' dir='ltr' id='par_1_97' title="bbox 119 4966 1701 5045">
     <span class='ocr_line' id='line_1_97' title="bbox 119 4966 1701 5045; baseline 0.012 -25"><span class='ocrx_word' id='word_1_732' title='bbox 119 4966 273 5021; x_wconf 87' lang='lat' dir='ltr'><strong>enim</strong></span> <span class='ocrx_word' id='word_1_733' title='bbox 320 4970 498 5025; x_wconf 89' lang='lat' dir='ltr'><strong>omnia</strong></span> <span class='ocrx_word' id='word_1_734' title='bbox 548 4970 752 5045; x_wconf 88' lang='lat' dir='ltr'><strong>implet,</strong></span> <span class='ocrx_word' id='word_1_735' title='bbox 783 4976 960 5032; x_wconf 91' lang='lat' dir='ltr'><strong>nullus</strong></span> <span class='ocrx_word' id='word_1_736' title='bbox 1001 4993 1203 5034; x_wconf 88' lang='lat' dir='ltr'><strong>vacuus</strong></span> <span class='ocrx_word' id='word_1_737' title='bbox 1241 4978 1392 5035; x_wconf 91' lang='lat' dir='ltr'><strong>locus</strong></span> <span class='ocrx_word' id='word_1_738' title='bbox 1436 4992 1701 5040; x_wconf 92' lang='lat' dir='ltr'><strong>remanet.</strong></span> 
     </span>
    </p>
   </div>
   <div class='ocr_carea' id='block_1_98' title="bbox 120 5056 1702 5140">
    <p class='ocr_par' dir='ltr' id='par_1_98' title="bbox 120 5056 1702 5140">
     <span class='ocr_line' id='line_1_98' title="bbox 120 5056 1702 5140; baseline 0.011 -27"><span class='ocrx_word' id='word_1_739' title='bbox 120 5056 282 5114; x_wconf 89' lang='lat' dir='ltr'><strong>Unde</strong></span> <span class='ocrx_word' id='word_1_740' title='bbox 327 5070 472 5131; x_wconf 89' lang='lat' dir='ltr'><strong>patet</strong></span> <span class='ocrx_word' id='word_1_741' title='bbox 512 5062 737 5135; x_wconf 88' lang='lat' dir='ltr'><strong>implere</strong></span> <span class='ocrx_word' id='word_1_742' title='bbox 785 5069 965 5123; x_wconf 90' lang='lat' dir='ltr'><strong>omnia</strong></span> <span class='ocrx_word' id='word_1_743' title='bbox 1010 5069 1101 5140; x_wconf 91' lang='lat' dir='ltr'><strong>qui</strong></span> <span class='ocrx_word' id='word_1_744' title='bbox 1143 5070 1383 5127; x_wconf 90' lang='lat' dir='ltr'><strong>condidit</strong></span> <span class='ocrx_word' id='word_1_745' title='bbox 1429 5074 1702 5130; x_wconf 87' lang='lat' dir='ltr'><strong>universa.</strong></span> 
     </span>
    </p>
   </div>
   <div class='ocr_carea' id='block_1_99' title="bbox 116 5148 1731 5223">
    <p class='ocr_par' dir='ltr' id='par_1_99' title="bbox 116 5148 1731 5223">
     <span class='ocr_line' id='line_1_99' title="bbox 116 5148 1731 5223; baseline 0.014 -21"><span class='ocrx_word' id='word_1_746' title='bbox 116 5150 457 5221; x_wconf 79' lang='lat' dir='ltr'><strong>Augustinus</strong></span> <span class='ocrx_word' id='word_1_747' title='bbox 501 5154 555 5209; x_wconf 91' lang='lat' dir='ltr'><strong>in</strong></span> <span class='ocrx_word' id='word_1_748' title='bbox 586 5155 724 5212; x_wconf 90' lang='lat' dir='ltr'><strong>libro</strong></span> <span class='ocrx_word' id='word_1_749' title='bbox 773 5159 840 5213; x_wconf 86' lang='lat' dir='ltr'><strong>de</strong></span> <span class='ocrx_word' id='word_1_750' title='bbox 881 5158 1076 5216; x_wconf 88' lang='lat' dir='ltr'><strong>Genesi</strong></span> <span class='ocrx_word' id='word_1_751' title='bbox 1119 5161 1188 5217; x_wconf 90' lang='lat' dir='ltr'><strong>ad</strong></span> <span class='ocrx_word' id='word_1_752' title='bbox 1230 5161 1467 5219; x_wconf 87' lang='lat' dir='ltr'><strong>litteram</strong></span> <span class='ocrx_word' id='word_1_753' title='bbox 1511 5148 1731 5223; x_wconf 44' lang='lat' dir='ltr'><strong>octavo-</strong></span> 
     </span>
    </p>
   </div>
   <div class='ocr_carea' id='block_1_100' title="bbox 118 5238 1701 5324">
    <p class='ocr_par' dir='ltr' id='par_1_100' title="bbox 118 5238 1701 5324">
     <span class='ocr_line' id='line_1_100' title="bbox 118 5238 1701 5324; baseline 0.013 -32"><span class='ocrx_word' id='word_1_754' title='bbox 118 5238 263 5309; x_wconf 87' lang='lat' dir='ltr'><strong>(cap.</strong></span> <span class='ocrx_word' id='word_1_755' title='bbox 297 5242 386 5313; x_wconf 77' lang='lat' dir='ltr'><strong>l9)</strong></span> <span class='ocrx_word' id='word_1_756' title='bbox 412 5260 425 5297; x_wconf 94' lang='lat'>:</span> <span class='ocrx_word' id='word_1_757' title='bbox 459 5263 478 5296; x_wconf 72' lang='grc' dir='ltr'><strong><em>ο</em></strong></span> <span class='ocrx_word' id='word_1_758' title='bbox 507 5244 744 5307; x_wconf 87' lang='lat' dir='ltr'><strong>Dicimus</strong></span> <span class='ocrx_word' id='word_1_759' title='bbox 768 5247 949 5318; x_wconf 89' lang='lat' dir='ltr'><strong>itaque</strong></span> <span class='ocrx_word' id='word_1_760' title='bbox 977 5250 1150 5321; x_wconf 88' lang='lat' dir='ltr'><strong>ipsum</strong></span> <span class='ocrx_word' id='word_1_761' title='bbox 1174 5267 1465 5320; x_wconf 91' lang='lat' dir='ltr'><strong>summum,</strong></span> <span class='ocrx_word' id='word_1_762' title='bbox 1490 5270 1701 5324; x_wconf 90' lang='lat' dir='ltr'><strong>verum,</strong></span> 
     </span>
    </p>
   </div>
   <div class='ocr_carea' id='block_1_101' title="bbox 117 5332 1700 5415">
    <p class='ocr_par' dir='ltr' id='par_1_101' title="bbox 117 5332 1700 5415">
     <span class='ocr_line' id='line_1_101' title="bbox 117 5332 1700 5415; baseline 0.012 -33"><span class='ocrx_word' id='word_1_763' title='bbox 117 5345 290 5383; x_wconf 91' lang='lat' dir='ltr'><strong>unum</strong></span> <span class='ocrx_word' id='word_1_764' title='bbox 320 5345 385 5387; x_wconf 89' lang='lat' dir='ltr'><strong>ac</strong></span> <span class='ocrx_word' id='word_1_765' title='bbox 408 5332 578 5390; x_wconf 88' lang='lat' dir='ltr'><strong>solum</strong></span> <span class='ocrx_word' id='word_1_766' title='bbox 602 5335 790 5403; x_wconf 89' lang='lat' dir='ltr'><strong>Deum,</strong></span> <span class='ocrx_word' id='word_1_767' title='bbox 822 5335 1037 5393; x_wconf 87' lang='lat' dir='ltr'><strong>Patrem</strong></span> <span class='ocrx_word' id='word_1_768' title='bbox 1058 5348 1113 5395; x_wconf 90' lang='lat' dir='ltr'><strong>et</strong></span> <span class='ocrx_word' id='word_1_769' title='bbox 1132 5338 1328 5397; x_wconf 83' lang='lat' dir='ltr'><strong>Filium</strong></span> <span class='ocrx_word' id='word_1_770' title='bbox 1356 5351 1412 5399; x_wconf 91' lang='lat' dir='ltr'><strong>et</strong></span> <span class='ocrx_word' id='word_1_771' title='bbox 1439 5344 1700 5415; x_wconf 90' lang='lat' dir='ltr'><strong>Spiritum</strong></span> 
     </span>
    </p>
   </div>
   <div class='ocr_carea' id='block_1_102' title="bbox 113 5425 1702 5509">
    <p class='ocr_par' dir='ltr' id='par_1_102' title="bbox 113 5425 1702 5509">
     <span class='ocr_line' id='line_1_102' title="bbox 113 5425 1702 5509; baseline 0.013 -35"><span class='ocrx_word' id='word_1_772' title='bbox 113 5430 388 5488; x_wconf 87' lang='lat' dir='ltr'><strong>sanctum,</strong></span> <span class='ocrx_word' id='word_1_773' title='bbox 420 5425 473 5482; x_wconf 90' lang='lat' dir='ltr'><strong>id</strong></span> <span class='ocrx_word' id='word_1_774' title='bbox 491 5434 574 5481; x_wconf 92' lang='lat' dir='ltr'><strong>est</strong></span> <span class='ocrx_word' id='word_1_775' title='bbox 599 5427 789 5496; x_wconf 87' lang='lat' dir='ltr'><strong>Deum,</strong></span> <span class='ocrx_word' id='word_1_776' title='bbox 815 5426 1158 5502; x_wconf 77' lang='lat' dir='ltr'><strong>Verbumque</strong></span> <span class='ocrx_word' id='word_1_777' title='bbox 1177 5431 1315 5503; x_wconf 89' lang='lat' dir='ltr'><strong>ejus,</strong></span> <span class='ocrx_word' id='word_1_778' title='bbox 1341 5443 1396 5491; x_wconf 92' lang='lat' dir='ltr'><strong>et</strong></span> <span class='ocrx_word' id='word_1_779' title='bbox 1419 5437 1702 5509; x_wconf 89' lang='lat' dir='ltr'><strong>utriusque</strong></span> 
     </span>
    </p>
   </div>
   <div class='ocr_carea' id='block_1_103' title="bbox 115 5510 1700 5600">
    <p class='ocr_par' dir='ltr' id='par_1_103' title="bbox 115 5510 1700 5600">
     <span class='ocr_line' id='line_1_103' title="bbox 115 5510 1700 5600; baseline 0.012 -34"><span class='ocrx_word' id='word_1_780' title='bbox 115 5510 405 5581; x_wconf 86' lang='lat' dir='ltr'><strong>Spiritum,</strong></span> <span class='ocrx_word' id='word_1_781' title='bbox 434 5514 752 5575; x_wconf 86' lang='lat' dir='ltr'><strong>Trinitatem</strong></span> <span class='ocrx_word' id='word_1_782' title='bbox 780 5520 970 5591; x_wconf 87' lang='lat' dir='ltr'><strong>ipsam,</strong></span> <span class='ocrx_word' id='word_1_783' title='bbox 999 5538 1176 5594; x_wconf 91' lang='lat' dir='ltr'><strong>neque</strong></span> <span class='ocrx_word' id='word_1_784' title='bbox 1200 5525 1497 5594; x_wconf 89' lang='lat' dir='ltr'><strong>confusam,</strong></span> <span class='ocrx_word' id='word_1_785' title='bbox 1527 5544 1700 5600; x_wconf 90' lang='lat' dir='ltr'><strong>neque</strong></span> 
     </span>
    </p>
   </div>
   <div class='ocr_carea' id='block_1_104' title="bbox 112 5610 1696 5688">
    <p class='ocr_par' dir='ltr' id='par_1_104' title="bbox 112 5610 1696 5688">
     <span class='ocr_line' id='line_1_104' title="bbox 112 5610 1696 5688; baseline 0.011 -29"><span class='ocrx_word' id='word_1_786' title='bbox 112 5617 446 5679; x_wconf 86' lang='lat' dir='ltr'><strong>separatam,</strong></span> <span class='ocrx_word' id='word_1_787' title='bbox 479 5610 646 5666; x_wconf 90' lang='lat' dir='ltr'><strong>Deum</strong></span> <span class='ocrx_word' id='word_1_788' title='bbox 672 5614 765 5684; x_wconf 93' lang='lat' dir='ltr'><strong>qui</strong></span> <span class='ocrx_word' id='word_1_789' title='bbox 813 5614 961 5671; x_wconf 90' lang='lat' dir='ltr'><strong>solus</strong></span> <span class='ocrx_word' id='word_1_790' title='bbox 1007 5616 1172 5673; x_wconf 88' lang='lat' dir='ltr'><strong>habet</strong></span> <span class='ocrx_word' id='word_1_791' title='bbox 1211 5617 1696 5688; x_wconf 87' lang='lat' dir='ltr'><strong>immortalitatem,</strong></span> 
     </span>
    </p>
   </div>
   <div class='ocr_carea' id='block_1_105' title="bbox 111 5696 1697 5778">
    <p class='ocr_par' dir='ltr' id='par_1_105' title="bbox 111 5696 1697 5778">
     <span class='ocr_line' id='line_1_105' title="bbox 111 5696 1697 5778; baseline 0.009 -25"><span class='ocrx_word' id='word_1_792' title='bbox 111 5706 169 5753; x_wconf 83' lang='lat' dir='ltr'><strong>et</strong></span> <span class='ocrx_word' id='word_1_793' title='bbox 205 5696 382 5755; x_wconf 88' lang='lat' dir='ltr'><strong>lucem</strong></span> <span class='ocrx_word' id='word_1_794' title='bbox 416 5702 623 5758; x_wconf 89' lang='lat' dir='ltr'><strong>habitat</strong></span> <span class='ocrx_word' id='word_1_795' title='bbox 660 5705 1104 5773; x_wconf 88' lang='lat' dir='ltr'><strong>inaccessibilem,</strong></span> <span class='ocrx_word' id='word_1_796' title='bbox 1136 5722 1295 5778; x_wconf 89' lang='lat' dir='ltr'><strong>quem</strong></span> <span class='ocrx_word' id='word_1_797' title='bbox 1326 5724 1486 5766; x_wconf 89' lang='lat' dir='ltr'><strong>nemo</strong></span> <span class='ocrx_word' id='word_1_798' title='bbox 1516 5711 1697 5767; x_wconf 81' lang='lat' dir='ltr'><strong>homi-</strong></span> 
     </span>
    </p>
   </div>
   <div class='ocr_carea' id='block_1_106' title="bbox 110 5789 1695 5868">
    <p class='ocr_par' dir='ltr' id='par_1_106' title="bbox 110 5789 1695 5868">
     <span class='ocr_line' id='line_1_106' title="bbox 110 5789 1695 5868; baseline 0.012 -27"><span class='ocrx_word' id='word_1_799' title='bbox 110 5803 247 5843; x_wconf 89' lang='lat' dir='ltr'><strong>num</strong></span> <span class='ocrx_word' id='word_1_800' title='bbox 278 5789 434 5859; x_wconf 89' lang='lat' dir='ltr'><strong>vidit,</strong></span> <span class='ocrx_word' id='word_1_801' title='bbox 463 5808 564 5849; x_wconf 89' lang='lat' dir='ltr'><strong>nec</strong></span> <span class='ocrx_word' id='word_1_802' title='bbox 602 5794 785 5853; x_wconf 85' lang='lat' dir='ltr'><strong>videre</strong></span> <span class='ocrx_word' id='word_1_803' title='bbox 811 5805 1007 5868; x_wconf 86' lang='lat' dir='ltr'><strong>potest,</strong></span> <span class='ocrx_word' id='word_1_804' title='bbox 1036 5815 1135 5856; x_wconf 89' lang='lat' dir='ltr'><strong>nec</strong></span> <span class='ocrx_word' id='word_1_805' title='bbox 1155 5799 1393 5858; x_wconf 88' lang='lat' dir='ltr'><strong>locorum</strong></span> <span class='ocrx_word' id='word_1_806' title='bbox 1425 5801 1507 5857; x_wconf 81' lang='lat' dir='ltr'><strong>vel</strong></span> <span class='ocrx_word' id='word_1_807' title='bbox 1542 5801 1695 5861; x_wconf 82' lang='lat' dir='ltr'><strong>linito</strong></span> 
     </span>
    </p>
   </div>
   <div class='ocr_carea' id='block_1_107' title="bbox 1810 4622 3388 4695">
    <p class='ocr_par' dir='ltr' id='par_1_107' title="bbox 1810 4622 3388 4695">
     <span class='ocr_line' id='line_1_107' title="bbox 1810 4622 3388 4695; baseline 0.006 -20"><span class='ocrx_word' id='word_1_808' title='bbox 1810 4628 2093 4683; x_wconf 59' lang='lat' dir='ltr'><strong>creatura,</strong></span> <span class='ocrx_word' id='word_1_809' title='bbox 2123 4636 2241 4691; x_wconf 65' lang='lat' dir='ltr'><strong>quin</strong></span> <span class='ocrx_word' id='word_1_810' title='bbox 2274 4630 2557 4679; x_wconf 88' lang='lat' dir='ltr'><strong>moventur</strong></span> <span class='ocrx_word' id='word_1_811' title='bbox 2587 4622 2852 4695; x_wconf 90' lang='lat' dir='ltr'><strong>corporali</strong></span> <span class='ocrx_word' id='word_1_812' title='bbox 2882 4626 3254 4683; x_wconf 86' lang='lat' dir='ltr'><strong>conversione.</strong></span> <span class='ocrx_word' id='word_1_813' title='bbox 3280 4628 3388 4685; x_wconf 88' lang='lat' dir='ltr'><strong>Sed</strong></span> 
     </span>
    </p>
   </div>
   <div class='ocr_carea' id='block_1_108' title="bbox 1810 4711 3389 4792">
    <p class='ocr_par' dir='ltr' id='par_1_108' title="bbox 1810 4711 3389 4792">
     <span class='ocr_line' id='line_1_108' title="bbox 1810 4711 3389 4792; baseline 0.006 -23"><span class='ocrx_word' id='word_1_814' title='bbox 1810 4712 1979 4770; x_wconf 89' lang='lat' dir='ltr'><strong>motio</strong></span> <span class='ocrx_word' id='word_1_815' title='bbox 2006 4711 2123 4784; x_wconf 85' lang='lat' dir='ltr'><strong>ejus</strong></span> <span class='ocrx_word' id='word_1_816' title='bbox 2149 4714 2384 4770; x_wconf 84' lang='lat' dir='ltr'><strong>maxime</strong></span> <span class='ocrx_word' id='word_1_817' title='bbox 2406 4715 2653 4772; x_wconf 89' lang='lat' dir='ltr'><strong>consistit</strong></span> <span class='ocrx_word' id='word_1_818' title='bbox 2676 4716 2731 4772; x_wconf 90' lang='lat' dir='ltr'><strong>in</strong></span> <span class='ocrx_word' id='word_1_819' title='bbox 2751 4733 2961 4774; x_wconf 90' lang='lat' dir='ltr'><strong>morum</strong></span> <span class='ocrx_word' id='word_1_820' title='bbox 2985 4718 3389 4792; x_wconf 87' lang='lat' dir='ltr'><strong>voluntatisque</strong></span> 
     </span>
    </p>
   </div>
   <div class='ocr_carea' id='block_1_109' title="bbox 1808 4804 3385 4878">
    <p class='ocr_par' dir='ltr' id='par_1_109' title="bbox 1808 4804 3385 4878">
     <span class='ocr_line' id='line_1_109' title="bbox 1808 4804 3385 4878; baseline 0.004 -18"><span class='ocrx_word' id='word_1_821' title='bbox 1808 4806 2220 4877; x_wconf 89' lang='lat' dir='ltr'><strong>permutatione.</strong></span> <span class='ocrx_word' id='word_1_822' title='bbox 2272 4804 2391 4878; x_wconf 81' lang='lat' dir='ltr'><strong>Ipsa</strong></span> <span class='ocrx_word' id='word_1_823' title='bbox 2444 4816 2622 4863; x_wconf 91' lang='lat' dir='ltr'><strong>tamen</strong></span> <span class='ocrx_word' id='word_1_824' title='bbox 2670 4807 2847 4865; x_wconf 90' lang='lat' dir='ltr'><strong>locum</strong></span> <span class='ocrx_word' id='word_1_825' title='bbox 2893 4811 3130 4873; x_wconf 85' lang='lat' dir='ltr'><strong>cardinis</strong></span> <span class='ocrx_word' id='word_1_826' title='bbox 3179 4821 3385 4876; x_wconf 85' lang='lat' dir='ltr'><strong>tenens,</strong></span> 
     </span>
    </p>
   </div>
   <div class='ocr_carea' id='block_1_110' title="bbox 1809 4897 3387 4967">
    <p class='ocr_par' dir='ltr' id='par_1_110' title="bbox 1809 4897 3387 4967">
     <span class='ocr_line' id='line_1_110' title="bbox 1809 4897 3387 4967; baseline 0.002 -14"><span class='ocrx_word' id='word_1_827' title='bbox 1809 4912 1932 4954; x_wconf 88' lang='lat' dir='ltr'><strong>cum</strong></span> <span class='ocrx_word' id='word_1_828' title='bbox 1975 4897 2049 4952; x_wconf 87' lang='lat' dir='ltr'><strong>sit</strong></span> <span class='ocrx_word' id='word_1_829' title='bbox 2095 4897 2335 4967; x_wconf 87' lang='lat' dir='ltr'><strong>spiritus,</strong></span> <span class='ocrx_word' id='word_1_830' title='bbox 2379 4898 2620 4955; x_wconf 84' lang='lat' dir='ltr'><strong>vivificat</strong></span> <span class='ocrx_word' id='word_1_831' title='bbox 2664 4914 2729 4956; x_wconf 91' lang='lat' dir='ltr'><strong>ac</strong></span> <span class='ocrx_word' id='word_1_832' title='bbox 2769 4909 2948 4956; x_wconf 89' lang='lat' dir='ltr'><strong>movet</strong></span> <span class='ocrx_word' id='word_1_833' title='bbox 2990 4898 3234 4956; x_wconf 84' lang='lat' dir='ltr'><strong>localiter</strong></span> <span class='ocrx_word' id='word_1_834' title='bbox 3274 4902 3387 4957; x_wconf 91' lang='lat' dir='ltr'><strong>suis</strong></span> 
     </span>
    </p>
   </div>
   <div class='ocr_carea' id='block_1_111' title="bbox 1807 4988 3382 5061">
    <p class='ocr_par' dir='ltr' id='par_1_111' title="bbox 1807 4988 3382 5061">
     <span class='ocr_line' id='line_1_111' title="bbox 1807 4988 3382 5061; baseline 0.002 -19"><span class='ocrx_word' id='word_1_835' title='bbox 1807 4988 2028 5043; x_wconf 76' lang='lat' dir='ltr'><strong>nutibus</strong></span> <span class='ocrx_word' id='word_1_836' title='bbox 2065 5002 2283 5057; x_wconf 91' lang='lat' dir='ltr'><strong>corpus.</strong></span> <span class='ocrx_word' id='word_1_837' title='bbox 2335 4988 2621 5045; x_wconf 87' lang='lat' dir='ltr'><strong>Motionem</strong></span> <span class='ocrx_word' id='word_1_838' title='bbox 2667 5004 2900 5060; x_wconf 86' lang='lat' dir='ltr'><strong>namque</strong></span> <span class='ocrx_word' id='word_1_839' title='bbox 2948 4989 3064 5058; x_wconf 87' lang='lat' dir='ltr'><strong>ejus</strong></span> <span class='ocrx_word' id='word_1_840' title='bbox 3107 4991 3382 5061; x_wconf 86' lang='lat' dir='ltr'><strong>propriam</strong></span> 
     </span>
    </p>
   </div>
   <div class='ocr_carea' id='block_1_112' title="bbox 1805 5075 3382 5148">
    <p class='ocr_par' dir='ltr' id='par_1_112' title="bbox 1805 5075 3382 5148">
     <span class='ocr_line' id='line_1_112' title="bbox 1805 5075 3382 5148; baseline 0.002 -18"><span class='ocrx_word' id='word_1_841' title='bbox 1805 5084 1958 5145; x_wconf 88' lang='lat' dir='ltr'><strong>pater</strong></span> <span class='ocrx_word' id='word_1_842' title='bbox 1988 5075 2320 5148; x_wconf 80' lang='lat' dir='ltr'><strong>Augustinus</strong></span> <span class='ocrx_word' id='word_1_843' title='bbox 2358 5092 2509 5134; x_wconf 90' lang='lat' dir='ltr'><strong>more</strong></span> <span class='ocrx_word' id='word_1_844' title='bbox 2551 5094 2649 5134; x_wconf 88' lang='lat' dir='ltr'><strong>suo</strong></span> <span class='ocrx_word' id='word_1_845' title='bbox 2674 5079 3000 5135; x_wconf 80' lang='lat' dir='ltr'><strong>excellenter</strong></span> <span class='ocrx_word' id='word_1_846' title='bbox 3040 5079 3297 5143; x_wconf 86' lang='lat' dir='ltr'><strong>insinuat,</strong></span> <span class='ocrx_word' id='word_1_847' title='bbox 3329 5079 3382 5133; x_wconf 90' lang='lat' dir='ltr'><strong>in</strong></span> 
     </span>
    </p>
   </div>
   <div class='ocr_carea' id='block_1_113' title="bbox 1804 5164 3383 5239">
    <p class='ocr_par' dir='ltr' id='par_1_113' title="bbox 1804 5164 3383 5239">
     <span class='ocr_line' id='line_1_113' title="bbox 1804 5164 3383 5239; baseline 0.001 -17"><span class='ocrx_word' id='word_1_848' title='bbox 1804 5164 2141 5237; x_wconf 83' lang='lat' dir='ltr'><strong>expositione</strong></span> <span class='ocrx_word' id='word_1_849' title='bbox 2199 5168 2389 5239; x_wconf 90' lang='lat' dir='ltr'><strong>psalmi</strong></span> <span class='ocrx_word' id='word_1_850' title='bbox 2440 5169 2723 5226; x_wconf 88' lang='lat' dir='ltr'><strong>centesimi</strong></span> <span class='ocrx_word' id='word_1_851' title='bbox 2769 5168 3160 5239; x_wconf 84' lang='lat' dir='ltr'><strong>quadragesimi</strong></span> <span class='ocrx_word' id='word_1_852' title='bbox 3208 5169 3383 5238; x_wconf 88' lang='lat' dir='ltr'><strong>quinti</strong></span> 
     </span>
    </p>
   </div>
   <div class='ocr_carea' id='block_1_114' title="bbox 1804 5242 3383 5328">
    <p class='ocr_par' dir='ltr' id='par_1_114' title="bbox 1804 5242 3383 5328">
     <span class='ocr_line' id='line_1_114' title="bbox 1804 5242 3383 5328; baseline 0.001 -16"><span class='ocrx_word' id='word_1_853' title='bbox 1804 5257 1990 5319; x_wconf 88' lang='lat' dir='ltr'><strong>dicens</strong></span> <span class='ocrx_word' id='word_1_854' title='bbox 2033 5275 2046 5312; x_wconf 91' lang='lat'>:</span> <span class='ocrx_word' id='word_1_855' title='bbox 2095 5276 2116 5312; x_wconf 83' lang='grc'><strong><em>‹</em></strong></span> <span class='ocrx_word' id='word_1_856' title='bbox 2165 5242 2304 5315; x_wconf 73' lang='lat' dir='ltr'><strong>Ecce</strong></span> <span class='ocrx_word' id='word_1_857' title='bbox 2339 5260 2500 5315; x_wconf 90' lang='lat' dir='ltr'><strong>homo</strong></span> <span class='ocrx_word' id='word_1_858' title='bbox 2545 5266 2689 5326; x_wconf 87' lang='lat' dir='ltr'><strong>stat,</strong></span> <span class='ocrx_word' id='word_1_859' title='bbox 2719 5264 2905 5313; x_wconf 89' lang='lat' dir='ltr'><strong>cantat</strong></span> <span class='ocrx_word' id='word_1_860' title='bbox 2950 5254 3062 5312; x_wconf 85' lang='lat' dir='ltr'><strong>Deo</strong></span> <span class='ocrx_word' id='word_1_861' title='bbox 3106 5256 3383 5328; x_wconf 89' lang='lat' dir='ltr'><strong>aliquanto</strong></span> 
     </span>
    </p>
   </div>
   <div class='ocr_carea' id='block_1_115' title="bbox 1805 5346 3382 5420">
    <p class='ocr_par' dir='ltr' id='par_1_115' title="bbox 1805 5346 3382 5420">
     <span class='ocr_line' id='line_1_115' title="bbox 1805 5346 3382 5420; baseline 0.001 -18"><span class='ocrx_word' id='word_1_862' title='bbox 1805 5346 2087 5417; x_wconf 81' lang='lat' dir='ltr'><strong>prolixius,</strong></span> <span class='ocrx_word' id='word_1_863' title='bbox 2115 5356 2170 5404; x_wconf 90' lang='lat' dir='ltr'><strong>et</strong></span> <span class='ocrx_word' id='word_1_864' title='bbox 2196 5364 2340 5420; x_wconf 62' lang='lat' dir='ltr'><strong>sape</strong></span> <span class='ocrx_word' id='word_1_865' title='bbox 2368 5349 2509 5404; x_wconf 87' lang='lat' dir='ltr'><strong>labia</strong></span> <span class='ocrx_word' id='word_1_866' title='bbox 2534 5356 2820 5403; x_wconf 86' lang='lat' dir='ltr'><strong>moventur</strong></span> <span class='ocrx_word' id='word_1_867' title='bbox 2855 5346 2922 5401; x_wconf 90' lang='lat' dir='ltr'><strong>ad</strong></span> <span class='ocrx_word' id='word_1_868' title='bbox 2963 5355 3202 5413; x_wconf 90' lang='lat' dir='ltr'><strong>cantum,</strong></span> <span class='ocrx_word' id='word_1_869' title='bbox 3234 5349 3382 5417; x_wconf 82' lang='lat' dir='ltr'><strong>cogi-</strong></span> 
     </span>
    </p>
   </div>
   <div class='ocr_carea' id='block_1_116' title="bbox 1810 5438 3383 5512">
    <p class='ocr_par' dir='ltr' id='par_1_116' title="bbox 1810 5438 3383 5512">
     <span class='ocr_line' id='line_1_116' title="bbox 1810 5438 3383 5512; baseline 0 -17"><span class='ocrx_word' id='word_1_870' title='bbox 1810 5439 1944 5496; x_wconf 89' lang='lat' dir='ltr'><strong>tatio</strong></span> <span class='ocrx_word' id='word_1_871' title='bbox 1981 5449 2160 5498; x_wconf 90' lang='lat' dir='ltr'><strong>autem</strong></span> <span class='ocrx_word' id='word_1_872' title='bbox 2192 5456 2288 5512; x_wconf 91' lang='lat' dir='ltr'><strong>per</strong></span> <span class='ocrx_word' id='word_1_873' title='bbox 2331 5440 2513 5497; x_wconf 84' lang='lat' dir='ltr'><strong>nescio</strong></span> <span class='ocrx_word' id='word_1_874' title='bbox 2541 5454 2661 5511; x_wconf 59' lang='lat' dir='ltr'><strong>qua!</strong></span> <span class='ocrx_word' id='word_1_875' title='bbox 2698 5440 2959 5495; x_wconf 88' lang='lat' dir='ltr'><strong>desideria</strong></span> <span class='ocrx_word' id='word_1_876' title='bbox 3000 5440 3161 5494; x_wconf 88' lang='lat' dir='ltr'><strong>volat.</strong></span> <span class='ocrx_word' id='word_1_877' title='bbox 3195 5438 3383 5495; x_wconf 80' lang='lat' dir='ltr'><strong>Stabat</strong></span> 
     </span>
    </p>
   </div>
   <div class='ocr_carea' id='block_1_117' title="bbox 1807 5532 3384 5605">
    <p class='ocr_par' dir='ltr' id='par_1_117' title="bbox 1807 5532 3384 5605">
     <span class='ocr_line' id='line_1_117' title="bbox 1807 5532 3384 5605; baseline 0.001 -17"><span class='ocrx_word' id='word_1_878' title='bbox 1807 5545 1937 5605; x_wconf 88' lang='lat' dir='ltr'><strong>ergo</strong></span> <span class='ocrx_word' id='word_1_879' title='bbox 1979 5548 2132 5590; x_wconf 89' lang='lat' dir='ltr'><strong>mens</strong></span> <span class='ocrx_word' id='word_1_880' title='bbox 2171 5541 2355 5588; x_wconf 88' lang='lat' dir='ltr'><strong>nostra</strong></span> <span class='ocrx_word' id='word_1_881' title='bbox 2394 5533 2627 5603; x_wconf 90' lang='lat' dir='ltr'><strong>quodam</strong></span> <span class='ocrx_word' id='word_1_882' title='bbox 2657 5532 2815 5588; x_wconf 92' lang='lat' dir='ltr'><strong>modo</strong></span> <span class='ocrx_word' id='word_1_883' title='bbox 2843 5533 2908 5587; x_wconf 88' lang='lat' dir='ltr'><strong>ad</strong></span> <span class='ocrx_word' id='word_1_884' title='bbox 2936 5532 3149 5587; x_wconf 90' lang='lat' dir='ltr'><strong>laudem</strong></span> <span class='ocrx_word' id='word_1_885' title='bbox 3179 5532 3298 5596; x_wconf 84' lang='lat' dir='ltr'><strong>Dei,</strong></span> <span class='ocrx_word' id='word_1_886' title='bbox 3328 5542 3384 5589; x_wconf 91' lang='lat' dir='ltr'><strong>et</strong></span> 
     </span>
    </p>
   </div>
   <div class='ocr_carea' id='block_1_118' title="bbox 1807 5622 3382 5695">
    <p class='ocr_par' dir='ltr' id='par_1_118' title="bbox 1807 5622 3382 5695">
     <span class='ocr_line' id='line_1_118' title="bbox 1807 5622 3382 5695; baseline -0.001 -17"><span class='ocrx_word' id='word_1_887' title='bbox 1807 5624 1986 5679; x_wconf 87' lang='lat' dir='ltr'><strong>anima</strong></span> <span class='ocrx_word' id='word_1_888' title='bbox 2016 5630 2202 5679; x_wconf 85' lang='lat' dir='ltr'><strong>nostra</strong></span> <span class='ocrx_word' id='word_1_889' title='bbox 2228 5638 2327 5693; x_wconf 89' lang='lat' dir='ltr'><strong>per</strong></span> <span class='ocrx_word' id='word_1_890' title='bbox 2357 5623 2597 5680; x_wconf 85' lang='lat' dir='ltr'><strong>diversas</strong></span> <span class='ocrx_word' id='word_1_891' title='bbox 2626 5622 2950 5695; x_wconf 84' lang='lat' dir='ltr'><strong>cupiditates</strong></span> <span class='ocrx_word' id='word_1_892' title='bbox 2983 5622 3068 5677; x_wconf 89' lang='lat' dir='ltr'><strong>vel</strong></span> <span class='ocrx_word' id='word_1_893' title='bbox 3098 5637 3257 5677; x_wconf 88' lang='lat' dir='ltr'><strong>curas</strong></span> <span class='ocrx_word' id='word_1_894' title='bbox 3285 5636 3382 5678; x_wconf 89' lang='lat' dir='ltr'><strong>ne-</strong></span> 
     </span>
    </p>
   </div>
   <div class='ocr_carea' id='block_1_119' title="bbox 1804 5711 3381 5787">
    <p class='ocr_par' dir='ltr' id='par_1_119' title="bbox 1804 5711 3381 5787">
     <span class='ocr_line' id='line_1_119' title="bbox 1804 5711 3381 5787; baseline -0.003 -17"><span class='ocrx_word' id='word_1_895' title='bbox 1804 5713 2072 5787; x_wconf 85' lang='lat' dir='ltr'><strong>gotiorum</strong></span> <span class='ocrx_word' id='word_1_896' title='bbox 2123 5713 2225 5768; x_wconf 89' lang='lat' dir='ltr'><strong>hac</strong></span> <span class='ocrx_word' id='word_1_897' title='bbox 2255 5721 2417 5784; x_wconf 89' lang='lat' dir='ltr'><strong>atque</strong></span> <span class='ocrx_word' id='word_1_898' title='bbox 2458 5712 2581 5768; x_wconf 89' lang='lat' dir='ltr'><strong>illac</strong></span> <span class='ocrx_word' id='word_1_899' title='bbox 2623 5711 2887 5768; x_wconf 83' lang='lat' dir='ltr'><strong>ﬂuitabat.</strong></span> <span class='ocrx_word' id='word_1_900' title='bbox 2939 5711 3103 5780; x_wconf 82' lang='lat' dir='ltr'><strong>Quasi</strong></span> <span class='ocrx_word' id='word_1_901' title='bbox 3149 5711 3381 5782; x_wconf 80' lang='lat' dir='ltr'><strong>desuper</strong></span> 
     </span>
    </p>
   </div>
   <div class='ocr_carea' id='block_1_120' title="bbox 1804 5803 3381 5877">
    <p class='ocr_par' dir='ltr' id='par_1_120' title="bbox 1804 5803 3381 5877">
     <span class='ocr_line' id='line_1_120' title="bbox 1804 5803 3381 5877; baseline 0 -19"><span class='ocrx_word' id='word_1_902' title='bbox 1804 5805 2033 5861; x_wconf 86' lang='lat' dir='ltr'><strong>attendit</strong></span> <span class='ocrx_word' id='word_1_903' title='bbox 2063 5805 2177 5875; x_wconf 87' lang='lat' dir='ltr'><strong>ipsa</strong></span> <span class='ocrx_word' id='word_1_904' title='bbox 2210 5820 2362 5861; x_wconf 90' lang='lat' dir='ltr'><strong>mens</strong></span> <span class='ocrx_word' id='word_1_905' title='bbox 2391 5805 2455 5859; x_wconf 90' lang='lat' dir='ltr'><strong>ad</strong></span> <span class='ocrx_word' id='word_1_906' title='bbox 2490 5804 2785 5861; x_wconf 84' lang='lat' dir='ltr'><strong>fluitantem</strong></span> <span class='ocrx_word' id='word_1_907' title='bbox 2818 5806 2918 5862; x_wconf 88' lang='lat' dir='ltr'><strong>hac</strong></span> <span class='ocrx_word' id='word_1_908' title='bbox 2958 5815 3118 5877; x_wconf 86' lang='lat' dir='ltr'><strong>atque</strong></span> <span class='ocrx_word' id='word_1_909' title='bbox 3142 5803 3293 5871; x_wconf 85' lang='lat' dir='ltr'><strong>illac,</strong></span> <span class='ocrx_word' id='word_1_910' title='bbox 3326 5810 3381 5859; x_wconf 86' lang='lat' dir='ltr'><strong>et</strong></span> 
     </span>
    </p>
   </div>
  </div>
