4006 6338
723 390 830 463 sia

1552 409 1884 465 HINCMARI
1921 408 2137 464 RIlEM.
2176 408 2494 464 AllClllEl‘.
2537 411 2899 469 OPUSCULA
2942 412 3169 471 VAlilA.
3802 426 3869 483 9η

730 525 848 599 ejus
879 504 1247 599 inquietmline
1282 526 1645 582 molestiarum
1673 528 1827 599 quasi
1872 542 2128 583 conversa
2169 525 2304 581 allo-
2334 528 2379 587 A
2409 527 2773 595 promittendo
2794 528 2900 585 illis
2930 542 2946 583 :
2986 528 3091 596 Qui
3112 529 3285 602 diligit
3346 548 3424 586 me
3460 532 3675 603 diligetur
3707 554 3732 591 a
3764 538 3870 596 Pam

723 621 955 693 quitur:
996 619 1215 684 Lauda,
1264 618 1441 672 anima
1486 635 1636 684 mea,
1688 618 2002 685 Dominum,
2049 616 2178 688 quid
2226 626 2309 672 est

725 713 869 783 quod
892 712 958 767 de
983 711 1103 766 aliis
1129 710 1288 764 rebus
1310 710 1550 781 satagis?
1575 709 1702 780 quid
1728 720 1810 765 est
1837 710 1977 779 quod
2002 719 2052 764 te
2080 715 2310 778 occupat

724 819 854 859 cura
896 817 1074 858 rerum
1123 811 1460 856 terrenarum
1503 794 1665 872 atqtie
1698 802 2039 857 mortalium?
2066 799 2159 855 Sta
2189 815 2306 855 me-

722 911 869 961 cum,
892 894 1051 948 lauda
1080 893 1385 947 Dominum.
1419 893 1487 949 Et
1512 894 1664 964 quasi
1692 893 1808 964 ipsa
1854 894 2032 947 anima
2070 907 2308 964 praegra—

720 994 868 1052 vata,
914 994 969 1040 et
1010 999 1117 1039 non
1148 985 1334 1040 valens
1361 985 1435 1040 ita
1474 985 1772 1041 consistere
1816 993 1877 1039 ut
1919 985 2139 1055 dignum
2182 993 2301 1049 est,

719 1077 1011 1148 respondet
1036 1075 1202 1130 menti
1239 1093 1251 1129 :
1277 1074 1461 1129 Laudo
1492 1074 1770 1129 Dominum
1793 1077 1850 1128 in
1879 1076 1981 1129 vita
2008 1092 2141 1129 utea.
2166 1074 2304 1142 Quid

716 1177 803 1225 est
850 1168 908 1224 in
942 1168 1055 1222 vita
1102 1166 1257 1221 mea?
1290 1165 1415 1235 quia
1461 1166 1621 1220 modo
1666 1165 1719 1219 in
1767 1173 1939 1219 morte
1991 1179 2113 1219 mea
2159 1179 2299 1218 sum.

714 1259 861 1332 Ergo
887 1258 1039 1329 prius
1057 1258 1346 1313 exhortarc
1372 1265 1444 1322 te,
1475 1266 1529 1311 et
1554 1256 1674 1311 dic:
1702 1255 1920 1321 Lauda,
1950 1255 2129 1308 anima
2162 1270 2301 1320 mea,

718 1349 1024 1405 Dominum.
1049 1346 1360 1418 Respondet
1390 1346 1481 1402 tibi
1513 1348 1692 1403 anima
1726 1357 1816 1403 tua
1860 1363 1872 1398 :
1914 1347 2095 1401 Laudo
2124 1360 2301 1415 quan-

719 1452 831 1498 tum
880 1456 1097 1513 possum
1121 1481 1136 1507 ,
1187 1440 1439 1506 tenuiter,
1471 1440 1706 1502 exiliter,
1752 1437 2055 1493 inﬁrmiter.
2088 1434 2301 1504 Quare?

717 1540 843 1609 quia
891 1537 1126 1608 quandiu
1177 1552 1362 1592 smnus
1411 1536 1466 1590 in
1512 1551 1762 1607 corpore,
1810 1534 2221 1606 pcregrinamur
2268 1549 2298 1587 a

714 1631 964 1687 Domino.
999 1631 1177 1696 Quare
1207 1629 1284 1683 sic
1311 1628 1499 1685 laudas
1538 1629 1823 1683 Dominum
1842 1668 1856 1694 ,
1885 1642 1992 1682 non
2023 1624 2294 1696 perfecte,

712 1739 821 1780 non
868 1722 1169 1780 stabiliter?
1217 1722 1491 1793 Interroga
1542 1721 1915 1793 Scripturam,
1967 1720 2058 1791 qui
2109 1737 2297 1791 corpus

709 1813 851 1882 quod
875 1814 1233 1882 corrumpitur
1264 1821 1515 1882 aggravat
1549 1812 1801 1878 animum,
1838 1821 1885 1865 et
1913 1811 2155 1881 deprimit
2190 1821 2295 1864 ter-

2409 632 2545 681 meo,
2568 627 2617 670 et
2657 634 2750 688 ego
2771 617 2988 689 diligam
3012 636 3149 685 eum,
3193 629 3241 674 et
3260 622 3589 691 manifestabo
3608 627 3803 696 nteipmn
3819 632 3869 685 illi

2410 705 2592 778 (Joan.
2626 723 2733 771 xrv,
2771 706 2885 779 2i).
2916 709 2984 763 Et
3018 726 3124 765 non
3155 710 3327 765 solum
3354 726 3433 776 se,
3454 712 3541 767 sed
3565 714 3703 769 etiam
3719 718 3869 775 Patrem

2407 804 2462 850 et
2492 796 2752 867 Spiritum
2782 808 3051 866 sanctum,
3082 800 3488 869 inseparabilem
3527 804 3705 859 scilicet
3734 808 3869 864 trinum

2407 889 2599 955 Deum,
2631 890 2979 946 dilectoribus
3017 892 3130 947 suis
3172 892 3435 962 promittit
3482 894 3763 963 adfuturum,
3790 918 3867 956 cum

2406 979 2536 1035 dicit
2561 994 2576 1033 :
2605 980 2708 1046 Qui
2731 980 2903 1052 diligit
2946 998 3051 1047 me,
3100 999 3390 1037 sermonem
3429 1001 3587 1037 meum
3624 992 3810 1053 servabit,
3839 1002 3869 1044 et

2406 1071 2570 1126 Pater
2590 1089 2737 1127 meus
2760 1073 2941 1143 diliget
2970 1092 3108 1140 eum,
3132 1085 3180 1130 et
3203 1075 3273 1129 ad
3304 1092 3419 1131 eum
3449 1079 3698 1143 veniemus,
3719 1092 3757 1135 et
3774 1100 3870 1137 πιαισ

2403 1165 2602 1218 sionem
2635 1165 2777 1234 apud
2813 1181 2930 1218 eum
2967 1164 3221 1233 faciemus
3266 1166 3438 1238 (ibid.,
3485 1167 3589 1237 25).
3636 1170 3723 1225 Sed
3757 1182 3797 1227 et
3825 1175 3867 1230 de

2404 1256 2608 1326 Spiritu
2637 1268 2825 1312 sancto
2860 1259 3125 1327 promittit
3173 1260 3319 1329 quod
3355 1263 3489 1330 apud
3518 1277 3604 1317 eos
3636 1274 3864 1327 maneat.et

2403 1348 2456 1403 in
2515 1349 2593 1403 eis
2638 1349 2726 1403 sit.
2784 1348 2891 1405 Sed
2932 1351 3053 1404 haec
3080 1350 3220 1405 visio
3249 1361 3429 1406 utrum
3455 1368 3546 1423 per
3569 1354 3723 1410 oculos
3743 1372 3866 1427 corpu

2401 1453 2524 1493 reos
2546 1438 2663 1503 fiat,
2694 1455 2761 1493 an
2803 1438 3169 1509 incorporeos,
3210 1441 3380 1496 multo
3415 1442 3623 1512 quaesitu
3663 1444 3864 1515 investiga-

2402 1537 2513 1586 tum
2537 1540 2639 1597 est,
2670 1542 2726 1587 et
2746 1546 2776 1586 a
2807 1534 3011 1588 sanctis
3048 1531 3303 1589 Patribus
3323 1548 3411 1588 res
3438 1542 3593 1598 tanta,
3631 1550 3686 1589 eo
3704 1537 3805 1604 quod
3823 1538 3864 1591 sit

2398 1624 2805 1689 obscurissima,
2852 1624 3087 1679 maxima
3130 1624 3491 1695 disputatione
3517 1624 3710 1694 pulsata.
3734 1624 3860 1680 Dicta.

2400 1713 2540 1769 tibus
2562 1714 2700 1777 aliis,
2729 1714 2873 1785 quod
2912 1714 3052 1769 Deus
3104 1715 3390 1771 invisibilis
3432 1731 3531 1770 non
3577 1725 3727 1785 posset
3753 1717 3860 1771 rideri

2396 1819 2495 1875 per
2544 1814 2851 1860 creaturam
2904 1804 3171 1861 visibilem
3239 1816 3402 1876 atque
3458 1822 3727 1877 corpoream
3763 1808 3858 1862 τίω

712 1919 839 1956 vena
897 1901 1208 1955 inhabitatio
1262 1918 1470 1956 sensum
1534 1906 1698 1955 multa
1760 1900 2069 1971 cogitantem
2126 1898 2294 1970 (Sap.
2330 1889 2375 1948 Β
2404 1895 2547 1964 quod
2591 1893 2882 1966 Apostolus
2920 1895 3052 1951 dicit
3084 1914 3099 1949 :
3130 1895 3296 1951 Nunc
3326 1914 3417 1967 per
3442 1896 3675 1966 speculum
3710 1897 3748 1949 in
3777 1896 3857 1950 ni-

714 2008 790 2057 tx,
824 1991 936 2062 15).
968 1990 1116 2046 Tolle
1158 1991 1288 2046 mihi
1335 2005 1531 2061 corpus
1568 1991 1710 2061 quod
1755 1999 2013 2061 aggravat
2037 1989 2290 2053 animum,

710 2090 767 2137 et
808 2082 965 2137 laudo
1009 2082 1313 2137 Dominum.
1344 2080 1492 2135 Tolle
1536 2080 1667 2134 mibi
1700 2089 1971 2160 terrenam
2008 2078 2297 2133 habitatio-

713 2188 838 2228 nem
876 2173 1268 2243 deprimcntem
1312 2187 1527 2226 sensum
1573 2171 1741 2226 multa
1769 2169 2127 2241 cogitantem,
2174 2178 2230 2223 et
2263 2184 2295 2222 a

715 2264 900 2320 multis
958 2264 1013 2319 in
1068 2280 1232 2319 unum
1279 2262 1543 2319 conlluam
1605 2272 1665 2318 ut
1718 2261 1927 2317 laudem
1984 2262 2290 2317 Dominum.

709 2356 956 2424 Quandiu
986 2364 1165 2410 autem
1210 2356 1283 2410 ita
1328 2370 1472 2419 sum,
1517 2369 1625 2410 non
1670 2369 1923 2425 possum,
1964 2367 2291 2424 praegravor.

707 2448 848 2516 Quid
898 2449 1067 2519 ergo?
1109 2447 1314 2512 silebis,
1346 2457 1400 2501 et
1430 2462 1534 2503 non
1572 2444 1814 2500 laudabis
1837 2442 2074 2516 perfecte
2106 2441 2292 2499 Domi-

708 2540 879 2596 num?
906 2537 1158 2594 Laudabo
1187 2537 1471 2593 Dominum
1494 2538 1549 2591 in
1578 2536 1680 2591 vita
1704 2551 1839 2590 mea.
1878 2552 1899 2588 ι

1295 2671 1524 2729 CAPUT
1579 2671 1712 2727 Vlll.

709 2787 900 2846 Utrum
941 2789 1232 2845 substantia
1259 2788 1550 2843 divinitatis
1571 2766 1931 2859 corporalibus
1964 2784 2129 2842 oculis
2173 2794 2292 2857 post

975 2861 1406 2915 resurrectionem
1456 2874 1731 2929 corporum
1774 2857 2030 2912 videatur.

771 2992 1032 3049 Octavum
1073 2990 1389 3061 capitulum,
1436 2990 1577 3059 quod
1614 2998 1669 3044 et
1694 2988 1941 3043 ultimum
1971 2996 2079 3063 est,
2112 2987 2291 3059 requi-

703 3086 793 3151 rit,
820 3093 998 3138 utrum
1045 3082 1349 3138 substantia
1390 3081 1688 3136 divinitatis
1717 3079 2089 3150 corporalibus
2119 3080 2292 3136 oculis

699 3187 821 3251 post
843 3176 1291 3233 resurrectionem
1316 3190 1599 3246 corporum
1624 3174 1889 3228 videatur.
1921 3171 2135 3227 Scimus
2167 3173 2290 3242 qui-

2401 1996 2592 2056 gmate,
2625 1998 2748 2040 tunc
2774 1995 2947 2041 autem
2983 1987 3121 2056 {acie
3167 1988 3239 2041 ad
3280 1988 3464 2058 [aciem
3486 1987 3531 2059 (l
3553 1988 3655 2043 Cor.
3681 1988 3853 2057 ntuli),

2400 2081 2503 2135 hoc
2531 2081 2602 2136 sit
2623 2081 2764 2151 quod
2795 2081 2871 2135 ait
2909 2095 2923 2134 :
2954 2079 3113 2135 Nunc
3138 2097 3392 2151 cognosco
3420 2098 3483 2136 ex
3516 2092 3662 2151 parte,
3693 2091 3853 2134 tum

2396 2182 2498 2226 tem
2525 2189 2832 2243 cognoscam
2857 2174 2990 2227 sicut
3010 2185 3057 2228 et
3086 2175 3323 2245 cognitus
3341 2191 3455 2229 sunt
3491 2174 3661 2245 (ibid).
3679 2174 3753 2228 Alii
3773 2187 3849 2226 vero

2396 2272 2648 2323 asserunt
2678 2278 2940 2335 congrue,
2968 2273 3027 2320 ut
3066 2267 3286 2336 corpori
3308 2266 3526 2337 spiritali
3552 2266 3598 2320 id
3627 2265 3848 2319 attribuatur

2397 2355 2657 2419 muneris,
2692 2365 2750 2410 ut
2768 2356 3016 2425 quamvis
3044 2372 3246 2428 corpus
3271 2359 3363 2420 sit,
3398 2358 3514 2428 quia
3534 2355 3716 2427 spiritali
3737 2364 3845 2407 tamen

2395 2447 2680 2517 prmditunt
2730 2461 2817 2503 est
2851 2444 3135 2520 dignitate,
3216 2450 3385 2521 ipsam
3444 2447 3751 2517 Redemptoris
3792 2444 3841 2498 sui

2394 2546 2668 2592 mereatur
2694 2538 2922 2609 gloriam
2944 2540 3212 2605 contueri,
3239 2556 3337 2610 pro
3365 2542 3511 2611 cujus
3528 2553 3679 2593 amore
3697 2551 3769 2590 non
3786 2535 3841 2588 de

2394 2625 2583 2682 bitavit
2612 2628 2666 2682 in
2689 2629 2790 2683 hoc
2809 2629 3007 2684 saeculo
3028 2630 3260 2687 diversis
3289 2631 3596 2687 cruciatibus
3617 2639 3738 2696 atque
3754 2625 3840 2677 labo-

2395 2719 2547 2775 ribus
2567 2717 2725 2775 allici.
2755 2720 2830 2775 De
2850 2736 2957 2792 qua
3001 2737 3061 2778 re
3083 2723 3246 2779 unius
3284 2723 3385 2779 hoc
3404 2730 3482 2778 est
3514 2721 3634 2777 beati
3654 2715 3839 2788 Augustini

2394 2813 2536 2868 dicta
2567 2813 2836 2883 ponimus,
2871 2813 2963 2885 qui
3005 2830 3398 2885 prmcessorum
3430 2829 3621 2870 suorum
3642 2824 3775 2867 sensti:
3788 2821 3836 2861 η·

2392 2903 2579 2972 legens
2612 2904 2741 2981 quid
2778 2905 2844 2960 de
2878 2906 2979 2960 hoc
3002 2907 3238 2962 senserit
3269 2908 3581 2963 videamusu
3608 2904 3834 2973 Quapropter

2392 3015 2514 3055 cum
2531 3016 2595 3055 ex
2614 3014 2722 3065 me,
2740 3000 2911 3071 inquit
2927 3001 3041 3074 (lib.
3058 3018 3177 3060 χχιι
3202 3005 3266 3059 de
3289 3003 3436 3060 Civit.
3463 3003 3565 3069 Dei,
3580 3019 3669 3072 cap.
3683 3000 3831 3070 9),qn1~

2393 3092 2533 3147 ritur
2560 3092 2689 3162 quid
2726 3094 2898 3148 acturi
2932 3095 3042 3150 sint
3064 3097 3241 3151 sancti
3271 3097 3322 3151 in
3353 3096 3440 3151 illo
3458 3108 3650 3166 corpore
3674 3085 3828 3161 spiritali.

2395 3198 2501 3238 non
2532 3182 2653 3239 dico
2681 3185 2823 3253 quod
2837 3183 2953 3253 jam
2997 3185 3177 3253 video,
3209 3187 3303 3244 sed
3346 3188 3460 3242 dico
3490 3185 3610 3257 quod
3639 3181 3831 3242 ςωύονεεο

699 3270 823 3326 dem
850 3275 1160 3325 sanctorum
1200 3266 1470 3321 desideria
1517 3265 1570 3320 in
1600 3266 1701 3319 hac
1741 3264 1851 3319 vita
1883 3264 2183 3335 positorum
2220 3265 2288 3318 ad
2315 3256 2360 3317 C
2392 3273 2625 3327 cundum
2658 3273 2786 3327 illud
2808 3275 2952 3343 quod
2976 3277 3029 3330 in
3070 3275 3287 3333 Ρεειιιιιο
3326 3277 3474 3348 (ego;
3510 3256 3680 3331 credidi
3702 3276 3831 3340 μωρία

700 3365 805 3421 hoc
819 3362 1161 3435 potissimum
1188 3359 1467 3424 anhelare,
1492 3368 1551 3413 ut
1575 3357 1742 3411 Deum
1760 3364 2071 3411 mereantur
2086 3355 2287 3411 videre.

697 3457 766 3512 Et
792 3457 895 3512 hoc
934 3465 1103 3511 totum
1160 3462 1267 3519 est,
1308 3460 1532 3523 propter
1592 3452 1737 3521 quod
1768 3450 1856 3506 hic
1896 3464 2117 3506 carnem
2169 3466 2289 3504 ma-

698 3557 889 3604 cerant
909 3546 1131 3617 jejuniis
1164 3554 1220 3601 et
1243 3545 1476 3615 vigiliis,
1506 3544 1733 3614 aliisque
1796 3542 2147 3599 alllictionum
2182 3558 2290 3614 “ge—

590 3648 599 3659 ‘
696 3640 942 3703 neribus,
971 3639 1111 3693 sicut
1130 3636 1328 3692 Paulus
1350 3636 1627 3706 apostolus
1646 3636 1803 3701 dicit;
1827 3645 2048 3706 propter
2072 3635 2211 3705 quod
2231 3643 2287 3688 et

699 3730 1062 3787 emolumenta
1109 3738 1303 3786 cuncta
1352 3737 1701 3784 contemnant
1741 3727 2083 3799 temporalia,
2114 3742 2285 3797 quan-

700 3830 815 3875 tum
843 3819 959 3876 fieri
978 3827 1185 3891 potest:
1217 3829 1274 3875 et
1301 3820 1344 3875 si
1388 3820 1682 3875 necessitas
1710 3819 1974 3890 exegerit,
2019 3819 2184 3874 etiam
2228 3827 2285 3873 et

697 3927 896 3984 corpus
943 3927 1099 3968 suum
1127 3911 1454 3967 multimoda:
1496 3911 1713 3966 tradunt
1748 3910 2005 3981 passioni.
2041 3910 2107 3964 Et
2156 3910 2282 3980 quia

697 4003 789 4059 bic
826 4003 1012 4073 positi,
1058 4002 1110 4058 id
1136 4011 1219 4059 est
1246 4002 1426 4057 carnis
1461 4017 1624 4059 onere
1662 4002 2003 4074 prmgravati,
2043 4015 2165 4056 eum
2197 4001 2279 4055 vi-

696 4094 827 4150 dere
857 4101 1150 4164 nequeunt,
1197 4094 1337 4150 sicut
1372 4094 1631 4151 Dominus
1658 4094 1825 4167 Moysi
1849 4097 1922 4151 ait
1952 4114 1965 4149 :
1998 4094 2122 4153 Non
2140 4105 2280 4160 enim

698 4184 885 4239 videbit
910 4201 990 4239 me
1018 4186 1194 4251 homo,
1234 4195 1282 4240 et
1309 4186 1437 4241 vivet
1462 4185 1871 4256 (Emam-xxxiii,
1891 4191 2002 4261 50),
2028 4202 2280 4266 satagunt

690 4274 782 4330 hic
802 4274 966 4331 corda
994 4276 1256 4331 mundare
1275 4285 1329 4331 et
1347 4287 1606 4346 quantum
1632 4294 1791 4350 posse
1811 4290 1895 4358 est
1917 4282 1983 4337 ad
2009 4283 2110 4341 hoc
2130 4287 2279 4355 puri-

692 4365 883 4431 ﬁcare,
914 4373 977 4419 ut
1016 4364 1083 4419 ad
1112 4364 1280 4435 ipsius
1307 4366 1565 4423 visionem
1597 4380 1907 4426 mereantur
1949 4375 2273 4447 pertingere,

694 4457 787 4512 bic
809 4456 1024 4512 interim
1059 4471 1155 4525 per
1178 4458 1456 4527 speculum
1483 4460 1535 4514 in
1563 4460 1867 4532 mnigmate,
1897 4473 1951 4518 et
1982 4475 2103 4535 post
2139 4466 2276 4524 facie

696 4549 765 4604 ad
794 4548 1018 4615 faciem,
1043 4548 1282 4605 dicentes
1325 4551 1434 4606 Deo
1468 4551 1673 4608 intimis
1707 4554 1955 4623 suspiriis
1986 4571 2000 4610 :
2033 4556 2270 4625 Domine,

684 4640 860 4696 dilexi
888 4640 1126 4697 decorem
1150 4641 1334 4698 domus
1361 4654 1482 4706 tuw,
1511 4642 1683 4698 locum
1708 4645 2048 4701 habitationis
2092 4648 2275 4718 gloriae

695 4744 801 4787 tua:
846 4730 1191 4813 (Psal.,xxv,
1218 4733 1294 4804 8).
1327 4734 1565 4803 Itemque
1593 4734 1748 4790 :Tibi
1790 4737 1924 4790 dixit
1961 4755 2051 4791 cor
2078 4755 2272 4806 meum,

692 4825 965 4897 exquisivit
1006 4835 1055 4880 te
1077 4824 1236 4895 facies
1260 4842 1396 4891 mea,
1421 4825 1607 4893 [aciem
1631 4837 1801 4893 tuam,
1836 4828 2078 4897 Domine,
2105 4833 2275 4903 requi-

693 4933 831 4971 ram.
873 4914 957 4970 Ne
1000 4925 1205 4969 avertas
1255 4914 1443 4985 faciem
1489 4927 1632 4971 tuam
1664 4935 1694 4971 a
1732 4934 1830 4981 me,
1873 4936 1937 4973 ne
1969 4920 2194 4977 declines
2219 4923 2272 4978 in

692 5006 774 5059 ira
800 5022 832 5060 a
854 5020 999 5060 servo
1020 5013 1110 5058 tuo
1139 5001 1312 5074 (Psal.
1353 5020 1500 5069 xxvi,
1528 5004 1605 5077 8).
1644 5007 1750 5062 Sed
1792 5016 1847 5063 et
1887 5009 2014 5065 illud
2046 5030 2061 5064 :
2098 5011 2269 5068 Sitivit

692 5097 873 5151 anima
896 5112 1010 5151 mea
1034 5096 1103 5150 ad
1136 5096 1301 5151 Deum
1337 5098 1526 5163 vivum,
1547 5100 1759 5168 quando
1782 5102 1997 5157 veniam.
2016 5112 2063 5157 et
2112 5121 2275 5174 appa-

692 5182 812 5238 rebo
838 5192 958 5236 ante
980 5180 1169 5251 faciem
1198 5181 1290 5235 Dei
1330 5182 1431 5236 mei
1444 5180 1659 5254 ?(Psal.
1708 5201 1818 5250 xu,
1858 5187 2275 5255 5.)Certissin'te

691 5274 835 5329 enim
891 5274 1088 5338 sciunt,
1117 5275 1647 5346 quia-remuneratio
1684 5277 1928 5335 laborum
1970 5296 2159 5337 eorum
2191 5276 2276 5340 est

689 5364 828 5421 visio
865 5361 1174 5419 Conditoris
1202 5365 1306 5418 sui.
1359 5365 1513 5433 Quod
1543 5369 1779 5424 ostendit
1813 5368 2099 5426 Psalmista
2147 5388 2272 5429 cum

691 5457 825 5513 dicit
862 5456 1134 5513 Domino:
1168 5454 1417 5512 Satiabor
1468 5458 1594 5514 dum
1641 5462 2066 5532 manifestabitur
2102 5462 2273 5535 gloria

690 5559 784 5606 tua
818 5546 991 5622 (Psal.
1037 5566 1149 5615 xvr,
1193 5550 1301 5621 l5).
1343 5550 1495 5619 Quod
1524 5554 1686 5609 etiam
1717 5556 1831 5625 ipse
1862 5556 2149 5625 Dominus,
2183 5560 2275 5630 qui

693 5654 964 5694 summam
988 5640 1338 5697 beatitudinis
1362 5652 1613 5699 constare
1633 5644 1993 5712 demonstrat,
2023 5648 2076 5701 in
2122 5664 2277 5720 aspe-

692 5735 783 5782 ctu
810 5729 1103 5786 Dominicaa
1126 5732 1370 5797 visionis,
1393 5734 1618 5791 dicendo
1656 5754 1668 5789 ε
1702 5736 1852 5792 Beati
1879 5739 2075 5794 mundo
2096 5726 2275 5809 corde,

695 5818 944 5888 quoniam
982 5820 1080 5889 ipsi
1130 5821 1293 5875 Deum
1333 5823 1573 5878 videbunt
1604 5824 1817 5896 (Matth.
1852 5845 1907 5893 v,
1936 5830 2276 5901 8).]temque

2391 3366 2531 3435 quod
2553 3365 2757 3422 locutus
2782 3385 2895 3423 sum
2918 3367 3090 3441 (Psal.
3130 3387 3258 3438 (τιν,
3310 3372 3380 3443 1).
3427 3370 3540 3425 Dico
3577 3369 3713 3435 itaque
3744 3357 3829 3431 (ῐυθά

2393 3457 2558 3511 visuri
2600 3459 2914 3514 suntDeum
2959 3461 3012 3514 in
3065 3462 3186 3531 ipso
3231 3475 3468 3531 corpore.
3496 3458 3587 3514 Sed
3617 3466 3745 3509 utrum
3771 3461 3827 3516 per

2390 3545 2587 3616 ipsum,
2630 3549 2769 3603 sicut
2797 3564 2895 3620 per
2939 3564 3136 3620 corpus
3169 3567 3312 3607 nunc
3364 3551 3578 3605 videmus
3623 3536 3823 3602 solem.“-

2387 3654 2536 3703 nam,
2564 3638 2769 3704 stellas,
2806 3655 2978 3705 mare,
3015 3655 3080 3695 ac
3126 3648 3351 3707 terram,
3378 3652 3430 3695 et
3467 3646 3570 3708 qua!
3599 3631 3747 3689 suntin
3769 3640 3819 3681 ει.

2386 3744 2493 3783 non
2520 3745 2685 3799 parva
2713 3730 2939 3801 qumstio
2969 3740 3070 3786 est.
3115 3731 3320 3786 Durum
3341 3739 3419 3786 est
3438 3710 3817 3784 enimdicere,qwi

2386 3821 2559 3876 sancti
2597 3820 2722 3875 talia
2770 3836 2997 3891 corpora
3036 3833 3167 3877 tunc
3195 3824 3473 3886 habebunt,
3502 3827 3553 3873 ut
3591 3829 3671 3870 non
3691 3805 3816 3879 possit"

2383 3912 2570 3969 oculos
2607 3913 2859 3969 claudere
2908 3922 3071 3984 atque
3103 3915 3315 3985 aperire
3361 3927 3471 3968 cum
3506 3895 3814 3964 volunt:durins

2385 4012 2588 4067 autem,
2618 4002 2761 4071 quod
2793 4003 2866 4058 ibi
2897 4002 3067 4058 Deum
3102 4004 3347 4074 quisquis
3366 4001 3532 4058 oculos
3559 3989 3811 4079 clauserimus

2383 4094 2602 4149 videbit.
2629 4091 2687 4149 Si
2707 4095 2852 4150 enim
2874 4097 3134 4165 propheta
3156 4097 3375 4152 Elisaaus
3396 4104 3588 4165 puerum
3608 4076 3811 4172 somnii”.i

2382 4184 2577 4240 absens
2592 4200 2821 4255 corpore
2836 4186 2969 4241 vidit
2982 4187 3333 4259 accipientem
3348 4198 3564 4247 munera,
3575 4192 3667 4249 quae
3676 4169 3809 4259 detlilgei
3872 4246 3873 4251 η

2379 4275 2621 4330 Naaman
2645 4275 2714 4348 Sy
2725 4292 2816 4332 rus
2825 4318 2839 4344 ,
2855 4293 3015 4348 quem
3029 4256 3291 4349 propheta
3306 4283 3597 4333 memoratus
3608 4284 3629 4323 a
3641 4266 3748 4335 leprt
3760 4256 3808 4310 δε·
3870 4320 3871 4341 η

2377 4363 2651 4421 formitate
2667 4368 3186 4439 mundaverat,quod
3199 4383 3382 4425 servus
3392 4377 3587 4437 nequam
3598 4354 3807 4439 ἀοωῖηοεξθ
3868 4384 3869 4431 l

2380 4472 2486 4513 non
2503 4456 2717 4511 vidente
2730 4454 2962 4513 latenter
3059 4432 3260 4515 iecisse
3280 4432 3559 4529 putaveral(
3587 4449 3608 4502 1
3620 4444 3650 4502 i'
3671 4432 3805 4508 “didit
3866 4478 3867 4521 ι

2379 4559 2581 4620 quanto
2612 4549 2785 4621 magis
2832 4551 2886 4605 in
2941 4550 3030 4606 illo
3054 4566 3280 4624 corpore
3304 4548 3509 4622 spiritali
3531 4540 3803 4629 videbnnlflnf
3864 4580 3865 4613 ι

2381 4640 2453 4694 cti
2477 4641 2681 4706 omnia,
2711 4656 2818 4695 non
2844 4641 3014 4696 solum
3029 4642 3074 4697 si
3088 4643 3272 4699 oculos
3291 4640 3536 4701 claudant,
3556 4628 3800 4687 rerumcum
3862 4680 3863 4703 η

2384 4731 2525 4786 unde
2549 4744 2676 4788 sunt
2701 4748 2927 4803 corpore
2958 4735 3243 4792 absentes?
3269 4735 3409 4789 Tunc
3426 4730 3550 4787 enim
3586 4722 3665 4778 erit
3697 4706 3799 4784 imi"
3860 4760 3861 4793 ἐ

2383 4833 2530 4880 ctum
2581 4825 2731 4892 illud,
2780 4827 2847 4882 de
2887 4843 2996 4897 quo
3034 4829 3258 4899 loquens
3307 4811 3684 4897 ApostoluszEf
3712 4807 3797 4872 FW
3858 4846 3859 4885 ι

2382 4918 2519 4970 enim
2564 4920 2943 4987 cognoscimus,
2986 4921 3182 4989 inquit,
3223 4930 3269 4973 et
3296 4924 3506 4986 exparte
3532 4903 3792 4989 ρνορλααθῗ
3856 4920 3857 4975 l

2382 5006 2515 5061 Cum
2553 4984 2728 5062 aulem
2762 5009 2954 5062 venerit
2982 4984 3119 5080 quod
3139 4984 3409 5081 perfectum
3432 5011 3515 5065 est,
3538 4984 3792 5081 ᾳκοάαρπξί

2380 5082 2453 5152 est
2482 5097 2819 5152 evacuabitur
2845 5098 2897 5170 (l
2942 5067 3065 5154 (lor.
3108 5067 3242 5165 xitl,‘
3268 5101 3340 5170 9).
3373 5067 3789 5170 Dcindevutquomodl?

2377 5198 2557 5258 posset
2599 5189 2773 5259 aliqua
2815 5156 3165 5250 similitudine
3213 5156 3509 5249 ostenderet,
3545 5156 3787 5266 quantitati!h

2378 5256 2467 5334 illa
2515 5296 2635 5352 quae
2665 5256 2844 5336 futura
2875 5294 2959 5338 est
2984 5284 3146 5340 distet
3183 5286 3291 5339 haec
3334 5281 3451 5342 vita,
3494 5286 3579 5328 non
3616 5256 3784 5353 alii“?

2376 5387 2588 5442 cunque
2632 5373 2929 5440 hominum,
2971 5392 3156 5433 verum
3198 5378 3348 5432 etiam
3391 5369 3469 5439 qui
3506 5358 3700 5436 pmiP‘"
3731 5344 3779 5397 ³⁵⁸

2379 5464 2667 5519 sanctitate
2709 5475 2837 5521 sunt
2896 5467 3298 5537 przediti:Cum
3345 5475 3499 5519 essent,
3540 5445 3678 5537 indu")
3706 5446 3777 5537 ’

2376 5556 2563 5624 vulus,
2587 5560 2739 5628 quasi
2770 5521 3328 5632 parvitIu-s'sapiebam.
3371 5549 3499 5625 qui"i
3531 5521 3772 5632 Pam!”
3840 5542 3843 5632 ‘l

2375 5611 2612 5721 quebar,‘
2636 5611 2791 5720 qua;
2815 5611 3074 5724 magis;
3084 5611 3398 5723 "asinam:
3437 5611 3545 5696 cuni
3576 5635 3695 5724 "ff?
3716 5611 3773 5724 ξς

2377 5752 2489 5797 ctus
2534 5759 2651 5797 sutn
2681 5744 2778 5809 vir,
2827 5748 3074 5800 evacuavi
3114 5760 3226 5817 qua!
3245 5735 3427 5813 parvuli
3449 5734 3583 5817 erat":
3622 5711 3768 5817 VT:

2378 5849 2514 5887 nunc
2524 5850 2617 5901 per
2633 5837 2898 5905 speculum
2917 5838 2969 5893 in
2990 5795 3271 5909 mrrigiitate,
3288 5843 3394 5887 tunc
3406 5832 3545 5880 autem
3559 5806 3656 5882 [σεῖε
3668 5795 3711 5853 ’δ
3723 5795 3769 5857 μ’

3845 5337 3847 5427 φ

3842 5542 3843 5609 l

3840 5626 3841 5699 ι

3838 5724 3839 5789 ι

3845 5337 3847 5427 ι

3833 5790 3837 5971 /
