4006 6338
122 372 127 375 ‘
161 363 274 420 945

1271 358 1359 416 DE
1396 358 1688 415 DlVEliSA
1728 357 1967 413 ANerE
2007 356 2325 413 RATIONE.

3325 353 3430 411 946

160 472 321 527 ciem.
351 467 509 526 Nunc
530 485 783 542 cognosco
805 487 870 527 ea:
887 480 1037 543 parte
1057 512 1073 538 ,
1096 479 1219 527 tunc
1238 484 1412 527 autem
1434 488 1742 542 cognoscam
1771 473 1822 534 Α
1849 470 2016 525 videri
2066 469 2233 525 Deum
2281 484 2405 524 cum
2464 466 2753 532 videbitur,
2812 465 3154 522 Christianus
3205 467 3432 535 ambigit

156 564 304 619 sicut
325 571 375 617 et
401 563 639 634 cognitus
666 580 781 618 sum
804 563 856 636 (Ι
887 563 1009 619 Cor.
1042 580 1166 631 xm,
1197 566 1307 635 11).
1336 564 1393 620 Si
1421 579 1548 635 ergo
1572 565 1623 618 in
1646 565 1748 619 hac

160 653 308 718 vita,
336 652 426 708 ubi
462 653 737 708 hominum
768 654 1094 709 mirabilium
1121 656 1400 727 prophetia
1434 656 1506 711 ita
1538 671 1750 725 compa-

159 742 344 797 randa
388 751 472 797 est
505 742 577 797 illi
627 743 751 799 vita:
790 746 942 814 quasi
970 746 1179 814 parvuli
1218 748 1285 802 ad
1312 746 1583 817 iuvenem,
1613 747 1749 802 vidit

160 837 355 885 tamen
403 831 629 887 Eliszeus
677 835 1031 906 accipientem
1098 836 1199 892 sibi
1251 854 1473 893 munera
1531 853 1747 893 servum

159 934 329 974 suum
350 921 439 975 ubi
462 921 577 992 ipse
603 938 707 978 non
730 934 880 990 erat,
905 925 1050 981 itane
1082 942 1205 982 cum
1233 929 1437 984 venerit
1463 928 1603 997 quod
1628 943 1749 998 per-

156 1005 371 1062 fectum
400 1018 502 1078 est,
532 1027 631 1067 nec
672 1013 788 1084 jam
813 1030 1008 1085 corpus
1046 1018 1396 1089 corruptibile
1435 1019 1749 1090 aggravahit

158 1100 432 1167 animam,
466 1102 560 1157 sed
577 1103 979 1175 incorruptibile
999 1108 1133 1164 nihil
1157 1109 1433 1181 impediet,
1466 1110 1543 1164 illi
1573 1110 1755 1166 sancti.

157 1191 233 1245 ad
268 1207 335 1247 ea
386 1208 507 1261 qua;
558 1194 785 1250 videnda
829 1207 956 1252 sunt
1000 1198 1171 1255 oculis
1204 1200 1499 1271 corporeis,
1551 1201 1747 1271 quibus

155 1284 394 1341 Elisaeus
414 1287 607 1343 absens
629 1290 695 1344 ad
725 1305 941 1346 servum
972 1307 1127 1347 suum
1152 1294 1438 1349 videndum
1469 1309 1577 1350 non
1608 1294 1746 1349 indi-

155 1376 304 1447 guit,
332 1375 677 1448 indigebunt?
701 1378 833 1436 Nam
862 1384 1156 1438 secundum
1185 1384 1509 1455 interpretes
1529 1394 1746 1457 septua-

156 1468 336 1539 ginta,
358 1470 462 1525 ista
491 1482 617 1527 sunt
645 1474 712 1528 ad
738 1473 886 1530 Giezi
917 1477 1078 1531 verba
1102 1477 1379 1547 prophetae
1414 1494 1427 1530 :
1454 1475 1642 1533 Nonne
1655 1494 1747 1532 cor

156 1575 338 1613 meum
375 1563 433 1615 iit
459 1573 647 1630 tecum,
673 1566 882 1636 quando
910 1583 1185 1622 conversus
1210 1578 1285 1624 est
1314 1569 1397 1624 vir
1421 1569 1485 1624 de
1507 1586 1666 1625 curru
1689 1572 1745 1625 in

158 1650 367 1706 obviam
393 1653 505 1720 tibi,
529 1664 576 1709 et
600 1658 845 1727 accepisti
863 1659 1136 1727 pecuniam
1155 1661 1181 1714 ?
1203 1669 1308 1715 etc.
1336 1678 1351 1728 ;
1382 1662 1523 1717 sicut
1563 1673 1744 1719 autem

157 1754 230 1795 ex
271 1739 498 1799 Hebraeo
523 1743 908 1816 interpretatus
925 1760 1009 1802 est
1038 1751 1322 1821 presbyter
1347 1750 1740 1825 Hieronymus:

1853 575 2032 625 nemo,
2064 560 2157 629 qui
2188 558 2418 614 fideliter
2445 558 2643 629 accipit
2680 557 2824 628 quod
2854 558 2931 612 ait
2968 558 3110 613 Deus
3146 556 3233 613 ille
3260 559 3431 628 magi-

1850 660 2003 707 ster:
2035 649 2188 704 Beati
2230 650 2413 704 mundi
2451 650 2628 721 corde,
2656 650 2905 721 quoniam
2945 649 3045 720 ipsi
3088 648 3255 704 Deum
3292 651 3431 705 vide-

1851 744 1977 798 bunt
2007 742 2224 815 (Matth.
2253 758 2308 807 γ,
2340 740 2416 812 8).
2477 740 2583 796 Sed
2631 749 2813 796 utrum
2859 741 3023 795 etiam
3059 740 3433 812 corporalibus

1850 836 1926 891 ibi
1955 835 2126 891 oculis
2148 834 2412 897 videatur,
2449 834 2553 889 hoc
2579 833 2632 888 in
2670 834 2775 889 ista
2801 833 3099 904 quzestione
3128 848 3428 890 versamus.

1848 930 1982 987 lllud
2017 931 2160 985 enim
2184 929 2327 1000 quod
2362 928 2622 998 scriptum
2650 936 2732 983 est
2757 947 2770 982 :
2803 927 2870 981 Et
2892 927 3078 984 videbit
3109 928 3279 982 omnis
3306 943 3431 983 caro

1850 1021 2082 1077 salutare
2112 1020 2205 1074 Dei
2241 1018 2390 1093 (Luc.
2422 1036 2503 1083 ιιι,
2530 1019 2605 1091 6),
2635 1019 2751 1075 sine
2786 1018 2949 1075 ullius
2982 1020 3124 1077 nodo
3151 1018 3432 1076 difﬁculta-
3518 1068 3525 1076 .

1849 1112 1920 1167 tis
1946 1112 2025 1167 sic
2054 1111 2280 1182 intelligi
2309 1118 2520 1181 potest,
2554 1125 2616 1164 ar
2643 1110 2689 1166 si
2718 1110 2923 1166 dictum
2947 1109 3125 1175 fuerit,
3152 1119 3206 1167 et
3228 1110 3433 1167 videbit

1847 1201 2025 1256 omnis
2068 1202 2231 1257 homo
2275 1199 2551 1269 Christum
2583 1199 2716 1268 Dei,
2761 1201 2852 1271 qui
2897 1201 3086 1271 utique
3121 1201 3175 1256 in
3201 1213 3432 1271 corpore

1846 1294 1996 1349 visus
2023 1301 2127 1359 est,
2160 1301 2216 1348 et
2260 1293 2317 1349 in
2364 1308 2592 1364 corpore
2634 1293 2907 1350 videbitur
2947 1293 3160 1365 quando
3190 1294 3349 1371 vivos
3375 1304 3433 1349 et

1849 1391 2093 1440 mortuos
2133 1384 2418 1456 iudicabit.
2488 1383 2640 1451 Quod
2686 1392 2867 1440 autem
2917 1384 3033 1456 ipse
3080 1386 3149 1440 sit
3195 1384 3434 1443 salutare

1845 1476 1966 1543 Dei,
2011 1475 2179 1532 multa
2207 1483 2333 1532 sunt
2380 1484 2437 1532 et
2488 1475 2592 1530 alia
2647 1476 2957 1531 testimonia
3004 1476 3433 1548 Scripturarum,

1847 1567 1942 1625 sed
1969 1566 2272 1623 evidentius
2298 1567 2589 1623 venerandi
2620 1566 2763 1622 illius
2785 1566 2933 1623 senis
2967 1566 3239 1624 Simeonis
3266 1568 3433 1624 verba

1847 1656 2166 1723 declarant,
2220 1658 2313 1727 qui
2359 1672 2481 1714 cum
2530 1656 2793 1713 infantem
2837 1657 3110 1715 Christum
3139 1661 3437 1731 accepisset

1846 1748 1902 1804 in
1927 1763 2119 1805 manus
2145 1763 2307 1805 suas:
2335 1746 2514 1815 Nunc,
2555 1749 2750 1820 inquit,
2779 1749 2996 1804 dimittis
3029 1765 3238 1805 servum
3258 1759 3430 1817 tuum,

163 1832 358 1889 Nonne
383 1852 474 1891 cor
505 1854 696 1905 meum,
749 1840 944 1910 inquit,
985 1842 1040 1896 in
1086 1846 1330 1914 pra’senti
1351 1855 1483 1912 erat,
1529 1846 1739 1918 quando
1772 1841 1819 1902 Β
1844 1840 2064 1896 Domine
2090 1883 2106 1908 ,
2141 1842 2424 1897 secundum
2457 1842 2665 1897 verbum
2687 1851 2835 1897 tuum
2880 1843 2937 1897 in
2972 1858 3121 1913 pace.
3166 1841 3430 1909 Quoniam

161 1939 396 1978 reversus
447 1935 523 1981 est
569 1928 722 1983 homo
757 1929 821 1983 de
872 1946 1032 1985 cursu
1081 1949 1177 1987 suo
1242 1934 1297 1988 in
1342 1951 1618 1991 occursum
1670 1937 1747 1991 tui

160 2010 231 2079 (Ι
251 2009 289 2063 ν
326 2011 454 2084 Reg.
486 2030 540 2081 v,
586 2015 697 2087 26).
731 2016 907 2074 Corde
962 2035 1061 2077 suo
1097 2036 1228 2093 ergo
1266 2038 1326 2079 se
1352 2023 1488 2079 dixit
1514 2024 1623 2082 hoc
1662 2027 1746 2081 vi-

154 2103 307 2159 disse
336 2107 618 2175 propheta,
643 2108 828 2180 adjuto
853 2111 1069 2180 quidem
1119 2114 1441 2171 mirabiliter
1467 2116 1615 2172 nullo
1649 2118 1747 2173 du-

147 2193 367 2250 bitante
405 2196 680 2255 divinitus.
716 2198 821 2256 Sed
853 2203 1069 2272 quando
1106 2205 1338 2275 amplius
1382 2215 1510 2265 tunc
1555 2224 1746 2267 omnes

151 2297 388 2337 munere
413 2284 517 2340 isto
543 2287 916 2356 abundabunt,
959 2307 1083 2347 cum
1117 2293 1258 2349 Deus
1295 2295 1401 2351 erit
1446 2298 1629 2354 omnia
1688 2300 1743 2354 in

50 2426 55 2433 ,
149 2371 449 2428 omnibus?
499 2374 780 2432 Habebunt
834 2386 1015 2436 tamen
1078 2383 1242 2438 etiam
1296 2384 1370 2440 illi
1413 2387 1553 2443 oculi
1616 2405 1743 2446 cor-

148 2461 310 2529 porei
372 2460 605 2520 ofﬁcium
673 2482 868 2532 suum,
940 2479 997 2526 et
1057 2472 1112 2527 in
1180 2474 1301 2533 loco
1375 2494 1474 2535 suo
1547 2490 1740 2550 erunt,

150 2561 452 2646 uteturque
526 2554 632 2613 illis
714 2561 939 2630 spiritus
1001 2579 1102 2634 per
1196 2570 1442 2640 Spiritale
1516 2588 1736 2646 corpus.

146 2640 347 2712 Neque
419 2646 567 2702 enim
628 2658 684 2705 et
752 2651 843 2708 ille
914 2657 1200 2726 propheta,
1273 2662 1399 2732 quia
1471 2678 1577 2719 non
1615 2640 1745 2722 ἐἰς

146 2733 384 2807 indiguit
428 2745 490 2793 ut
556 2740 768 2797 videret
812 2744 1116 2815 absentem,
1177 2766 1282 2806 non
1344 2755 1423 2809 eis
1474 2770 1605 2811 usus
1658 2764 1743 2812 est

147 2826 222 2880 ad
243 2827 472 2884 videnda
521 2835 805 2900 praesentia
833 2876 848 2901 ,
904 2852 1025 2907 qua:
1065 2850 1246 2897 tamen
1292 2845 1514 2913 spiritus
1559 2848 1742 2905 videre

148 2926 381 2985 posset,
423 2920 636 2978 etiamsi
666 2924 786 2981 illos
811 2927 1116 2995 clauderet,
1169 2933 1308 2989 sicut
1335 2936 1468 2992 vidit
1495 2938 1741 2995 absentia

147 3004 247 3060 ubi
298 3022 421 3063 cum
453 3010 533 3066 eis
570 3012 687 3082 ipse
731 3030 838 3069 non
878 3024 1016 3071 erat.
1074 3019 1230 3076 Absit
1257 3038 1387 3095 ergo
1413 3035 1471 3081 ut
1501 3027 1741 3086 dicamus

148 3096 277 3154 illos
306 3110 521 3157 sanctos
547 3103 601 3157 in
623 3104 711 3158 illa
742 3106 848 3160 vita
882 3106 1050 3164 Deum
1079 3110 1281 3169 clausis
1306 3115 1477 3172 oculis
1517 3133 1622 3173 non
1660 3121 1740 3175 vi-

1849 1931 2092 1988 viderunt
2116 1932 2256 1987 oculi
2281 1932 2383 1987 mei
2416 1931 2649 1988 salutare
2678 1942 2824 1987 tuum
2847 1930 2999 2005 (Luc.
3032 1948 3112 1998 ιιι,
3143 1930 3257 2004 29).
3300 1930 3435 1988 Illud

1849 2023 2013 2079 etiam
2036 2025 2178 2095 quod
2200 2025 2276 2079 ait
2304 2038 2464 2095 supra
2497 2032 2828 2080 memoratus
2852 2023 2974 2089 Job,
3005 2023 3147 2079 sicut
3174 2023 3229 2078 in
3251 2036 3434 2078 exem-

1848 2114 2090 2185 plaribus
2125 2129 2245 2185 quae
2275 2114 2330 2170 in
2361 2114 2589 2169 Hebrteo
2627 2122 2755 2170 sunt
2795 2114 3089 2179 invenitur,
3118 2123 3168 2167 et
3196 2113 3252 2167 in
3278 2128 3434 2167 carne

1848 2220 1963 2258 mea
2006 2204 2185 2259 videbo
2238 2204 2408 2259 Deum
2466 2203 2603 2277 (Job‘
2643 2220 2768 2271 χιχ,
2810 2203 2924 2276 26),
2972 2204 3429 2261 resurrectionem
3482 2192 3485 2199 ’

1846 2298 2064 2368 quidem
2108 2298 2291 2355 carnis
2337 2298 2454 2355 sine
2497 2297 2661 2355 dubio
2698 2299 3074 2369 prophetavit,
3108 2312 3214 2353 non
3253 2305 3433 2353 tamen

1846 2391 2012 2457 dixit,
2044 2392 2153 2449 Per
2179 2408 2400 2448 carnem
2440 2407 2638 2448 meam.
2677 2391 2832 2460 Quod
2863 2392 3080 2463 quidem
3110 2391 3156 2447 si
3184 2391 3429 2456 dixisset,

1842 2495 2028 2555 posset
2077 2486 2219 2542 Deus
2247 2485 2501 2541 Christus
2542 2484 2799 2557 intelligi,
2847 2486 2937 2555 qui
2985 2498 3085 2556 per
3128 2474 3349 2539 carnem
3375 2482 3434 2537 in

1844 2573 2331 2634 carne'videbitur.
2371 2577 2527 2634 Nunc
2573 2593 2701 2634 vero
2743 2587 2920 2649 potest
2957 2586 3015 2634 et
3039 2579 3120 2632 sic
3154 2575 3345 2646 accipi,
3376 2576 3434 2631 in

1842 2683 2000 2722 carne
2028 2684 2145 2722 mea
2171 2667 2350 2723 videbo
2373 2668 2565 2735 Deum,
2600 2682 2665 2723 ac
2695 2668 2740 2722 si
2768 2668 3010 2732 dixisset,
3038 2667 3097 2722 In
3120 2681 3285 2723 carne
3311 2679 3434 2722 mea

1841 2773 1938 2814 ero
1964 2775 2085 2815 cum
2117 2758 2308 2815 videbo
2337 2759 2526 2813 Deum.
2580 2759 2649 2814 Et
2683 2758 2811 2814 illud
2847 2759 2990 2829 quod
3018 2758 3094 2814 ait
3119 2756 3429 2829 Apostolus,

1842 2848 1978 2919 facie
2007 2848 2076 2903 ad
2096 2849 2286 2919 faciem
2309 2847 2363 2920 (Ι
2388 2847 2510 2903 Cor.
2542 2866 2663 2916 xm,
2694 2850 2804 2923 11),
2848 2866 2956 2905 non
2988 2850 3137 2922 cogit
3163 2857 3223 2905 ut
3258 2849 3430 2904 Deum

1842 2960 1940 3016 per
1978 2941 2169 2998 faciem
2200 2943 2340 2998 hanc
2380 2943 2753 3014 corporalem,
2782 2942 2872 3000 ubi
2915 2950 3042 2999 sunt
3068 2941 3433 3018 oculircorpo-

1842 3035 2006 3102 rales,
2037 3049 2136 3090 nos
2171 3034 2383 3090 visuros
2410 3050 2532 3091 esse
2556 3036 2872 3100 credamus,
2905 3048 3066 3105 quem
3094 3033 3287 3105 spiritu
3312 3033 3431 3089 sine

1842 3125 2246 3182 intermissione
2268 3126 2590 3181 videbimus.
2650 3124 2764 3181 Nisi
2795 3125 2938 3180 enim
2966 3133 3111 3181 esset
3151 3124 3316 3179 etiam
3346 3122 3431 3178 in-

386 3205 547 3289 ί1¹¹θξ¹¹
590 3194 782 3263 spirit"
832 3211 1045 3289 iamper
1090 3200 1366 3259 νίάθὺυιη-
1420 3205 1525 3262 Sed
1558 3217 1736 3265 "trum
1766 3190 1811 3252 ε
1845 3220 2063 3276 terioris
2091 3219 2328 3275 hominis
2349 3219 2538 3285 facies,
2568 3234 2675 3275 non
2712 3219 2917 3275 diceret
2944 3218 3085 3273 idem
3107 3213 3424 3289 Apostolus:

150 3278 418 3336 videbunt
443 3284 604 3340 etiam
631 3301 728 3357 per
749 3288 934 3345 oculos
959 3294 1226 3363 corporis,
1256 3310 1377 3351 cum
1403 3313 1496 3354 eos
1522 3310 1740 3370 apertos

148 3371 469 3465 habebunt,
502 3376 627 3433 inde
670 3382 897 3450 quaastio
934 3392 1037 3439 est.
1075 3384 1132 3441 Si
1160 3387 1305 3443 enim
1345 3398 1550 3446 tantum
1583 3402 1738 3465 pote-

148 3471 286 3517 runt
313 3464 368 3518 in
395 3476 620 3535 corpore
646 3471 905 3555 spiritali,
937 3489 1002 3531 eo
1028 3477 1188 3533 modo
1214 3479 1399 3551 utique
1431 3464 1599 3538 etiam)
1636 3486 1737 3555 ipsi

147 3556 299 3648 oculi
329 3560 600 3629 spiritales
627 3604 642 3630 ,
675 3550 937 3636 quantum
983 3583 1209 3641 possunt
1238 3550 1326 3631 isti
1367 3579 1555 3648 quales
1595 3550 1737 3638 nunc

149 3646 448 3745 habendus,
479 3655 665 3723 procul
689 3657 851 3715 dubio
869 3675 968 3730 per
1003 3678 1097 3721 eos
1122 3665 1265 3723 Deus
1301 3646 1471 3727 videri
1505 3689 1611 3729 non
1637 3689 1735 3745 po-

150 3740 306 3796 terit.
325 3742 526 3838 isonge
566 3749 749 3829 itaque
790 3752 1015 3812 alterius
1055 3770 1215 3815 erunt
1238 3764 1526 3831 potentias,
1567 3766 1612 3821 si
1637 3740 1740 3838 per

147 3846 250 3924 eos
288 3834 559 3893 videbitur
591 3840 909 3914 incorporea
936 3846 1023 3901 illa
1055 3858 1281 3918 natura,
1314 3870 1435 3924 quae
1463 3871 1569 3911 non
1602 3834 1735 3912 con-

151 3922 362 4018 tinetur
398 3927 539 3996 loco,
582 3934 676 3989 sed
723 3936 922 4007 ubique
967 3948 1077 3996 tota
1122 3952 1225 3997 est.
1284 3922 1401 4001 Non
1435 3948 1580 4002 enim
1610 3950 1736 4018 quia

154 4014 389 4109 dicimus
417 4018 586 4078 Deum
610 4032 666 4079 et
694 4024 748 4080 in
777 4027 917 4083 cmlo
939 4043 1059 4085 esse
1084 4042 1140 4088 et
1168 4034 1220 4088 in
1253 4044 1417 4103 terra,
1448 4037 1562 4107 ipse
1584 4014 1738 4109 quip-

150 4120 221 4199 pe
245 4107 321 4162 ait
351 4124 452 4179 per
486 4114 803 4185 prophetam
829 4135 843 4172 :
898 4119 1096 4176 Caelum
1127 4134 1177 4178 et
1213 4133 1406 4180 terram
1435 4144 1527 4198 ego
1551 4107 1737 4199 impleo

154 4196 296 4268 (Jer.
326 4216 483 4269 χχιιι,
512 4204 627 4277 24),
660 4206 821 4264 aliam
849 4220 1059 4281 partem
1091 4214 1286 4271 dicturi
1313 4196 1498 4275 sumus
1523 4196 1647 4275 eum
1683 4221 1735 4276 in

146 4288 295 4346 caelo
336 4293 536 4352 habere
557 4338 573 4363 ,
622 4308 679 4354 et
704 4300 758 4355 in
800 4310 944 4358 terra
985 4305 1143 4361 aliam
1172 4325 1184 4361 :
1214 4308 1307 4365 sed
1337 4318 1480 4367 totus
1509 4312 1562 4367 in
1599 4315 1738 4371 coelo

144 4388 238 4436 est
262 4420 278 4446 ,
325 4391 467 4440 totus
516 4388 567 4442 in
604 4396 767 4457 terra,
809 4407 915 4449 non
954 4394 1182 4453 alternis
1223 4401 1594 4470 temporibus,
1642 4406 1737 4461 sed

144 4479 446 4565 utrumque
489 4477 689 4547 simul,
720 4484 863 4552 quod
907 4485 1052 4540 nulla
1094 4496 1285 4545 natura
1316 4494 1610 4563 corporalis
1638 4510 1734 4565 po-

145 4571 283 4619 test.
324 4564 418 4622 Vis
444 4567 625 4639 itaque
652 4572 1052 4643 praepollentior
1074 4579 1356 4636 oculorum
1373 4583 1479 4638 erit
1500 4564 1733 4651 illorum,

146 4671 264 4711 non
309 4666 369 4714 ut
398 4661 579 4718 acrius
606 4664 852 4733 videant,
903 4682 1064 4738 quam
1103 4672 1351 4741 quaedam
1381 4676 1739 4745 perhibentur

146 4747 344 4804 videre
377 4763 657 4823 serpentes
696 4766 753 4812 et
798 4759 992 4830 aquila:
1038 4764 1395 4833 (quantalibet
1419 4769 1561 4823 enim
1590 4771 1736 4826 acri-

145 4840 333 4893 monia
357 4846 615 4900 cernendi
647 4847 835 4905 eadem
876 4865 1092 4923 quoque
1117 4856 1393 4924 animalia,
1431 4859 1564 4914 nihil
1594 4860 1738 4916 aliud

145 4939 381 4999 possunt
405 4934 586 4991 videre
608 4952 768 5007 quam
798 4941 1085 5014 corpora),
1116 4945 1210 5000 sed
1241 4954 1300 5000 ut
1326 4946 1543 5003 videant
1571 4958 1626 5004 et
1651 4950 1735 5004 in-

145 5021 479 5090 corporalia.
523 5025 589 5080 Et
630 5026 861 5085 fortasse
878 5030 990 5086 ista
1031 5032 1204 5089 virtus
1246 5050 1441 5106 magna
1483 5037 1741 5093 cernendi

147 5110 471 5202 datafuerit
492 5117 560 5173 ad
582 5118 770 5176 horam
789 5164 805 5189 ,
841 5125 1006 5181 etiam
1036 5125 1089 5181 in
1119 5127 1223 5183 isto
1250 5130 1462 5185 mortali
1487 5146 1738 5202 corpore,

146 5201 330 5257 oculis
367 5207 541 5263 sancti
588 5210 690 5265 viri
740 5210 860 5278 Job,
910 5217 1127 5285 quando
1180 5218 1258 5272 ait
1304 5220 1374 5275 ad
1419 5201 1599 5276 Deum,
1626 5239 1641 5276 :
1671 5221 1740 5276 In

147 5292 411 5350 obauditu
434 5300 582 5356 auris
604 5303 882 5359 audiebam
912 5315 959 5360 te
984 5309 1134 5375 prius
1151 5347 1167 5374 ,
1192 5325 1329 5364 nunc
1355 5320 1529 5366 autem
1557 5312 1740 5368 oculus

147 5402 303 5441 meus
332 5390 467 5446 videt
513 5403 581 5449 te.
648 5394 935 5467 Propterea
986 5390 1196 5469 despexi
1230 5404 1590 5474 memetipsum
1618 5446 1631 5469 ,
1686 5416 1737 5460 et

148 5478 428 5548 distabui,
469 5495 517 5539 et
561 5488 854 5546 existimavi
893 5508 974 5545 me
1016 5502 1209 5548 terram
1249 5504 1297 5550 et
1336 5497 1560 5552 cinerem
1601 5497 1734 5569 (Job

150 5586 294 5635 xui,
317 5572 394 5642 5).
436 5572 694 5641 Quamvis
724 5580 855 5635 nihil
884 5582 971 5637 hic
998 5583 1285 5653 prohibeat
1310 5586 1526 5641 oculum
1556 5587 1737 5642 cordis

150 5666 410 5737 intelligi,
439 5669 507 5726 de
530 5672 726 5740 quibus
751 5674 919 5731 oculis
947 5678 1023 5731 ait
1049 5677 1333 5749 Apostolus
1358 5697 1371 5730 :
1402 5678 1737 5736 Illuminatos

150 5756 338 5811 oculos
369 5758 557 5816 habere
574 5763 751 5818 'cordis
774 5768 925 5821 vestri
954 5766 1166 5838 (Ep-hes.
1195 5785 1229 5835 ι,
1262 5770 1369 5841 18).
1403 5769 1535 5840 ipsis
1559 5779 1737 5826 autem

1766 4544 1817 4603 D

1843 3311 1957 3367 Nos
2001 3322 2177 3366 autem
2219 3310 2444 3367 revelata
2480 3310 2616 3381 facie
2656 3308 2874 3381 gloriam
2912 3308 3126 3363 Domini
3154 3305 3432 3378 speculan-

1840 3413 1934 3468 tes,
1960 3404 2014 3457 in
2041 3401 2277 3457 eamdem
2310 3403 2588 3477 imaginem
2612 3400 3055 3470 transformamur
3079 3398 3143 3453 de
3163 3396 3334 3469 gloria
3356 3395 3428 3450 ad

1838 3490 2084 3563 gloriam,
2116 3500 2367 3563 tanquam
2403 3507 2435 3544 α
2463 3488 2677 3544 Domini
2711 3488 2898 3560 spiritu
2920 3484 3007 3558 (II
3036 3483 3158 3541 Cor.
3195 3498 3277 3548 ut,
3314 3480 3425 3554 18).

1841 3580 1952 3637 Nec
1992 3580 2150 3638 aliter
2178 3580 2523 3651 intelligimus
2547 3588 2602 3633 et
2631 3578 2774 3649 quod
2818 3578 2872 3631 in
2917 3575 3123 3648 psalmo
3163 3573 3421 3630 canitur:

1839 3673 2081 3729 Accedite
2106 3673 2175 3729 ad
2198 3689 2337 3740 eum,
2365 3682 2413 3727 et
2442 3671 2839 3737 illuminamini,
2861 3681 2909 3726 et
2934 3671 3096 3742 [acies
3117 3679 3299 3726 vestra:
3324 3683 3429 3724 non

1839 3764 2135 3819 erubescent
2165 3762 2340 3835 (Psal.
2376 3778 2573 3827 χχχιιι,
2614 3760 2693 3832 6).
2734 3760 2866 3816 Fide
2912 3760 3109 3833 quippe
3148 3758 3428 3815 acceditur

1841 3855 1910 3910 ad
1936 3855 2105 3909 Deum
2130 3894 2144 3919 ,
2186 3860 2350 3923 quam
2380 3853 2562 3909 cordis
2585 3859 2801 3908 constat
2843 3867 2986 3917 esse,
3028 3866 3134 3907 non
3162 3848 3427 3921 corporis.

1844 3944 1951 4001 Sed
1979 3944 2105 4015 quia
2135 3943 2381 4014 spiritale
2416 3958 2614 4014 corpus
2652 3942 2927 3999 nescimus
2953 3949 3183 4012 quantos
3209 3938 3430 3996 habebit

1840 4052 2123 4102 accessus,
2172 4038 2239 4091 de
2275 4050 2334 4090 re
2356 4036 2553 4105 quippe
2582 4035 2859 4104 inexperta
2889 4033 3180 4103 loquimur,
3209 4031 3302 4086 ubi
3322 4029 3429 4086 ali-

1840 4142 1969 4198 qua,
2000 4141 2121 4198 quae
2163 4125 2320 4181 aliter
2348 4125 2573 4196 intelligi
2602 4131 2905 4196 nequeant,
2938 4124 3242 4179 divinarum
3273 4120 3425 4177 Scri-

1840 4228 2120 4292 pturarum
2158 4234 2265 4274 non
2306 4217 2546 4273 occurrit
2572 4225 2627 4273 et
2656 4216 2927 4273 succurrit
2969 4214 3297 4279 auctoritas,
3327 4227 3425 4268 ne-

1841 4328 1995 4370 cesse
2019 4321 2103 4369 est
2133 4319 2193 4368 ut
2215 4311 2493 4382 contingat
2520 4309 2575 4364 in
2604 4310 2763 4365 nobis
2800 4308 2945 4379 quod
2974 4307 3172 4378 legitur
3196 4307 3249 4361 in
3280 4305 3420 4361 libro

1842 4406 2133 4477 Sapientiae
2169 4423 2183 4460 :
2220 4404 2570 4475 Cogitationes
2623 4401 2926 4458 mortalium
2966 4402 3187 4467 timidm,
3236 4409 3285 4455 et
3334 4401 3423 4455 in.-

1844 4512 1999 4554 certa:
2026 4498 2366 4570 providentia:
2396 4505 2591 4552 nostra:
2619 4495 2773 4567 (Sap.
2802 4511 2879 4561 ιχ,
2910 4494 3023 4566 14).
3060 4492 3422 4551 Ratiocinatio

1841 4589 2039 4659 quippe
2085 4587 2172 4642 illa
2222 4586 2663 4658 philosophorum
2693 4627 2708 4652 ,
2752 4600 2858 4656 qua
2905 4584 3183 4656 disputant
3229 4583 3429 4640 mentis

1844 4684 2063 4746 aspectu
2092 4675 2447 4746 intelligibilia
2476 4675 2668 4741 videri,
2694 4683 2749 4729 et
2777 4690 2938 4730 sensu
2964 4673 3210 4745 corporis
3249 4674 3429 4729 sensi-

1842 4766 1995 4832 bilia,
2021 4766 2074 4820 id
2100 4774 2183 4820 est
2203 4764 2508 4834 corporalia
2534 4803 2550 4830 ,
2584 4773 2645 4819 ut
2679 4780 2781 4821 nec
2805 4764 3159 4835 intelligibilia
3184 4777 3281 4833 per
3302 4778 3426 4819 cor-

1841 4873 1964 4928 pus,
1993 4872 2095 4913 nec
2125 4856 2424 4928 corporalia
2451 4872 2548 4926 per
2576 4857 2751 4927 seipsa
2796 4871 2949 4934 mens
2978 4855 3155 4910 valeat
3192 4853 3420 4920 intueri,

1842 4948 1888 5003 si
1914 4956 2099 5019 posset
2126 4949 2282 5003 nobis
2308 4962 2429 5003 esse
2469 4946 2797 5012 certissima,
2839 4946 3082 5017 profecto
3107 4955 3313 5001 certum
3341 4958 3426 4999 es-

1843 5049 1926 5096 set
1952 5055 2049 5111 per
2074 5040 2259 5096 oculos
2287 5041 2549 5113 corporis,
2578 5040 2742 5095 etiam
2772 5027 3061 5111 spiritales,
3095 5038 3240 5093 nullo
3262 5038 3423 5093 modo

1842 5146 2002 5202 posse
2049 5132 2221 5187 videri
2267 5132 2458 5187 Deum.
2522 5131 2629 5187 Sed
2677 5131 2834 5187 istam
2869 5130 3339 5185 ratiocinationem
3369 5137 3426 5184 et

1840 5237 1971 5277 vera
2018 5222 2193 5288 ratio,
2242 5232 2297 5277 et
2343 5222 2659 5293 prophetica
2697 5220 3249 5279 irridet'auctoritas.
3290 5219 3424 5289 Quis

1843 5314 1987 5370 enim
2013 5314 2085 5369 ita
2116 5314 2189 5369 sit
2215 5328 2444 5370 aversus
2469 5329 2500 5369 a
2526 5328 2675 5378 vero,
2706 5321 2765 5367 ut
2794 5313 2975 5368 dicere
3013 5311 3211 5368 audeat
3251 5311 3425 5368 Deum

1843 5405 2144 5477 corporalia
2162 5405 2279 5464 ista
2305 5404 2552 5460 nescire?
2578 5402 2829 5473 Nunquid
2857 5417 2987 5475 ergo
3010 5417 3210 5474 corpus
3236 5403 3422 5470 habet,

1843 5512 1942 5570 per
1968 5496 2123 5567 cujus
2151 5496 2336 5552 oculos
2366 5511 2431 5551 ea
2470 5495 2644 5566 possit
2671 5496 2985 5550 addiscere?
3034 5494 3234 5550 Deinde
3277 5496 3422 5566 quod

1820 5591 1911 5651 .de
1932 5590 2196 5662 propheta
2217 5588 2410 5645 Elisam
2438 5586 2597 5658 paulo
2623 5596 2748 5643 ante
2776 5588 3010 5643 diximus
3034 5628 3049 5654 ,
3080 5602 3262 5644 nonne
3290 5587 3426 5644 satis

1844 5682 2049 5738 indicat
2079 5680 2244 5735 etiam
2289 5678 2506 5749 spiritu,
2555 5695 2660 5735 non
2700 5693 2796 5749 per
2842 5694 3076 5750 corpus,
3123 5677 3426 5749 corporalia

1846 5787 2003 5846 posse
2033 5771 2217 5828 cerui?
2261 5769 2487 5838 Quando
2512 5769 2657 5825 enim
2689 5784 2877 5827 servus
2905 5770 2991 5825 ille
3018 5784 3242 5827 munera
3272 5784 3425 5827 acce—
