4006 6338
171 364 298 420 949

1296 371 1382 426 DE
1421 370 1710 426 DIV’ERSA
1749 370 1990 426 ΑΝΙΜίΕ
2026 372 2344 429 RA’TIONE.

3351 377 3459 431 950

174 491 320 552 post
346 477 620 552 aliquanta
649 495 660 530 :
693 497 718 552 ι⁸
742 478 935 546 Quaere
964 481 1051 536 ubi
1076 490 1158 537 est
1196 483 1484 552 Apostolus
1512 483 1690 537 modo.
1725 480 1780 536 Si
1813 483 1858 541 Α
1889 495 1996 552 non
2013 479 2186 552 solum
2217 497 2340 536 cum
2375 482 2624 546 terrenis,
2654 481 2747 538 sed
2788 483 2950 538 etiam
2981 498 3102 538 cum
3127 483 3303 540 aereis
3332 500 3458 540 cor-

176 549 323 620 quis
355 549 676 620 respondeat
707 549 759 603 in
791 552 973 618 requie
995 567 1118 606 cum
1157 549 1392 615 Cltristo,
1421 569 1604 607 verum
1632 553 1780 608 dicit.

175 618 402 674 lterum
497 618 986 699 qttis_res_pon_deat,
1018 621 1203 699 Romte
1227 624 1278 699 in
1305 624 1572 699 sepulcro,
1596 632 1648 677 et
1673 625 1785 694 ipse

178 705 389 744 verum
421 687 578 761 dicit:
599 687 884 743 Illud’mihi
930 692 996 746 de
1022 693 1222 756 anima,
1254 687 1448 748 hoc'de
1479 687 1592 761 ejus
1621 687 1786 748 carne

181 758 499 834 respondit.
533 757 643 813 Nec
691 770 871 834 tamen
898 761 1030 834 ideo
1065 763 1199 834 duos
1244 764 1474 818 dicimus
1505 757 1786 834 apostolos

185 826 425 904 Paulos,
449 845 616 904 unum
640 830 1050 904 quirequiescit
1073 833 1126 887 in
1166 833 1406 898 Christo,
1438 826 1666 889 alterum
1692 834 1784 904 qui

182 907 280 954 est
310 899 518 969 positus
547 898 598 974 in
617 898 882 974 sepulcro.
913 922 931 954 ι
967 903 1033 958 Et
1059 912 1182 973 post
1209 905 1510 974 paululum:
1535 925 1553 956 c
1591 904 1694 960 Sed
1712 898 1785 960 ex

186 985 308 1038 quo
330 971 662 1025 consortium
694 973 871 1025 carnis
895 982 951 1027 et
985 971 1176 1028 animae
1203 971 1439 1030 hominis
1475 990 1667 1029 nomen
1696 993 1784 1031 ac-

187 1039 366 1110 cepit,
393 1039 506 1109 jam
539 1049 594 1097 et
623 1041 891 1116 singnlum
919 1053 1082 1116 atque
1122 1055 1432 1116 separatum
1473 1047 1785 1102 utrumlibet

188 1123 391 1164 eorum
421 1125 614 1166 nomen
643 1113 878 1166 hominis
904 1115 1093 1168 tenuit.
1118 1135 1137 1167 ι

267 1177 328 1233 1η
356 1195 604 1259 sermone
625 1181 696 1259 ιβ
723 1199 736 1236 :
767 1201 803 1259 ε
822 1183 1054 1259 Ingressi
1094 1200 1281 1259 sumus
1309 1187 1599 1259 credendo,
1628 1203 1784 1259 egre-

193 1249 412 1325 diemur
435 1253 736 1325 moriendo.
770 1249 1172 1325 Sed-quomodo
1197 1271 1294 1325 per
1317 1259 1512 1312 ostium
1547 1249 1784 1316 “defin-

195 1321 372 1394 gtessi
401 1337 608 1385 sumus,
635 1323 714 1394 sic
744 1321 935 1378 ﬁdeles
949 1325 1015 1378 de
1035 1321 1261 1394 corpore
1281 1343 1556 1382 exeamus.
1583 1347 1602 1380 ι

269 1390 328 1444 Ιιι
361 1406 610 1468 sermone
639 1393 709 1448 49
732 1413 759 1468 ε
778 1413 797 1446 ι
818 1394 1042 1468 Dormit
1083 1390 1213 1468 ergo
1240 1398 1418 1453 omnis
1442 1407 1705 1463 mortuus,
1731 1408 1783 1454 et

195 1457 456 1540 bonu_s__et
483 1463 694 1540 _malus.
727 1463 832 1518 Sed
861 1457 1411 1540 quomodo'interest
1440 1469 1493 1524 in
1540 1469 1672 1540 ipsis
1692 1457 1786 1540 qui

196 1531 740 1610 quotidiedormiunt
761 1543 817 1610 et
850 1531 1169 1610 exsurgunt,
1197 1538 1326 1610 quid
1350 1531 1577 1610 quisque
1607 1531 1786 1595 vidéat

197 1555 443 1600 quotum:
466 1555 740 1588 tturmlunt
761 1555 817 1588 el.
850 1555 1169 1604 exsurgunt,
1197 1555 1326 1606 quia
1389 1555 1577 1610 nisque
1607 1555 1781 1595 Vldeal

197 1601 253 1679 in
288 1602 495 1679 somnis
521 1603 650 1679 :__alii
681 1605 922 1679 sentiunt
945 1606 1066 1679 lieta
1099 1609 1300 1673 omnia,
1335 1555 1424 1663 ﬂii
1455 1611 1781 1679 torquentia,

197 1670 296 1750 ita_
319 1681 379 1726 ut
401 1674 663 1750 evigilans
694 1675 931 1750 dormire
961 1677 1169 1750 timeat,
1222 1670 1293 1734 ne
1320 1680 1386 1734 ad
1435 1670 1784 1750 ipsa-iterum

196 1743 408 1816 redeat.
459 1743 560 1816 Sic
578 1745 946 1815 unusquisque
995 1747 1272 1803 hominum
1320 1743 1635 1806 cum-causa
1685 1766 1783 1807 sua

195 1811 421 1891 dormit,
439 1813 560 1869 cum
583 1811 752 1891 causa
769 1811 875 1868 sua'
893 1819 1062 1891 surgit
1082 1827 1167 1891 :het
1195 1819 1418 1876 interest
1437 1820 1582 1891 quali
1607 1831 1785 1878 custo-

197 1879 288 1962 dia
324 1885 552 1962 quisque
580 1886 894 1962 recipiatur,
924 1879 1249 1962 ad'judicem
1272 1879 1786 1962 postea'producen-

200 1951 499 2008 dus—Nam
550 1951 1060 2032 etre'ccptiones‘in
1097 1951 1396 2032 custodiam
1444 1951 1542 2032 pro
1580 1963 1786 2019 meritis

199 2035 488 2099 causarum
519 2026 861 2081 adhibentur.
909 2027 1059 2099 Alios
1100 2030 1360 2099 jubentur
1408 2026 1682 2088 custodire
1715 2033 1782 2088 li-

199 2101 403 2172 ctores,
430 2096 732 2172 humanum)
758 2106 814 2153 et
851 2098 981 2172 mite
1017 2096 1249 2154 otiicium
1280 2111 1442 2172 atque
1469 2104 1658 2160 civile:
1693 2104 1783 2160 alii

201 2165 491 2239 traduntur
511 2167 843 2238 optionibus,
870 2170 958 2224 alii
989 2172 1278 2226 mittuntur
1309 2165 1370 2227 in'
1406 2190 1705 2239 carcerem,
1731 2187 1786 2230 ct

200 2232 318 2306 ipso
343 2232 564 2311 carcere
590 2255 697 2311 non
728 2253 938 2304 omnes,
974 2242 1068 2296 sed
1097 2257 1196 2311 pro
1225 2245 1434 2301 meritis
1474 2232 1783 2311 graviorum

200 2261 318 2306 ιγειυ
343 2261 563 2294 carcere
591 2261 697 2294 non
728 2261 938 2304 "miles,
974 2261 1068 2296 seu
1097 2261 1196 2311 pro
1225 2261 1434 2301 meritis
1513 2261 1783 2302 ravtorum

200 2319 506 2387 cgnsarum,
536 2310 588 2362 in
613 2309 718 2387 ima
749 2312 986 2387 carceris
1018 2313 1434 2387 comminatur.
1469 2261 1620 2370 gicut
1653 2331 1785 2387 ergo

200 2376 429 2451 t‘iversae
472 2381 732 2435 custodiae
781 2383 1053 2451 agentium
1095 2383 1148 2436 in
1186 2382 1386 2447 officio,
1437 2386 1516 2440 sic
1559 2376 1785 2442 diversae

201 2448 459 2528 custodiis
493 2448 853 2515 mortuorum,
889 2460 946 2506 et
995 2453 1205 2507 diversa
1253 2456 1443 2510 merita
1496 2472 1782 2528 resurgem

198 2517 358 2594 tium.
413 2518 680 2594 Deceptus
708 2531 790 2594 est
824 2534 1342 2594 panper,ireceptus
1371 2535 1455 2581 est
1490 2517 1781 2592 divesfscd

198 2588 292 2666 ille
317 2589 379 2666 in_
399 2589 520 2666 sinu
537 2588 839 2666 _'A|)rah:e,'
864 2588 960 2666 iile
990 2593 1079 2648 ubi
1121 2588 1322 2658 sitiret,
1352 2606 1408 2650 et
1433 2588 1655 2666 guttam
1677 2613 1781 2651 non

197 2657 472 2748 inveniret
503 2660 654 2743 (an.
681 2663 812 2744 xvi).
863 2663 1094 2748 Habent_
1108 2679 1238 2748 ergo
1266 2657 1701 2748 οιιιῐιειξειιιὶιιιξῡζ
1728 2675 1786 2721 ut

197 2742 268 2801 ex
298 2730 397 2785 hac
423 2733 711 2787 occasione
755 2730 1019 2788 instruam
1045 2730 1366 2792 charitatem
1401 2748 1662 2801 vestram,
1689 2739 1788 2792 ha-

199 2799 333 2854 bent
350 2815 537 2856 omnes
556 2803 770 2867 animae,
803 2819 926 2871 eum
956 2806 1022 2860 de
1048 2806 1245 2861 seculo
1271 2806 1524 2871 exierint,
1545 2799 1786 2863 diversas

202 2871 544 2946 receptiones
583 2889 728 2946 suas.
762 2869 974 2946 Habent
995 2877 1246 2946 gaudium
1275 2879 1450 2943 bonae,
1491 2869 1646 2933 malae
1677 2888 1786 2933 tor-

203 2951 423 2996 menta:
455 2944 547 2998 sed
573 2951 633 2997 ut
677 2943 818 3000 facta
856 2943 1020 3000 fuerit
1058 2951 1406 3010 resurrectio,
1440 2959 1493 3004 et
1520 2949 1783 3004 bonorum

202 3011 460 3089 gaudium
489 3014 739 3089 amplius,
791 3015 918 3081 erit,
950 3025 1005 3071 et
1048 3017 1314 3072 malorum
1366 3028 1632 3075 tormenta
1664 3034 1786 3089 gra-

201 3082 380 3161 viora,
410 3082 624 3154 quando
653 3101 774 3140 cum
813 3101 1048 3161 corpore
1093 3089 1504 3161 torquebuntur.
1565 3082 1785 3161 Βεὼριί

203 3163 334 3230 sunt
361 3154 413 3208 in
440 3169 623 3230 pacem
655 3154 1210 3230 saneiigpatriarchae,‘
1243 3160 1537 3230 prophetae,
1569 3154 1786 3230 aposio-

203 3223 266 3286 li,
297 3223 581 3296 martyres,
609 3226 735 3281 boni
784 3223 1003 3288 fideles:
1052 3223 1260 3284 omnes'
1286 3223 1463 3284 taincu
1516 3223 1567 3285 in
1601 3223 1785 3286 'tinem

208 3297 481 3367 accepturi
523 3305 649 3350 sunt
671 3298 815 3366 quod
858 3299 1108 3367 promisit
1160 3300 1320 3355 Deus.
1377 3300 1648 3356 Promissa
1704 3310 1789 3357 est

201 3363 354 3442 enini
378 3363 707 3422 resurrectio
734 3363 896 3442 etiam
946 3371 1147 3442 carnis,
1195 3371 1387 3426 mortis
1426 3375 1786 3442 consumptio,

207 3433 320 3487 vita
343 3444 542 3512 aeterna
566 3452 687 3492 cum
718 3439 942 3512 angelis.
975 3439 1087 3495 Hoc
1115 3456 1304 3496 omnes
1333 3443 1491 3497 simul
1515 3433 1787 3512 accepturi

208 3518 415 3583 sumus.
444 3506 576 3583 lfiam
621 3506 864 3583 requiem
913 3525 1033 3580 quae
1081 3511 1337 3566 continuo
1389 3524 1511 3583 post
1559 3506 1789 3570 mortem

209 3576 391 3655 datur,
422 3577 466 3632 si
490 3592 575 3655 ea
625 3576 818 3650 dignus
861 3576 965 3644 est,
1001 3590 1130 3636 tunc
1173 3576 1633 3655 accipit'quisque
1665 3600 1788 3640 cum

210 3647 457 3700 moritur.
490 3647 706 3721 Priores
749 3660 1074 3719 acceperunt
1109 3647 1474 3721 patriarehze:
1526 3647 1699 3710 videte
1723 3670 1789 3711 ex

210 3731 322 3786 quo
369 3720 736 3793 requiescunt,
787 3720 1125 3793 posteriores,
1159 3724 1457 3793 prophetae,
1518 3727 1790 3782 recentius

210 3787 461 3866 apostoli,
481 3789 660 3866 multo
682 3787 1012 3866 recentiores
1039 3787 1211 3866 sane—ti
1240 3787 1528 3866 martyres,
1550 3797 1790 3866 quotidie

212 3855 339 3910 boni
373 3859 574 3932 ﬁdeles.
622 3860 687 3913 Et
707 3861 796 3932 alii
829 3861 880 3914 in
909 3862 1007 3915 ista
1038 3863 1220 3932 requie
1244 3863 1356 3931 jam
1382 3855 1481 3918 'diu
1517 3855 1666 3932 sunt,
1698 3865 1788 3921 alii

212 3941 323 3981 non
356 3938 463 3982 tam
520 3931 637 4000 diu,
695 3931 782 3984 alii
841 3931 1188 4000 paucioribus
1236 3935 1410 3998 annis,
1449 3937 1538 3990 alii
1585 3931 1789 3991 reaenti

215 4004 474 4066 tempore.
503 3999 636 4074 cum
668 4015 797 4074 vero
823 4003 887 4055 de
916 4003 1018 4056 hoc
1044 4019 1234 4059 somno
1255 4005 1604 4074 evigilabunt,
1630 4006 1788 4062 simul

211 4082 402 4124 omnes
427 4070 569 4138 quod
608 4072 932 4139 promissum
964 4082 1048 4127 est
1073 4070 1519 4143 accepturi—sunt.
1543 4095 1563 4129 ι

289 4157 344 4238 in
380 4175 632 4216 sermone
667 4162 778 4238 57_:
812 4161 968 4238 i_Se-.l
1000 4163 1053 4218 in
1081 4165 1161 4219 eis
1207 4165 1298 4235 qui
1321 4165 1532 4238 jamde
1563 4183 1791 4238 corpore

213 4228 494 4306 exierunt,
525 4239 577 4306 ei
605 4232 787 4288 carnis
833 4233 1150 4306 indumento
1184 4228 1464 4306 exspoliali
1501 4228 1811 4302 sunt,'ne-,

253 4313 322 4376 ne
348 4299 492 4376 enim
528 4302 596 4376 ab
623 4317 686 4356 ea
727 4305 962 4373 separati
1003 4313 1146 4369 sunt,
1183 4299 1470 4376 respondet
1499 4299 1739 4363 Ecclesia
1774 4328 1786 4362 :

251 4369 465 4460 fatim:
483 4372 713 4453 tunicam
737 4369 925 4460 meant,
942 4375 1200 4460 quomodo
1224 4369 1417 4457 induar
1436 4394 1549 4459 enm
1567 4379 1592 4432 ?
1612 4376 1788 4460 (Cant:

211 4454 271 4519 γ,
301 4438 377 4510 '5.)
418 4440 729 4519 Recipietur
769 4438 984 4512 quidem
1027 4445 1116 4498 illa
1151 4447 1357 4519 tunica,
1386 4456 1442 4519 et
1485 4448 1538 4519 in
1589 4438 1669 4504 eis
1698 4451 1789 4519 qui

205 4509 323 4586 jam
351 4509 496 4566 exuti
537 4509 874 4586 suntrursus
897 4517 1348 4586 carnevestietur
1383 4509 1642 4573 Ecclesia.
1695 4539 1714 4572 ι

287 4579 344 4635 ln
383 4597 634 4658 sermone
670 4581 785 4658 65‘:
832 4603 850 4634 ι
891 4584 946 4639 Si
975 4579 1118 4658 enim
1151 4601 1299 4643 mors
1333 4597 1436 4653 est,
1480 4590 1696 4658 quando
1727 4591 1795 4647 de

210 4664 442 4730 corpore
463 4655 646 4730 anima
684 4653 813 4719 exit,
841 4657 1110 4730 quomodo
1123 4674 1250 4730 inon
1279 4668 1360 4714 est
1403 4653 1548 4715 mors
1577 4662 1795 4730 quando

213 4722 285 4776 de
313 4723 513 4801 mundo
549 4739 703 4801 amor
731 4722 916 4780 noster
943 4725 1090 4801 exit?
1121 4728 1308 4784 Valida
1355 4739 1439 4784 est
1481 4722 1613 4801 ergo
1653 4732 1800 4788 sicut

213 4805 364 4846 mors
393 4791 606 4849 dilectio
637 4793 813 4864 (Cant.
845 4811 941 4850 Vlll
962 4837 977 4862 ,
1009 4796 1084 4867 6).
1133 4816 1152 4850 ι

287 4882 344 4936 lu
363 4898 626 4962 sermone
654 4885 800 4962 1l9_:
839 4886 1160 4962 i‘Inclinato
1186 4891 1353 4959 rapite
1384 4892 1602 4946 tradidit
1639 4894 1795 4962 spiri-

217 4963 331 5032 t_um
357 4952 540 5032 (.ioan_.
574 4973 690 5032 xix,
720 4957 831 5028 Π).
863 4957 998 5025 Quis
1024 4959 1205 5032 itaque
1227 4952 1429 5032 vestem
1455 4963 1606 5031 ponit
1625 4952 1794 5032 quan-

216 5023 288 5078 do
323 5023 575 5090 voluerit,
609 5028 749 5083 sicut
779 5023 837 5083 se
861 5023 1027 5082 carne
1052 5023 1202 5083 enuit
1229 5023 1672 5099 quando'voluit'?
1700 5053 1717 5085 ι

287 5114 622 5192 Augustinus
650 5118 928 5192 in__qua_rto
947 5118 1103 5192 libro
1134 5119 1200 5174 de
1224 5119 1489 5176 Trinitate
1513 5124 1689 5192 capite
1709 5123 1798 5178 de-

215 5184 361 5260 cimo
396 5187 555 5240 tertio
581 5205 596 5260 ξ
632 5207 649 5239 ι
699 5184 881 5242 Nescit
927 5188 1172 5260 diabolus
1203 5193 1472 5260 quomodo
1510 5184 1617 5247 illo“
1632 5202 1686 5249 et
1714 5194 1796 5248 in-

214 5255 449 5309 sidiante
491 5264 546 5309 et
575 5257 785 5312 furente
811 5267 993 5311 utatur
1021 5259 1085 5310 ad
1137 5255 1365 5316 salutem
1404 5261 1638 5317 ﬁdelium
1669 5278 1795 5319 suo-

216 5327 746 5402 runt_excolsis_sima
801 5329 1062 5402 sapientia
1102 5329 1214 5394 Dei,
1263 5346 1293 5384 a
1340 5331 1447 5387 line
1493 5334 1792 5402 superiore,

214 5395 375 5470 quod
393 5405 477 5448 est
499 5397 720 5470 initinm_
741 5395 1000 5466 spiritalis
1029 5409 1312 5467 creaturae,
1340 5416 1512 5470 usque
1532 5395 1598 5456 ad
1630 5395 1792 5459 tinem

215 5463 554 5540 interiorem,
581 5467 724 5536 quod
752 5463 836 5523 est
862 5483 1008 5540 mors
1033 5463 1307 5540 corporis,
1333 5463 1658 5540 per-tendens
1689 5473 1791 5528 [or-

216 5535 346 5612 liter
393 5543 449 5591 et
494 5535 784 5606 disponens
827 5537 1007 5592 omnia
1052 5535 1598 5612 _suaviter.'Attingit
1645 5545 1790 5598 enim

213 5605 417 5683 ubique
441 5605 660 5683 propter
699 5623 850 5683 suam
901 5608 1236 5683 munditiam,
1281 5619 1336 5664 et
1367 5605 1792 5683 nihil'inquina-

214 5682 331 5728 tum
372 5677 425 5729 in
457 5694 574 5730 eam
606 5678 852 5734 incurrit.
895 5677 941 5731 A
979 5688 1152 5734 morte
1188 5691 1367 5735 autem
1400 5683 1578 5737 carnis
1613 5677 1790 5738 alieno

213 5745 455 5818 diabolo,
488 5747 630 5818 unde
658 5747 883 5801 nitnium
917 5750 1180 5818 superbus
1216 5751 1438 5817 incedit,
1471 5769 1616 5808 mors
1656 5754 1788 5809 alte-

217 5815 332 5868 rius
361 5816 576 5886 generis
613 5828 946 5889 prcharatur
972 5815 1023 5874 in
1058 5829 1259 5877 interno
1287 5815 1650 5893 igne'tartari,
1682 5841 1788 5896 quo

1887 551 2108 620 poribus
2136 553 2433 605 excruciari
2464 553 2686 620 spiritus
2712 553 2935 620 possint.
2978 573 2996 605 ι

1960 621 2102 674 Idem
2135 621 2187 673 in
2222 621 2359 674 libro
2383 621 2448 694 die
2474 638 2599 676 vera
2631 621 2908 692 Religione
2929 623 3066 694 (cap.
3101 623 3232 692 28):
3265 644 3282 676 ι
3322 625 3462 693 Quid

1888 691 2051 761 igitur
2083 698 2275 767 restat,
2318 693 2458 767 unde
2495 705 2600 746 non
2638 691 3022 767 possitanima'
3047 691 3320 767 recordari
3348 691 3461 767 pri-

1887 776 2031 836 mam
2059 761 2714 836 pulchritudinem_quatn
2736 761 3029 836 relinquit,
3055 765 3269 836 quando
3295 761 3366 820 de
3387 769 3461 836 ip-

1886 831 2103 905 sisAsuis
2129 831 2273 886 vitiis
2302 833 2509 905 potest?
2529 833 2607 905 lta
2631 833 2775 905 enim
2805 831 3180 905 sapientia‘Dei
3204 831 3460 905 pertendit

1888 920 1919 955 a
1947 902 2051 970 ﬁne
2082 917 2243 971 usque
2281 902 2348 954 ad
2391 902 2544 972 ﬁnem
2562 903 2778 1025 (fortiter
2805 902 2954 974 (Sap.
2987 920 3103 970 vttt,
3133 902 3211 975 1).
3246 905 3322 959 Ita
3365 923 3461 978 per

1888 971 2028 1025 hanc
2057 987 2299 1025 summus
2334 972 2420 1024 ille
2455 973 2554 1025 arti
2582 989 2645 1025 ex
2689 989 2849 1025 onera
2880 989 2974 1025 sua
3008 975 3060 1025 in
3097 992 3260 1025 unum
3299 978 3457 1025 linem

1888 971 2028 1044 hanc
2057 987 2299 1044 summus
2334 971 2420 1024 ille
2455 971 2645 1026 artifex
2689 971 2974 1044 Operasua
3008 975 3060 1029 in
3097 971 3260 1030 unum
3299 971 3457 1040 linem

1886 1041 2100 1096 decoris
2118 1043 2362 1096 ordinata
2389 1044 2663 1096 contexuit
2693 1041 2809 1097 :ita
2843 1043 2926 1097 illa
2952 1045 3164 1100 bonitas
3195 1061 3222 1098 a
3248 1061 3460 1104 summo

1887 1113 1953 1165 ad
1985 1121 2285 1186 extremum
2334 1112 2462 1186 nulli
2509 1113 2892 1186 pulchritudini
2939 1130 3058 1184 qua:
3086 1117 3152 1170 ab
3185 1117 3311 1186 ipso
3345 1118 3461 1173 solo

1887 1195 2006 1236 esse
2034 1193 2217 1252 posset
2242 1182 2450 1254 invidit,
2482 1193 2540 1236 ut
2569 1197 2726 1254 nemo
2746 1182 3217 1254 ab_ipsa'veritate'
3237 1185 3456 1254 dejicia-

1889 1260 1995 1326 t_ur,
2037 1253 2126 1326 qui
2175 1268 2279 1306 non
2325 1253 2624 1326 excipiatur
2669 1253 2737 1308 ab
2785 1252 2962 1326 aliqua
2993 1254 3162 1326 effigie
3192 1252 3454 1314 veritatis.

1888 1321 2068 1394 Quare
2095 1323 2147 1376 in
2174 1323 2416 1391 corporis
2450 1321 2723 1393 voluptate
2757 1321 2889 1394 quid
2927 1321 3104 1379 teneai
3145 1326 3275 1379 nihil
3316 1328 3458 1381 aliud

1889 1392 2134 1448 invenies
2179 1408 2341 1461 quam
2392 1392 2845 1448 convenientiam.
2891 1393 3023 1448 Nam
3063 1395 3105 1449 si
3156 1396 3460 1451 resistentia

1886 1463 2104 1588 p‘ariunt
2141 1464 2400 1545 dolorem,
2429 1466 2802 1520 convenientia
2847 1466 3062 1534 pariunt
3109 1466 3457 1534 voluptatem.

1939 1548 2233 1588 ecoanosce
2281 1535 2444 1588 mitur
2488 1550 2610 1588 01KB
2658 1536 2730 1588 sit
2779 1551 2987 1588 summa
3037 1536 3455 1588 convenientia:

1939 1548 2233 1604 ecognosce
2281 1534 2444 1604 igitur
2488 1550 2610 1604 quae
2658 1536 2730 1590 sit
2779 1551 2987 1590 summa
3037 1536 3455 1592 convenientia:

1889 1603 2005 1676 noli
2030 1605 2105 1658 ire
2132 1603 2318 1668 foras,
2338 1605 2390 1659 in
2424 1613 2474 1676 te
2492 1603 2664 1676 ipsum
2687 1606 2798 1676 redi
2831 1623 2844 1660 :
2875 1608 2925 1660 in
2957 1606 3213 1661 interiore
3243 1607 3460 1662 homine

1888 1674 2097 1728 habitat
2125 1676 2342 1730 veritas.
2374 1695 2393 1727 ι
2427 1673 2571 1730 Idem
2599 1676 2651 1730 in
2675 1675 2861 1731 eodem
2885 1678 3022 1745 (cap.
3047 1676 3137 1745 51)
3171 1695 3182 1729 :
3221 1695 3240 1727 ι
3277 1677 3334 1731 Si
3364 1695 3460 1734 nos

1888 1744 2610 1829 iniraoula‘spectaculorum
2638 1755 2692 1800 et
2724 1744 3065 1829 pulchritudo
3103 1744 3332 1829 delectat
3352 1749 3460 1829 Lil-

1888 1813 1993 1888 lant
2029 1813 2398 1888 desideremus
2418 1816 2601 1888 videre
2631 1813 2972 1888 sapientiam,
3002 1832 3121 1888 qua:
3151 1819 3404 1888 pertendit
3425 1837 3460 1874 α

1888 1885 1992 1954 ﬁne
2017 1902 2180 1956 itaque
2217 1886 2285 1939 ad
2311 1886 2468 1956 ﬁnem
2502 1885 2728 1956 fortiter,
2757 1897 2804 1941 et
2829 1885 3053 1956 disponit
3079 1885 3254 1942 ontm'a
3279 1891 3458 1942 suavi-

1886 1967 1965 2009 ter
1994 1955 2160 2029 (Sap.
2189 1955 2409 2026 V'lll,i).
2443 1955 2581 2024 Quid
2608 1959 2749 2029 enim
2785 1955 3081 2014 mirabilius
3115 1959 3166 2012 vi
3206 1958 3456 2029 incorpo-

1884 2041 1978 2080 rea
2007 2028 2260 2081 mundum
2287 2042 2605 2096 corporeum
2631 2027 2928 2083 fabricante
2949 2037 3003 2083 et
3026 2027 3456 2096 administrante,

1886 2104 1978 2150 aut
2008 2097 2136 2166 quid
2179 2096 2459 2167 pulchrius
2496 2099 2780 2154 ordinante
2805 2107 2861 2152 et
2891 2100 3157 2154 ornante?
3190 2119 3207 2149 ι

1955 2167 2097 2240 idem
2149 2169 2202 2222 in
2249 2167 2385 2240 libro
2437 2169 2502 2223 de
2549 2167 2865 2240 Quantitate
2909 2169 3104 2224 animae
3138 2171 3274 2240 (cap.
3323 2170 3457 2240 50):

1890 2237 2076 2309 tilllud
2103 2239 2244 2309 quod
2273 2237 2384 2307 pati
2415 2254 2520 2292 non
2549 2248 2726 2308 potest
2752 2239 2940 2295 oculus
2963 2239 3064 2294 nisi
3097 2237 3236 2295 adsit
3257 2237 3457 2306 anima,

1885 2307 1938 2380 id
1965 2317 2048 2380 est
2079 2307 2220 2378 quod
2249 2309 2478 2364 videndo
2508 2307 2712 2378 patitur
2745 2328 2757 2364 :
2788 2310 2892 2365 hoc
2938 2311 3110 2365 solum
3156 2311 3226 2365 ibi
3259 2313 3462 2380 patitur

1884 2379 1976 2432 ubi
2038 2395 2143 2433 non
2175 2389 2300 2434 est:
2338 2393 2405 2433 ex
2443 2394 2550 2448 quo
2595 2381 2828 2448 cuiinon
2867 2382 3114 2434 videatur
3147 2379 3292 2435 nullo
3342 2383 3460 2437 loco

1885 2449 2122 2504 animam
2149 2447 2495 2531 contineri?»
2526 2449 2666 2531 Idem
2695 2447 2749 2504 in
2773 2451 2961 2505 eodem
2979 2451 3124 2531 Δ(ειη).
3150 2450 3274 2531 3i):
3301 2471 3319 2502 ι
3354 2453 3462 2531 cur

1885 2535 2014 2590 ergo
2043 2536 2170 2584 non,
2201 2535 2322 2592 cum
2351 2528 2457 2573 tam
2496 2520 2680 2592 multis
2710 2520 3051 2592 argumentis
3075 2522 3320 2592 superius
3351 2523 3461 2576 edi-

1887 2589 1978 2662 tis,
2027 2600 2190 2662 atque
2231 2589 2326 2662 abs
2378 2598 2431 2644 te
2476 2589 3202 2662 lirmissime'cetnprobatis,
3239 2593 3458 2662 planum

1887 2661 1992 2732 tibi
2038 2660 2239 2732 factum
2269 2660 2360 2724 sit,
2410 2674 2514 2713 non
2545 2659 2663 2732 loco
2710 2659 2955 2732 animam
2973 2659 3266 2732 contineri,
3299 2671 3460 2732 atque

1885 2731 1955 2784 ob
1981 2731 2084 2802 hoc
2111 2729 2309 2802 nullius
2338 2744 2457 2802 esse
2488 2730 2610 2802 talis
2633 2731 2976 2802 quantitatis,
3019 2731 3232 2801 qualem
3260 2733 3310 2787 in
3339 2729 3462 2787 cor-

1885 2801 2109 2873 poribus
2144 2800 2450 2854 cernimus?
2481 2819 2500 2851 ι
2527 2800 2668 2855 Ideni
2696 2801 2748 2855 in
2775 2801 2966 2873 eodem
2998 2800 3135 2871 (cap.
3162 2802 3253 2873 54)
3285 2821 3296 2856 :
3335 2823 3352 2854 ι
3390 2802 3460 2856 A-

1886 2871 2047 2926 nima:
2090 2877 2305 2937 natura,
2331 2885 2428 2924 nec
2459 2879 2624 2936 terra,
2662 2885 2761 2926 nec
2790 2871 2981 2936 maria,
3015 2887 3115 2934 nec
3141 2871 3338 2934 sidera,
3363 2889 3463 2928 nec

1889 2941 2036 3014 luna,
2065 2956 2170 3014 nec
2193 2941 2298 3014 sol,
2329 2955 2430 3014 nec
2451 2941 2744 3013 quidquam
2772 2942 2992 2998 omnino
3027 2943 3169 3013 quod
3195 2943 3338 3014 tangi
3365 2953 3462 2999 aut

1888 3012 2060 3067 oculis
2083 3010 2252 3066 videri
2284 3010 2482 3081 possit.
2506 3030 2524 3062 ι

1958 3082 2309 3153 Augustinus
2340 3082 2392 3135 in
2452 3081 2589 3138 libro
2633 3081 2842 3138 decimo
2883 3084 3042 3138 tertio
3096 3085 3160 3140 de
3201 3083 3465 3140 Trinitate

1892 3154 2031 3227 (capi.
2052 3151 2183 3227 '12);
2208 3169 2227 3202 α
2261 3151 2448 3208 Modus
2468 3162 2646 3208 autem
2671 3153 2792 3227 iste,
2816 3169 2922 3227 quo
2941 3154 3178 3227 traditus
3191 3164 3280 3227 est
3304 3157 3463 3211 homo

1892 3223 1944 3281 in
1971 3223 2167 3297 diaboli
2217 3231 2562 3297 potestatem,
2594 3238 2701 3278 non
2745 3223 3029 3297 itaidebet
3055 3225 3298 3297 intelligi,
3342 3235 3462 3280 tan-

1892 3243 1944 3281 tu
1971 3239 2167 3280 uiauon
2217 3239 2562 3345 BoreStatem,
2594 3239 2701 3278 non
2745 3239 2819 3278 tta
2869 3239 3298 3297 aenettntetngt,
3342 3239 3462 3280 tan-

1890 3311 2051 3368 quam
2085 3295 2188 3349 hoc
2261 3308 2356 3374 eus
2380 3291 2599 3374 iecerit,
2626 3301 2719 3348 aut
2752 3294 2865 3349 lieri
2887 3293 3145 3418 iusserit,
3187 3298 3280 3360 sed
3321 3297 3462 3367 quod

1892 3375 2098 3418 tantum
2129 3371 2458 3418 permiserit.
2492 3365 2628 3418 iuste
2661 3374 2858 3418 tamen.
2912 3365 2981 3418 llo
3011 3379 3152 3418 emm
3183 3367 3462 3418 deserente

1892 3363 2098 3422 tantum
2129 3363 2458 3434 permiserit,
2485 3365 2628 3433 juste
2661 3374 2858 3418 tamen.
2887 3363 2981 3420 lllo
3011 3367 3152 3419 enim
3183 3363 3465 3422 deserente

1927 3443 2229 3500 eccatimm,
2256 3434 2460 3502 peccati
2485 3442 2673 3488 auctor
2696 3435 2838 3490 illico
2864 3435 3076 3490 invasit.
3104 3435 3214 3490 Nec
3237 3437 3308 3490 ita
3335 3452 3465 3491 sane

1927 3453 2229 3500 eccantem,
2256 3453 2460 3502 ροεςειι
2485 3453 2673 3488 ancwr
2696 3453 2838 3490 IIIICO
2864 3453 3076 3490 Invasu.
3104 3453 3214 3490 nec
3237 3453 3308 3490 lla
3335 3453 3460 3491 sane

1888 3453 2034 3564 Deus
2067 3503 2306 3562 deseruit
2339 3513 2644 3559 creaturam
2673 3521 2848 3570 suam,
2891 3515 2950 3560 ut
2979 3519 3084 3560 non
3117 3520 3175 3561 se
3203 3506 3276 3560 illi
3305 3507 3460 3562 exhi-

1889 3579 2046 3634 beret
2085 3576 2254 3631 Deum
2286 3584 2561 3630 creautem
2586 3584 2641 3630 et
2664 3575 3047 3646 viviﬁcantem,
3091 3587 3145 3631 et
3181 3577 3323 3633 inter
3353 3592 3465 3646 pte-

1890 3650 2034 3704 nalia
2086 3646 2225 3718 mala
2280 3645 2828 3718 etimnbonamalis
2876 3647 3044 3718 multa
3095 3645 3461 3718 praestantem.

1890 3719 2006 3774 Non
2050 3717 2194 3772 enim
2235 3717 2501 3770 continuit
2545 3717 2598 3770 in
2636 3716 2716 3770 ira
2753 3733 2849 3772 sua
2887 3716 3259 3774 miserationes
3299 3733 3463 3782 suas,

1889 3806 1992 3846 nec
2042 3788 2314 3860 hominem
2353 3803 2382 3840 a
2422 3787 2535 3856 lege
2564 3802 2674 3841 sua:
2712 3789 2996 3860 potestatis
3021 3789 3220 3856 amisit,
3250 3790 3467 3860 quando

1891 3862 1946 3915 in
1978 3857 2173 3912 diaboli
2203 3866 2467 3925 potestate
2489 3871 2610 3911 esse
2646 3858 2910 3925 permisit.
2945 3876 2963 3910 ι

1961 3930 2104 3984 ldem
2157 3927 2211 3981 in
2255 3927 2393 3980 libro
2425 3927 2602 3998 primo
2646 3931 2784 3998 (cap.
2833 3927 2887 3998 5)
2923 3945 2938 3982 :
2985 3927 3295 3998 «Arbitror
3338 3946 3468 3986 sane

1893 3999 2180 4055 nonnullos
2227 3998 2490 4052 tardiores
2533 3997 2587 4050 in
2643 3996 2965 4066 quibusdam
2995 3996 3150 4066 locis
3203 3998 3464 4057 librorum

1893 4084 2137 4126 meorum
2165 4068 2478 4136 opinaturos
2507 4081 2593 4120 me
2613 4065 2847 4137 sensisse
2869 4065 3010 4137 quod
3042 4082 3149 4122 non
3172 4069 3347 4133 sensi,
3377 4079 3468 4123 aut

1893 4156 2000 4195 non
2037 4139 2272 4193 sensisse
2298 4137 2440 4206 quod
2481 4137 2644 4193 sensi.
2675 4136 2914 4203 Quorum
2942 4151 3181 4192 errorem
3205 4137 3335 4192 mihi
3365 4140 3465 4193 tri-

1893 4210 1983 4265 bui
2013 4225 2118 4264 non
2160 4208 2354 4263 debere
2377 4207 2497 4276 qnis
2524 4206 2750 4269 nesciat,
2793 4207 2838 4262 si
2868 4207 3013 4262 velut
3040 4221 3124 4261 me
3153 4217 3464 4276 sequentes,

1893 4295 2067 4351 neque
2095 4277 2579 4351 apprehendentes,
2611 4277 2946 4351 deviaverint
2980 4277 3032 4330 in
3059 4277 3290 4346 aliquam
3319 4277 3466 4351 falsi-

1895 4295 2067 4351 neque
2095 4295 2122 4332 8
2165 4295 2579 4347 prenenuentes,
2611 4295 2946 4332 αενιιιωτιῐιι
2980 4295 3032 4330 In
3059 4295 3290 4346 anquam
3319 4295 3466 4332 13181-

1895 4360 2085 4416 tatem,
2109 4295 2235 4403 trum
2260 4362 2424 4419 cogor
2451 4363 2546 4418 per
2573 4347 2819 4418 quiedam
2851 4348 3015 4419 densa
3044 4356 3100 4419 et
3125 4362 3292 4419 opaea
3323 4349 3467 4402 viam

1894 4436 2115 4492 carpere
2153 4437 2165 4473 :
2197 4417 2630 4492 quandoquidem
2659 4431 2760 4492 nec
2781 4417 2910 4492 ipsis
2934 4417 3136 4492 sanctis
3162 4417 3466 4474 divinorum

1895 4487 2154 4546 librorum
2201 4487 2612 4544 auctoritatibus
2665 4487 2936 4544 ullomodo
2998 4489 3282 4558 quisquam
3325 4498 3471 4544 recte

1821 4569 1871 4628 1)
1901 4561 2151 4616 tribuerit
2180 4569 2288 4615 tam
2322 4559 2520 4615 multos
2542 4569 2596 4614 et
2618 4560 2797 4614 varios
2824 4574 3041 4615 errores
3069 4560 3466 4623 haereticorum,

1899 4648 2022 4687 cum
2045 4645 2234 4687 onmes
2272 4647 2338 4686 ex
2370 4630 2572 4685 eisdem
2607 4628 2898 4702 scripturis
2921 4629 3086 4702 faisas
3114 4639 3280 4702 atque
3318 4629 3470 4685 falla-

1899 4717 1990 4758 ces
2015 4701 2296 4773 opiniones
2327 4716 2461 4773 suas
2492 4699 2754 4773 oonentu'r
2805 4699 3131 4773 defendere?
3161 4699 3208 4754 »⁷
3229 4701 3372 4758 Idem
3405 4702 3470 4773 in

1899 4770 2088 4830 eodem
2114 4773 2251 4843 (cap.
2283 4771 2369 4843 10)
2401 4789 2465 4843 ;-‹
2511 4770 2580 4826 Ut
2615 4771 2933 4843 inquantum
2961 4771 3104 4826 Deus
3130 4779 3214 4843 est
3233 4787 3355 4827 cum
3382 4772 3471 4826 illo

1901 4859 2000 4899 nos
2036 4841 2305 4909 suttjeCtos
2350 4841 2569 4904 habeat,
2621 4841 2939 4911 inquantum
2981 4842 3238 4898 sacerdos
3288 4843 3470 4897 nobis—

1900 4929 2022 4969 cum
2054 4913 2127 4968 illi
2155 4911 2428 4981 subjectus
2451 4913 2541 4982 sit.
2583 4911 2923 4982 Quapropter
2951 4926 3074 4967 cum
3113 4911 3281 4966 Filius
3313 4913 3384 4966 sit
3416 4919 3472 4963 et

1903 4985 2045 5038 Deus
2087 4992 2143 5038 et
2188 4975 2370 5045 homo,
2426 4975 2529 5036 alia
2584 4975 2885 5037 substantia
2932 4983 3093 5046 Deus,
3139 4982 3240 5036 alia
3286 4982 3468 5041 homo,

1902 5053 2062 5108 homo
2095 5054 2272 5122 potius
2311 5053 2365 5107 in
2392 5052 2548 5114 Filio,
2593 5067 2756 5122 quam
2800 5050 2966 5122 Filius
2994 5051 3050 5106 in
3094 5050 3254 5122 Patre
3289 5052 3471 5122 :Vsicut

1901 5140 2030 5178 caro
2068 5121 2263 5178 animae
2296 5139 2452 5189 mete,
2507 5123 2612 5177 alia
2651 5121 2949 5177 substantia
3002 5129 3086 5176 est
3123 5121 3190 5177 ad
3233 5121 3467 5175 animam

1901 5209 2097 5258 meam,
2118 5193 2366 5265 quamvis
2385 5194 2437 5248 in
2463 5209 2569 5248 uno
2593 5193 2828 5257 homine,
2847 5206 3020 5265 quam
3043 5191 3223 5265 anima
3251 5191 3471 5265 alterius

1902 5261 2153 5320 hominis
2179 5265 2245 5318 ad
2271 5264 2508 5318 animam
2542 5278 2738 5317 meam.
2775 5281 2792 5313 ι
2846 5261 2978 5316 Item
3007 5261 3150 5316 idem
3192 5261 3246 5315 in
3281 5263 3469 5315 eodem

1899 5333 2038 5460 ξαρ.
2065 5335 2152 5405 1‘2)
2173 5353 2186 5390 :
2209 5353 2228 5386 ι
2255 5334 2570 5417 Plerumque
2591 5332 2722 5387 dicit
2739 5331 2938 5386 Filius:
2955 5330 3107 5412 Dedit
3131 5331 3258 5384 mihi
3287 5329 3465 5384 Pater.

1943 5421 1956 5458 I
1987 5421 2094 5460 uno
2123 5405 2238 5460 vult
2275 5403 2500 5460 intelligi
2524 5402 2667 5460 quod
2696 5416 2820 5456 eum
2858 5410 3105 5460 genuerit
3133 5400 3292 5456 Pater
3321 5418 3332 5454 :
3364 5417 3465 5453 non

1943 5421 1956 5458 I
1985 5400 2094 5474 quo
2123 5400 2238 5460 vult
2275 5400 2667 5474 intelligiquod
2696 5416 2820 5474 eum
2838 5401 3113 5474 genuerit
3133 5400 3332 5474 Pater:
3364 5417 3467 5474 non

1900 5485 1960 5528 ut
1978 5470 2248 5546 tanquam,
2271 5470 2522 5546 existenti
2546 5470 2609 5546 et
2631 5488 2737 5546 non
2766 5470 2986 5546 habenti
3015 5471 3226 5527 dederit
3243 5470 3470 5540 aliquid,

1898 5545 1991 5599 sed
2021 5539 2194 5614 ipsum
2220 5544 2431 5600 dedisse
2472 5551 2533 5596 ut
2556 5539 3076 5614 haberettgennisse
3107 5551 3189 5597 est
3216 5554 3274 5595 ut
3299 5539 3468 5614 eSSet.

1897 5614 2012 5670 Non
2038 5611 2190 5670 enim
2220 5615 2359 5669 sicut
2388 5621 2659 5676 creatura,
2699 5612 2772 5666 ita
2801 5611 2892 5667 Dei
2925 5611 3113 5677 Filius,
3144 5621 3268 5666 ante
3297 5612 3472 5665 incar-

1895 5687 2168 5740 nationem
2219 5692 2275 5738 et
2305 5693 2430 5738 ante
2461 5691 2792 5752 assumptam
2818 5690 3121 5738 creaturam
3165 5681 3474 5752 unigenitus

1894 5771 1992 5826 per
2011 5770 2168 5825 quem
2199 5753 2338 5809 facta
2369 5763 2493 5807 sunt
2521 5753 2720 5826 omnia,
2756 5753 2898 5826 aliud
2923 5759 3084 5826 estet
3114 5751 3467 5826 aliud’habet.

1895 5821 1988 5882 sed
2016 5821 2117 5883 hoc
2157 5826 2328 5896 ipsmn
2360 5833 2438 5880 cst
2481 5824 2622 5895 quod
2656 5833 2760 5892 est,
2794 5825 2846 5880 id
2889 5823 3031 5896 quod
3060 5824 3240 5882 habet.
3281 5843 3299 5879 ›
3329 5821 3472 5878 Idem
