4006 6338
205 392 316 448 953

1246 395 1332 449 DE
1367 393 1796 451 COERCENDIS
1835 393 2125 448 MILITUM
2167 395 2463 452 RAI’INIS.

3375 407 3479 462 954

1786 668 1921 748 IV.

573 837 706 916 DE
737 835 1368 917 COEBCENDIS
1432 833 1899 913 MILITUM
1946 793 2410 924 aAPINIs,
2475 837 2608 914 AD
2643 839 3125 922 CAROLUM
3187 896 3199 909 .

1493 985 1822 1048 CALVUM
1865 985 2179 1061 REGEM,

413 1129 565 1190 Cum
603 1129 670 1192 in
699 1131 1039 1211 procinctu
1073 1128 1222 1192 belli
1253 1134 1436 1202 esset,
1475 1135 1542 1187 ut
1582 1125 1890 1188 Ludovici
1921 1129 2148 1207 fratris
2184 1131 2478 1212 impetum
2517 1139 2902 1218 retunderet,
2941 1165 3102 1207 anno
3139 1151 3279 1213 859.

1145 1273 1307 1339 (Apud
1333 1273 1579 1334 eumdem,
1609 1284 1671 1322 ex
1696 1271 1861 1322 codice
1887 1272 1938 1322 S.
1962 1271 2173 1339 Remigii
2198 1277 2530 1348 Rbemensis.)

289 1484 520 1539 Domino
543 1484 774 1556 glorioso
797 1485 942 1540 salus
968 1495 1025 1539 et
1052 1486 1180 1540 vita.

289 1575 417 1631 Scio
449 1590 544 1631 vos
572 1576 754 1632 dolere
783 1577 849 1632 de
878 1577 994 1632 istis
1036 1578 1213 1642 malis,
1256 1593 1376 1647 qua:
1412 1592 1516 1632 non
1555 1576 1726 1632 solum
1768 1591 1799 1629 a

207 1669 464 1739 paganis,
497 1669 591 1723 sed
621 1670 760 1738 quod
785 1671 953 1740 magis
980 1669 1275 1724 timendum
1304 1678 1358 1724 et
1387 1669 1675 1724 dolendum
1697 1677 1799 1734 est,

208 1776 240 1812 a
293 1757 618 1813 Christianis
653 1759 704 1812 in
737 1775 905 1829 regno
952 1768 1133 1815 vestro
1180 1760 1336 1825 ﬁunt,
1383 1769 1438 1815 et
1485 1759 1629 1830 quod
1679 1764 1799 1814 sine

207 1849 620 1920 comparatione
649 1849 768 1920 plus
796 1852 1122 1906 horrendum
1150 1861 1203 1907 et
1234 1853 1611 1906 detestandum
1641 1861 1803 1920 atque

208 1939 724 2010 reprehendendum
755 1948 860 2004 est,
891 1941 944 1994 in
970 1941 1172 2010 palatio
1194 1951 1395 2007 vestro,
1419 1943 1560 2011 quod
1587 1957 1801 1996 sacrum

209 2031 476 2102 appellari
520 2041 574 2086 et
616 2047 737 2088 esse
776 2034 956 2099 debet,
986 2043 1039 2088 et
1072 2035 1125 2089 in
1154 2035 1286 2090 locis
1316 2036 1404 2090 ubi
1434 2051 1530 2090 vos
1560 2036 1709 2099 estis,
1747 2044 1801 2090 et

208 2141 314 2196 per
341 2141 460 2196 qua:
489 2126 800 2182 ambulatis.
841 2126 956 2182 Non
987 2129 1128 2182 enim
1171 2129 1288 2184 sine
1334 2144 1537 2199 pavore
1576 2145 1671 2183 cor
1706 2143 1798 2182 ve-

210 2231 390 2277 strum
444 2223 675 2278 transire
721 2231 901 2292 potest
949 2224 1092 2292 quod
1148 2224 1407 2278 Dominus
1464 2239 1558 2294 per
1605 2223 1798 2277 Isaiam

215 2313 354 2369 dicit
381 2333 393 2368 :
424 2313 628 2384 Rapina
666 2317 910 2384 pauperis
942 2317 995 2368 in
1027 2317 1178 2369 domo
1207 2327 1375 2371 vestra
1401 2316 1532 2385 (lsa.
1569 2332 1650 2380 Ill,
1683 2314 1793 2384 M).

210 2401 284 2458 Et
313 2418 328 2456 :
360 2402 534 2458 Causa
581 2404 748 2458 vidua:
787 2421 888 2458 non
928 2405 1219 2475 ingreditur
1242 2406 1310 2459 ad
1336 2423 1422 2459 eos
1452 2404 1588 2476 (Isa.
1614 2422 1651 2468 ι,
1678 2405 1791 2475 25).

213 2494 286 2549 Et
316 2509 332 2548 :
365 2496 406 2548 Α
447 2493 628 2564 planta
655 2495 799 2564 pedis
834 2513 995 2568 usque
1029 2497 1096 2550 ad
1122 2498 1357 2551 verticem
1401 2515 1502 2552 non
1528 2508 1602 2551 est
1633 2498 1687 2550 in
1717 2514 1794 2562 eo,

215 2584 271 2639 id
312 2593 397 2640 est
435 2585 487 2638 in
529 2601 696 2655 regno
746 2586 868 2649 isto,
922 2587 1121 2640 sanitas
1162 2586 1297 2657 (lsa.
1330 2605 1368 2651 ι,
1399 2588 1474 2657 6).
1518 2588 1584 2641 Et
1625 2588 1792 2642 item:

212 2675 549 2730 Adulterium
572 2687 618 2730 et
647 2676 984 2731 homicidium
1011 2687 1058 2731 et
1088 2675 1284 2747 rapind!
1313 2679 1720 2742 inundaverant,
1748 2686 1795 2731 et

215 2765 435 2836 sanguis
469 2766 776 2835 sanguinem
815 2767 978 2835 tetigit
1008 2764 1155 2836 (Ose.
1190 2783 1260 2831 tv,
1292 2767 1371 2837 2),
1401 2767 1453 2821 id
1479 2776 1562 2821 cst
1588 2766 1794 2821 crimen

216 2855 436 2911 crimini
482 2871 539 2909 se
587 2854 852 2923 adjunxit.
901 2855 968 2909 Et
1011 2855 1357 2910 manifestum
1397 2866 1480 2910 est
1529 2857 1654 2926 quia
1704 2857 1795 2912 ubi

216 2949 346 3004 talia
375 2957 519 3014 sunt,
551 2949 692 3004 Deus
729 2948 832 3003 nisi
880 2949 946 3003 ad
983 2949 1245 3019 judicium
1288 2964 1406 3005 esse
1451 2967 1555 3004 non
1599 2959 1793 3020 potest.

216 3040 324 3107 Qui
370 3040 497 3094 item
539 3055 639 3110 per
690 3041 1009 3110 prophetam
1040 3040 1170 3094 dicit
1196 3041 1262 3094 ad
1292 3056 1384 3095 eos
1412 3041 1501 3110 qui
1537 3043 1588 3094 in
1622 3041 1796 3095 medio

217 3131 408 3187 talium
436 3139 590 3187 erant
614 3149 630 3186 :
658 3129 878 3202 Propter
897 3133 1059 3203 quod,
1091 3131 1357 3201 inquiens,
1378 3133 1512 3187 exite
1543 3135 1605 3186 de
1627 3134 1796 3186 medio

214 3241 432 3290 eorum,
480 3233 528 3279 et
573 3224 902 3278 immundum
936 3241 998 3278 ne
1028 3225 1316 3294 tetigeritis,
1350 3234 1396 3278 et
1427 3241 1519 3294 ego
1554 3226 1797 3294 recipiam

213 3334 328 3382 vos,
362 3325 410 3370 et
437 3316 736 3370 inhabitabo
767 3317 902 3369 inter
931 3333 1039 3380 vos,
1070 3325 1117 3368 et
1144 3332 1232 3370 ero
1259 3315 1398 3370 vobis
1438 3317 1492 3368 in
1535 3314 1720 3378 Deum,
1750 3323 1795 3368 et

213 3393 322 3464 vos
355 3408 499 3462 eritis
548 3408 675 3462 mihi
711 3409 764 3461 in
793 3407 930 3476 ﬁlios
955 3418 1000 3460 et
1033 3406 1173 3476 ﬁlias
1218 3406 1303 3472 (Il
1337 3404 1458 3460 Cor.
1491 3405 1796 3472 ν1,16,17,

215 3498 334 3570 18).
363 3497 506 3553 Nihil
535 3499 678 3554 enim
704 3508 787 3553 est
815 3499 958 3553 aliud
984 3499 1124 3568 quod
1152 3498 1238 3553 isli
1262 3496 1488 3562 faciunt,
1530 3497 1631 3552 nisi
1662 3513 1798 3568 prae-

213 3591 401 3648 cursio
439 3591 714 3648 exercitus
737 3590 1076 3655 Antichristi,
1109 3590 1262 3660 cujus
1287 3605 1419 3646 voce
1451 3589 1649 3645 dictum
1674 3596 1756 3643 est
1781 3607 1794 3641 :

216 3680 345 3736 Non
399 3683 639 3736 movebar
687 3699 719 3736 a
767 3683 1098 3752 generatione
1149 3683 1202 3734 in
1251 3681 1637 3752 generationem
1687 3681 1799 3734 sine

214 3775 360 3830 malo
383 3773 553 3847 (Psat.
588 3791 644 3841 x,
669 3775 746 3846 6),
786 3776 837 3830 id
872 3785 976 3839 est,
1015 3784 1161 3830 tanta
1197 3775 1336 3829 mala
1374 3775 1570 3829 faciam
1601 3775 1654 3828 in
1693 3788 1798 3827 uno

221 3867 366 3930 loco,
399 3875 458 3921 ut
488 3857 774 3935 antequam
802 3866 868 3920 ad
899 3866 1062 3920 alium
1103 3866 1279 3920 locum
1321 3866 1556 3930 veniam,
1597 3865 1799 3918 adven-

215 3969 332 4012 tum
382 3971 560 4012 meum
597 3958 670 4012 ibi
699 3957 1002 4012 habitantes
1048 3957 1294 4022 timeant,
1337 3957 1476 4011 sicut
1513 3964 1570 4012 et
1609 3962 1796 4026 postea

213 4049 470 4104 sentient.
508 4048 661 4104 Unde
689 4048 878 4103 timere
907 4064 1000 4104 vos
1031 4049 1165 4114 scio,
1198 4049 1341 4119 quod
1368 4049 1549 4104 omnis
1576 4057 1798 4117 propter

1820 1486 2052 1555 Aplcbe
2105 1492 2204 1546 sibi
2261 1497 2548 1552 commissa
2593 1502 2852 1566 crassari,
2901 1513 2956 1558 et
3004 1507 3072 1559 ab
3122 1509 3487 1566 admonitione

1905 1581 2142 1635 reticuit.
2191 1583 2504 1655 Propterea,
2556 1591 2802 1656 Domine,
2852 1598 2992 1665 quod
3044 1599 3216 1652 solum
3268 1617 3333 1655 ex
3383 1603 3487 1659 hoc

1905 1672 2058 1728 valeo
2105 1676 2262 1740 facio,
2311 1679 2361 1733 id
2392 1689 2475 1735 est
2507 1682 2599 1737 Dei
2633 1685 3065 1742 misericordiam
3096 1690 3219 1745 inde
3246 1703 3391 1761 peto,
3431 1702 3488 1748 et

1904 1775 2001 1817 vos
2039 1763 2234 1821 exinde
2272 1783 2616 1836 commoneo,
2655 1783 2708 1828 et
2735 1791 2832 1845 per
2852 1777 3026 1842 villus,
3072 1780 3124 1832 in
3160 1781 3355 1849 quibus
3379 1799 3485 1838 non

1904 1853 2076 1908 solum
2113 1856 2359 1915 homines
2397 1862 2693 1928 caballarii,
2739 1868 2832 1921 sed
2870 1869 3032 1923 etiam
3068 1871 3168 1939 ipsi
3199 1874 3484 1928 cocciones

1903 1945 2120 2014 rapinas
2162 1947 2387 2015 faciunt,
2440 1953 2834 2012 admonitiones
2887 1961 3220 2031 presbyteris
3279 1973 3336 2017 ut
3386 1981 3480 2020 eas

1904 2037 2209 2103 raptoribus
2248 2040 2490 2110 relegant
2517 2043 2691 2114 dirigo
2717 2063 2732 2099 :
2757 2063 2983 2116 quarmn
3019 2051 3295 2120 exemplar
3319 2053 3485 2107 domi-

1901 2127 2106 2179 nationi
2153 2137 2346 2184 vestraa
2385 2133 2713 2198 transmitto,
2748 2145 2807 2190 ut
2833 2148 3044 2193 secrete
3075 2155 3196 2194 eum
3229 2143 3481 2210 teneatis,

1901 2223 1956 2270 et
1979 2218 2046 2270 ad
2069 2219 2302 2288 aliquem
2349 2221 2492 2278 diem
2526 2222 2764 2293 jubealis
2803 2231 2988 2285 venire
3022 2232 3205 2288 ﬁdeles
3241 2244 3474 2300 vestros,

1901 2305 2142 2364 dicentes
2197 2313 2322 2380 quia
2377 2314 2457 2370 eis
2508 2317 2858 2388 adcognitare
2906 2323 3069 2378 vultis
3123 2325 3481 2396 undecunque

1902 2401 2054 2455 vobis
2083 2401 2256 2470 placet
2289 2405 2490 2472 dicere,
2533 2418 2587 2463 et
2621 2421 2908 2482 antequam
2939 2415 3006 2469 de
3037 2430 3358 2485 paramento
3392 2435 3482 2475 ve-

1900 2501 2014 2547 stro
2043 2494 2109 2547 ad
2137 2498 2446 2553 mansiones
2489 2500 2726 2565 redeant,
2771 2518 3111 2576 commonete
3151 2523 3244 2563 eos
3279 2526 3480 2565 secun-

1898 2583 2026 2638 dum
2077 2588 2398 2656 sapientiam
2444 2591 2596 2646 vobis
2633 2609 2662 2646 a
2706 2594 2815 2650 Deo
2863 2597 3068 2652 datam.
3121 2600 3188 2655 Et
3233 2601 3482 2660 habeatis

1900 2674 2222 2730 avunculum
2265 2686 2505 2734 vestrum
2558 2682 2866 2750 Rodulfum,
2911 2689 3001 2757 qui
3037 2689 3207 2746 Deum
3247 2693 3401 2746 timet
3426 2703 3483 2750 et

1899 2767 2098 2821 malum
2127 2769 2259 2834 odit,
2298 2779 2354 2824 et
2388 2787 2483 2828 vos
2516 2789 2579 2829 ac
2611 2791 2836 2846 regnum
2863 2788 3103 2835 vestrum
3135 2783 3358 2838 charum
3394 2785 3484 2839 ha-

1901 2857 2012 2922 bet,
2057 2859 2122 2914 de
2163 2861 2266 2916 hoc
2312 2865 2723 2934 eommonitum,
2771 2878 2831 2924 ut
2862 2886 2958 2926 vos
2997 2873 3232 2943 adjuvet,
3265 2884 3322 2929 et
3348 2876 3483 2932 alios

1903 2947 2034 3002 tales
2085 2949 2270 3004 ﬁdeles
2313 2962 2542 3019 vestros,
2588 2957 2729 3010 sicut
2774 2959 2948 3015 scitis.
2988 2961 3204 3017 Etcum
3235 2980 3484 3019 mansue-

1901 3039 2082 3094 tudine
2114 3041 2548 3108 intermiscendo,
2589 3048 2729 3102 sicut
2757 3066 2900 3106 nunc
2952 3061 3165 3124 tempus
3207 3069 3264 3110 se
3300 3057 3480 3122 habet,

1901 3146 2024 3186 raro
2052 3141 2106 3188 et
2147 3149 2256 3189 non
2293 3136 2458 3192 nimis
2484 3139 2714 3206 duriter,
2761 3145 3208 3203 comminationes
3239 3148 3283 3203 si
3329 3149 3483 3204 vobis

1902 3221 2130 3288 videtur,
2162 3241 2268 3280 non
2293 3227 2427 3283 alias
2458 3230 2634 3286 minas
2660 3231 2998 3301 intentando,
3022 3237 3123 3292 nisi
3152 3239 3274 3307 quia
3305 3240 3358 3294 in
3382 3241 3484 3295 hoc

1899 3309 2148 3368 videbitis
2171 3315 2263 3386 qui
2297 3317 2404 3372 Deo
2441 3317 2615 3375 ﬁdelis
2645 3329 2748 3385 est,
2792 3332 2848 3378 et
2891 3340 2986 3379 vos
3029 3327 3256 3381 charum
3295 3329 3479 3396 habet,

1899 3409 1953 3456 et
1992 3403 2058 3456 de
2097 3405 2250 3459 vobis
2292 3423 2356 3462 ex
2403 3423 2571 3479 regno
2599 3420 2782 3466 vestro
2811 3413 2946 3468 bene
2977 3417 3180 3471 habere
3216 3418 3383 3488 cupit,
3425 3427 3482 3474 et

1901 3491 1974 3548 illi
2004 3496 2201 3551 mereri
2244 3497 2345 3554 hoc
2387 3501 2695 3567 studebitis,
2726 3503 2771 3557 si
2800 3504 2952 3559 vobis
2977 3505 3189 3575 adjutor
3213 3509 3482 3564 exstiterit

1899 3587 1967 3641 ad
2007 3604 2348 3646 communem
2395 3593 2771 3661 salvationem,
2824 3607 2883 3651 ut
2927 3598 3027 3652 ista
3077 3599 3216 3654 mala
3262 3601 3328 3656 de
3377 3602 3481 3656 isto

1900 3695 2065 3751 regno
2109 3685 2381 3738 recedant.
2433 3685 2499 3740 Et
2547 3687 2638 3756 qui
2685 3689 2738 3742 in
2789 3689 2989 3745 talibus
3030 3691 3123 3746 Dei
3160 3693 3394 3763 adjutor,
3425 3701 3482 3748 et

1899 3779 2079 3825 vester
2102 3774 2306 3830 amicus
2338 3790 2402 3831 ac
2444 3792 2574 3832 suus
2606 3795 2711 3833 non
2747 3779 2929 3846 fuerit,
2963 3797 3066 3836 non
3098 3783 3348 3852 poteritis
3375 3785 3473 3839 ha-

1897 3862 2026 3918 bere
2073 3865 2560 3934 delectamentum,
2611 3880 2673 3925 ut
2717 3871 2845 3926 illud
2890 3874 3091 3928 bonum
3137 3877 3185 3931 ei
3243 3875 3476 3940 faciatis,

1898 3957 2038 4026 quod
2078 3957 2330 4014 faceretis
2354 3961 2398 4015 si
2426 3963 2692 4018 veraciter
2719 3979 2842 4018 eum
2871 3967 3108 4020 amicum
3135 3969 3478 4038 cognovisse-

1900 4046 1988 4102 tis.
2018 4047 2112 4103 Vel
2141 4049 2264 4115 isto,
2293 4061 2386 4104 aut
2411 4051 2516 4106 alio
2545 4054 2723 4118 modo,
2746 4055 2888 4123 quod
2915 4055 3108 4109 melius
3136 4057 3288 4110 scitis
3312 4073 3475 4126 quam

225 4142 332 4196 hoc
375 4142 694 4211 deprecatur
741 4140 978 4194 Ecclesia
1009 4155 1022 4193 :
1054 4140 1312 4212 Exsurge,
1362 4141 1578 4194 Domine
1629 4139 1788 4205 Deus,
1818 4163 1867 4228 ο
1897 4153 1996 4208 ego
2025 4139 2178 4194 vobis
2205 4141 2403 4211 possim
2444 4143 2644 4208 dicere,
2684 4152 2740 4198 et
2778 4144 2968 4198 melius
2988 4146 3317 4214 cognoscitis
3346 4147 3476 4201 ﬁde-

212 4231 475 4287 exaltetur
511 4249 698 4286 manus
744 4241 835 4284 tua
877 4230 1050 4302 (ibid.,
1097 4232 1219 4297 12),
1261 4232 1313 4287 id
1367 4240 1470 4297 est,
1515 4232 1580 4285 ad
1614 4232 1787 4285 vindi-

212 4333 361 4376 ctam
392 4338 458 4376 ne
489 4323 822 4378 obliviscaris
863 4337 1148 4392 pauperem
1187 4322 1462 4392 populum.
1510 4322 1573 4375 Et
1611 4321 1790 4374 Domi-

213 4427 319 4466 nus
347 4411 436 4479 qui
479 4426 582 4465 non
629 4411 886 4466 mentitur
937 4411 1265 4482 repromittit
1313 4411 1536 4466 dicens:
1567 4409 1791 4480 Propter

212 4500 630 4554 misericordiam
674 4502 886 4570 inopum
927 4511 973 4554 et
1017 4503 1264 4571 gemitum
1314 4518 1602 4571 pauperum
1653 4517 1790 4554 nunc

210 4606 512 4660 exsurgam,
562 4590 688 4644 dicit
728 4589 986 4644 Dominus
1031 4588 1203 4662 (Psal.
1232 4606 1310 4655 ιι,
1337 4589 1415 4662 6),
1459 4591 1511 4646 id
1541 4599 1644 4653 est,
1674 4577 1801 4658 jam-

206 4679 430 4752 jamque
462 4683 512 4736 in
543 4683 786 4753 proximo
815 4683 1104 4738 vindictam
1137 4683 1422 4739 exercebo.
1453 4683 1518 4738 Et
1545 4698 1643 4754 pro
1671 4685 1790 4737 tali-

211 4773 316 4826 bus
339 4781 396 4826 et
424 4773 507 4826 his
535 4773 818 4838 similibus,
851 4788 946 4826 vos
972 4773 1380 4828 contristantem
1409 4776 1605 4838 sciens,
1631 4773 1787 4829 simul

211 4879 338 4917 cum
366 4863 604 4932 peccatis
632 4861 786 4929 meis,
813 4870 1014 4918 etcum
1046 4861 1423 4918 afflictionibus
1446 4864 1622 4933 populi
1657 4863 1787 4918 mihi

211 4952 437 5024 indigno
477 4953 770 5019 commissi,
820 4953 1109 5024 gemitibus
1160 4955 1358 5010 vestris
1406 4956 1706 5024 compatior
1733 4965 1789 5009 et

212 5045 470 5116 gemisco.
508 5044 614 5100 Sed
653 5045 893 5100 invenire
920 5062 1025 5099 non
1055 5060 1271 5115 possum
1308 5046 1541 5116 qualiter
1569 5062 1674 5112 me,
1706 5047 1790 5100 ni-

211 5135 318 5188 mis
360 5136 576 5189 anxium
621 5150 720 5204 pro
758 5144 938 5190 vestro
965 5146 1016 5189 et
1051 5151 1170 5190 meo
1213 5137 1479 5207 periculo,
1527 5147 1581 5194 et
1626 5140 1790 5192 totius

210 5225 394 5296 populi
442 5227 742 5296 perditione
787 5235 948 5296 atque
1000 5228 1323 5294 alllictione,
1375 5229 1532 5284 aliter
1578 5230 1786 5286 valeam

210 5315 520 5380 consolari,
567 5315 669 5372 nisi
720 5317 846 5386 quia
892 5317 1012 5371 viva
1055 5333 1188 5372 voce
1233 5335 1338 5373 non
1387 5335 1644 5388 possum,
1694 5335 1790 5375 vos

208 5403 412 5460 litteris
460 5405 582 5459 inde
625 5420 1018 5472 commoneam,
1055 5407 1271 5462 territus
1301 5423 1330 5462 a
1357 5419 1577 5478 pastore
1601 5419 1786 5479 pasto-
1839 5455 1850 5468 .

1896 4226 2027 4282 lium
2053 4236 2355 4282 vestrorum
2393 4230 2680 4299 qualitates
2705 4247 2869 4300 quam
2898 4248 3016 4303 ego,
3047 4242 3102 4287 et
3135 4233 3254 4288 ideo
3281 4248 3475 4288 secun-

1896 4319 2020 4375 dum
2067 4321 2208 4388 quod
2255 4320 2410 4376 scitis
2457 4322 2750 4392 unicuique
2800 4323 3122 4389 convenire,
3175 4333 3473 4393 temperate

1895 4424 2222 4466 sermonem.
2266 4411 2480 4466 Scimus
2527 4413 2693 4478 enim,
2749 4414 2875 4482 quia
2920 4414 3054 4469 lenis
3105 4414 3327 4480 sibilus,
3382 4415 3474 4485 qui

1893 4514 2155 4568 equorum
2207 4499 2545 4555 ferocitatem
2593 4503 2824 4573 mitigat,
2880 4518 3075 4558 canum
3125 4505 3472 4576 sagacitatem

1892 4589 2135 4660 instigat.
2165 4591 2230 4645 Et
2262 4591 2329 4645 ad
2353 4591 2495 4646 .tales
2538 4593 2803 4658 homines,
2852 4609 2986 4663 quos
3031 4595 3191 4650 modo
3241 4612 3346 4650 non
3389 4604 3474 4650 est

1891 4681 2045 4736 vobis
2091 4695 2315 4737 necesse
2358 4691 2541 4737 tenere
2592 4683 2890 4763 vobiscum,
2943 4692 2999 4739 et
3035 4685 3127 4754 qui
3178 4685 3296 4740 ideo
3350 4702 3471 4741 cum

1893 4773 2038 4826 omni
2065 4787 2232 4843 pr0pe
2257 4771 2462 4827 familia
2489 4789 2584 4828 sua
2609 4772 2676 4828 de
2703 4775 2815 4830 suis
2841 4776 3214 4831 mansionibus
3235 4786 3470 4840 movent,

1892 4871 1953 4916 ut
1993 4862 2061 4918 de
2111 4862 2300 4917 alienis
2349 4862 2624 4918 laboribus
2673 4864 2888 4930 vivant,
2933 4867 3308 4920 commendate
3351 4881 3470 4934 qua:

1892 4952 2045 5008 vobis
2067 4960 2193 5008 sunt
2215 4952 2409 5022 placita
2435 4963 2489 5009 et
2510 4957 2839 5021 necessaria,
2865 4964 2919 5009 ct
2943 4956 3166 5010 redeant
3191 4955 3256 5010 ad
3283 4955 3470 5009 domos

1892 5057 2034 5104 suas,
2069 5041 2151 5097 vel
2181 5057 2304 5096 cum
2334 5043 2520 5111 paucis
2556 5044 2834 5098 vobiscum
2879 5051 3041 5105 stent,
3083 5051 3143 5096 ut
3170 5059 3290 5096 cum
3313 5041 3472 5108 justi-

1895 5133 1966 5187 tia
1992 5133 2173 5187 vivere
2202 5135 2430 5203 possint,
2461 5135 2584 5204 quia
2612 5134 2665 5188 in
2694 5133 2950 5188 solidiore
2981 5133 3128 5201 regni
3158 5132 3326 5186 vestri
3351 5132 3469 5186 loco

1893 5222 2107 5293 degitis,
2150 5239 2321 5294 usque
2361 5225 2486 5280 dum
2524 5224 2799 5294 plenitudo
2832 5223 3064 5278 ﬁdelium
3095 5224 3182 5278 ubi
3209 5224 3468 5280 condixe-

1895 5314 2014 5368 ritis
2043 5315 2109 5368 ad
2148 5330 2244 5370 vos
2272 5315 2470 5379 veniat,
2499 5314 2714 5384 quando
2743 5315 2794 5368 in
2825 5313 3058 5383 aliquam
3093 5313 3468 5369 necessitatem

1895 5407 1974 5461 ire
2003 5406 2300 5461 volueritis.
2327 5404 2433 5458 Sed
2455 5404 2680 5458 multum
2716 5403 3050 5472 timeo,.quia
3078 5403 3196 5458 talis
3220 5403 3467 5474 populus,

209 5511 356 5559 sum,
406 5497 498 5566 qui
534 5497 702 5552 dicit:
728 5497 1084 5553 Mercenarius
1123 5509 1169 5553 et
1215 5500 1305 5570 qui
1332 5518 1433 5554 non
1468 5510 1540 5554 est
1584 5511 1783 5570 pastor,
1813 5516 1866 5578 ι)
1894 5502 1984 5572 qui
2029 5502 2108 5556 sic
2143 5501 2307 5554 Deum
2349 5497 2569 5553 offendit
2605 5504 2660 5551 et
2698 5510 2802 5550 non
2844 5511 2904 5551 se
2948 5497 3190 5566 corrigit,
3233 5511 3333 5551 nec
3374 5511 3470 5550 vos

210 5587 346 5642 ridet
368 5588 546 5658 lupum
577 5590 883 5655 venientem,
919 5600 965 5644 et
995 5591 1204 5646 dimittit
1231 5609 1345 5646 ores
1367 5601 1415 5646 et
1437 5593 1569 5663 fugit
1601 5591 1784 5663 (Joan.

211 5696 268 5744 x,
296 5680 404 5751 12).
436 5681 591 5753 Fugit
613 5691 811 5747 autem,
837 5683 961 5752 quia
990 5683 1121 5738 vidit
1147 5683 1484 5754 iniquitatem
1510 5694 1563 5737 et
1589 5683 1781 5738 tacuit:

210 5769 349 5826 vidit
399 5781 640 5842 raptores
692 5783 740 5828 et
792 5775 1028 5845 rapinas,
1085 5786 1133 5830 ct
1181 5787 1406 5832 cmtcras
1448 5776 1695 5832 miserias
1732 5777 1782 5831 in

1895 5607 1996 5647 nec
2045 5591 2323 5660 seipsum,
2394 5587 2610 5657 quando
2663 5600 2882 5643 necesse
2947 5585 3145 5652 fuerit,
3213 5585 3468 5655 adjuvare

1891 5682 2111 5738 valebit.
2169 5681 2233 5735 Et
2285 5680 2481 5734 mittite
2533 5677 2780 5732 homines
2833 5679 3125 5733 secundum
3178 5685 3468 5738 consuetu,-

1890 5778 2068 5832 dinem
2114 5777 2570 5859 praedecessmum
2613 5779 2950 5838 vestrorum,
3013 5775 3103 5843 qui
3157 5773 3209 5829 in
3251 5773 3465 5843 longius
