4006 6338
642 351 749 409 955

1457 343 1788 400 ΠΙΝΟΜΑΒΙ
1832 339 2043 396 BHEM.
2084 335 2215 392 ΛΚΕ

2287 333 2398 390 ΈΡ.
2445 331 2809 391 OI’USCULA
2849 327 3076 383 VARIA.
3716 341 3785 397 9:5

631 465 858 530 pergunt
897 464 1120 528 prcpter
1157 453 1424 508 fodrarios
1449 493 1464 517 ,
1515 460 1571 507 et
1612 468 1798 507 curam
1840 451 1904 505 de
1949 464 2081 520 pare
2117 462 2208 502 ac-
2237 451 2288 506 Α
2317 443 2421 498 voli
2452 452 2546 497 aut
2572 442 2816 497 dolentes
2847 438 3127 495 dilfamant
3154 453 3369 495 rumore
3398 459 3409 495 :
3437 443 3548 513 quia
3576 460 3671 502 cum
3693 455 3785 522 regis

636 551 865 620 cipiant.
923 550 989 604 Et
1029 547 1166 601 tales
1201 545 1432 608 mittite,
1486 544 1576 613 qui
1625 559 1729 598 non
1780 544 1890 598 sint
1925 543 1990 595 de
2028 540 2111 594 his
2147 539 2212 593 de

635 643 832 712 quibus
855 641 986 695 dicit
1011 636 1298 708 Apostolus
1325 654 1338 689 :
1374 634 1477 700 Qui
1495 635 1751 704 pra’dicas
1777 650 1881 687 non
1904 632 2212 701 furandum,

636 731 838 802 furoris
869 729 1046 800 (Rom.
1083 744 1142 792 tt,
1178 727 1289 797 21).
1317 726 1649 780 Trausmitto
1692 725 1868 788 vobis,
1913 722 2051 776 sicut
2079 719 2211 783 dixi,

633 823 908 893 exemplar
944 819 1326 876 admonitionis
1366 828 1586 882 nostrae,
1623 830 1787 886 quam
1813 829 1910 884 per
1943 812 2098 867 villas
2131 810 2230 865 di...

633 914 772 978 rexi,
809 920 866 966 ut
891 913 936 967 si
965 911 1116 966 vobis
1135 910 1330 981 placet,
1357 916 1477 978 post
1501 907 1926 962 admonitionem
1950 914 2213 968 vestram,

633 1004 687 1058 in
718 1012 1008 1073 conspectu
1031 1011 1212 1058 vestro
1239 1017 1358 1056 eam
1387 1000 1632 1055 fidelibus
1655 998 1850 1054 vestris
1870 996 2105 1068 jubeatis
2131 1011 2214 1051 re-

631 1095 833 1167 legere,
862 1103 918 1149 et
946 1094 1249 1166 praedicetis
1279 1092 1411 1156 illis,
1442 1091 1565 1160 quia
1598 1091 1697 1144 ista
1729 1089 1888 1144 verba
1922 1087 2016 1143 Dei
2057 1093 2211 1154 sunt,

632 1193 689 1238 et
713 1184 864 1240 missi
892 1185 987 1239 Dei
1017 1191 1164 1248 sunt,
1196 1190 1251 1237 et
1279 1196 1386 1235 non
1414 1195 1477 1234 ea
1505 1179 1700 1234 debent
1733 1179 1785 1232 in
1821 1191 1879 1232 se
1904 1177 1986 1230 vel
2019 1176 2070 1230 in
2102 1176 2214 1231 suis

631 1273 921 1344 negligere.
955 1273 1022 1328 Et
1053 1274 1131 1328 sic
1157 1271 1425 1327 custodite
1451 1285 1515 1325 ea
1546 1285 1665 1338 qua:
1691 1283 1918 1338 suggero
1948 1277 2002 1321 et
2032 1275 2206 1320 trans.

632 1363 808 1425 mitto,
835 1371 894 1416 ut
921 1371 1046 1418 ante
1076 1361 1212 1416 nihil
1237 1361 1412 1416 sciant
1444 1360 1544 1416 nisi
1573 1375 1669 1430 per
1689 1374 1818 1414 vos:
1848 1359 1973 1427 quia
2001 1357 2044 1412 si
2077 1357 2216 1412 scie-

634 1450 780 1517 rint,
823 1459 1004 1520 potest
1037 1450 1153 1506 ﬁeri
1193 1459 1251 1504 ut
1281 1465 1384 1504 non
1416 1464 1508 1504 eos
1546 1449 1774 1518 pleniter
1814 1447 2077 1503 habeatis.
2109 1446 2214 1504 Vos

635 1547 810 1594 tamen
840 1540 964 1595 inde
987 1539 1194 1595 debetis
1223 1538 1508 1594 consilium
1550 1538 1814 1610 prendere
1834 1577 1850 1603 ,
1882 1545 1939 1591 ut
1978 1535 2212 1605 jubeatis

633 1629 792 1691 alicui
840 1630 930 1699 qui
970 1638 1152 1685 vestra
1183 1629 1299 1684 vice
1327 1628 1567 1698 quotidie
1597 1643 1691 1685 eos
1723 1629 2045 1694 admoneat,
2077 1636 2135 1682 ut
2166 1628 2213 1683 si

634 1723 771 1780 tales
803 1735 931 1779 sunt
957 1725 1049 1795 qui
1079 1734 1237 1780 antea
1261 1724 1402 1779 hanc
1434 1723 1854 1778 admonitionem
1891 1737 1997 1777 non
2025 1723 2211 1781 audie-

2317 532 2678 588 tninisterium
2709 531 2810 597 sit,
2842 546 2900 585 se
2923 540 2975 584 et
3005 544 3131 584 suos
3164 529 3255 599 qui
3287 531 3405 584 bene
3438 545 3575 602 agunt
3604 537 3646 589 in
3667 541 3790 594 melius

2314 641 2529 698 semper
2550 626 2803 694 dirigere,
2829 633 2883 678 et
2910 638 3105 693 pravos
3128 639 3160 677 a
3189 622 3344 678 malis
3363 625 3618 695 corrigere,
3637 627 3789 699 impium

2313 726 2398 772 est
2425 718 2491 773 de
2517 732 2685 787 regno
2719 716 2822 771 sibi
2855 713 3096 784 subjecto
3127 713 3281 768 ‘dona
3327 723 3380 769 et
3405 717 3598 770 servitia
3620 734 3644 769 a
3670 721 3792 789 subje-

2315 809 2676 880 ctis.exigere
2699 849 2714 874 ,
2765 814 2818 862 et
2859 807 2940 861 eis
2970 813 3027 859 ut
3055 819 3177 874 qum
3217 803 3470 858 debentur
3506 814 3554 859 et
3584 807 3792 876 exiguntur

2314 901 2554 956 habeant
2587 899 2729 954 unde
2762 897 2990 952 reddere
3029 895 3239 966 possint
3278 908 3383 948 non
3408 895 3674 963 providere,
3697 906 3790 952 etea

2316 1005 2434 1061 quae
2462 991 2535 1045 illi
2563 991 2779 1061 placent
2795 987 2989 1056 jubere
3025 995 3188 1056 atque
3216 983 3522 1054 disponere,
3547 994 3594 1038 et
3613 987 3792 1054 quaaDeo

2315 1081 2600 1153 displicent
2630 1096 2736 1135 non
2764 1079 3054 1151 prohibere
3079 1085 3136 1132 et
3164 1091 3432 1132 amovere.
3449 1075 3581 1142 Quod
3595 1075 3688 1130 ideo
3709 1093 3792 1149 sug-

2316 1188 2504 1246 gerere
2531 1182 2724 1229 vestrae
2754 1169 3107 1228 dominationi
3136 1183 3424 1239 praesumo,
3453 1168 3565 1238 quia
3589 1182 3716 1238 regno
3731 1185 3793 1238 pa-

2317 1263 2415 1317 tris
2458 1271 2513 1318 et
2549 1261 2632 1316 avi
2663 1260 2826 1315 vestri
2867 1259 2921 1313 in
2958 1257 3141 1313 multis
3173 1256 3374 1319 diviso,
3407 1255 3625 1325 capitalia
3646 1255 3731 1310 loca
3753 1259 3793 1313 de

2315 1369 2484 1425 regno
2511 1363 2694 1408 vestro
2729 1350 2896 1406 multa
2925 1349 3160 1420 perdunt
3179 1389 3195 1413 ,
3237 1356 3292 1402 et
3317 1347 3463 1402 vobis
3490 1361 3577 1415 pro
3601 1347 3715 1416 regio
3735 1348 3794 1401 ho-

2287 1462 2448 1502 .nore
2473 1446 2562 1514 qui
2592 1459 2688 1500 vos
2707 1443 2985 1507 condecet,
3014 1453 3238 1495 necesse
3262 1446 3344 1494 est
3365 1446 3420 1491 ut
3446 1436 3564 1492 nihil
3587 1436 3792 1490 imminua-

2316 1548 2404 1593 tur
2426 1539 2493 1593 de
2524 1538 2608 1592 his
2635 1552 2753 1605 quae
2776 1534 3200 1605 prmdecessores
3226 1530 3390 1585 vestri
3421 1545 3484 1583 ex
3519 1528 3686 1583 eisdem
3707 1527 3793 1582 locis

2317 1627 2562 1684 solebant
2587 1627 2819 1692 habere,
2851 1632 2905 1681 et
2932 1622 3129 1695 pagani
3165 1636 3231 1677 ac
3256 1619 3372 1675 falsi
3401 1618 3658 1675 Christiani
3680 1618 3792 1673 mati-

2317 1734 2461 1774 ntam
2492 1726 2700 1789 partem
2741 1717 2808 1772 de
2836 1723 2991 1787 parte
3012 1712 3167 1785 regni
3197 1711 3362 1766 vestri
3386 1711 3677 1779 absumptam
3691 1724 3794 1762 usur-

630 1812 770 1878 rint,
799 1813 878 1869 eis
921 1814 1180 1883 quotidie-
1204 1813 1418 1884 quando
1453 1812 1521 1869 ad
1566 1819 1943 1882 paramentum
1973 1819 2216 1866 vestrum
2244 1798 2291 1858 B
2319 1818 2468 1881 pant.
2501 1809 2569 1864 Et
2606 1811 2651 1864 si
2680 1806 3052 1879 portiuncula,
3095 1806 3150 1859 in
3181 1819 3289 1874 qua
3319 1802 3472 1858 vestri
3502 1800 3652 1856 ﬁdeles
3676 1801 3792 1854 vobis-

629 1906 881 1961 venerint
907 1907 1150 1978 relegat:
1175 1915 1444 1976 quatenus
1460 1914 1515 1960 et
1534 1905 1636 1976 ipsi
1662 1904 2061 1960 inexcusabiles
2085 1904 2214 1969 sint,

629 2003 686 2050 et
710 2011 806 2050 vos
835 1996 1068 2066 aliquam
1097 1997 1500 2052 excusationem
1527 2009 1712 2051 coram
1739 1994 1848 2049 Deo
1879 1994 2079 2049 habere
2099 2009 2219 2064 pos-

631 2086 772 2153 sitis,
807 2087 851 2142 si
897 2096 1106 2142 tantum
1158 2088 1338 2143 facitis
1383 2097 1644 2159 quantum
1685 2103 1784 2158 per
1824 2087 2089 2142 rationem
2123 2102 2217 2158 po-

633 2178 808 2234 testis.
837 2178 905 2232 Et
935 2178 1401 2250 nolitenegligere
1425 2178 1514 2233 illa
1541 2177 1775 2248 capitula
1795 2219 1810 2243 ,
1838 2193 1958 2249 quae
1979 2177 2218 2249 synodus

631 2269 700 2325 de
727 2268 1003 2336 Carisiaco
1047 2287 1144 2343 per
1173 2271 1514 2328 Wenilonem
1544 2280 1600 2328 et
1634 2272 2004 2328 Erchanraum
2043 2281 2217 2329 trans-

631 2359 780 2416 misit
805 2361 872 2416 ad
906 2361 1049 2417 hunc
1075 2362 1405 2418 Attiniacum
1447 2363 1728 2434 praeterito
1770 2379 1914 2418 anno
1947 2363 2218 2420 Ludovico

630 2448 785 2506 fratri
819 2459 1032 2518 vestro,
1058 2461 1114 2508 et
1143 2468 1231 2509 me
1265 2454 1663 2509 transmittente
1707 2453 2031 2509 Hincmarus
2076 2453 2218 2510 filius

632 2556 786 2597 meus
817 2531 970 2598 vobis
1011 2544 1187 2609 dedit,
1231 2545 1448 2614 quando
1492 2545 1770 2600 vobiscum
1813 2545 1867 2598 in
1910 2544 2217 2615 Burgundia

634 2630 758 2688 fuit.
785 2631 894 2689 Sed
929 2635 1154 2706 relegite
1192 2651 1258 2692 ea
1287 2636 1592 2707 diligenter,
1632 2637 1788 2708 quia,
1819 2637 1948 2691 mihi
1977 2638 2214 2708 credite,

631 2723 751 2794 plus
777 2741 874 2795 pro
904 2727 1056 2783 vobis
1087 2744 1248 2798 quam
1286 2743 1384 2800 pro
1421 2728 1512 2784 illo
1551 2727 1693 2784 facta
1741 2726 1980 2785 fuerunt.
2021 2728 2219 2784 Crede-

632 2815 758 2869 bam
789 2817 933 2872 enim
963 2819 1105 2888 quod
1143 2820 1236 2874 Dei
1281 2819 1649 2876 misericordia
1689 2837 1783 2876 vos
1827 2835 2083 2876 revocare
2125 2821 2220 2876 de—

631 2905 865 2975 buisset,
909 2918 964 2964 et
1000 2910 1088 2964 illa
1119 2911 1415 2966 admonitio
1445 2912 1600 2968 vobis
1625 2911 1932 2967 necessaria
1976 2920 2032 2966 et
2067 2910 2216 2966 utilis

632 3013 756 3055 esse
778 3001 1000 3057 valeret.
1023 3003 1310 3069 Caeterum,
1345 3005 1595 3071 Domine,
1621 3007 1724 3060 tria
1749 3008 1817 3062 ad
1850 3021 1934 3061 me
1955 3020 2215 3076 pervene-

634 3099 780 3154 runt,
813 3104 931 3159 quae
955 3093 1184 3148 reticere
1210 3095 1361 3150 vobis
1389 3095 1623 3164 disposui
1647 3135 1660 3161 ,
1689 3111 1758 3151 ne
1791 3097 1933 3152 inter
1961 3096 2065 3152 alia
2093 3097 2215 3151 inde

634 3177 758 3247 plus
786 3188 964 3234 vester
985 3181 1198 3240 animus
1223 3192 1552 3238 moveretur.
1576 3183 1684 3240 Sed
1713 3185 2003 3258 recogitavi
2023 3185 2214 3241 melius

635 3280 760 3324 esse
790 3276 850 3322 ut
878 3269 1030 3326 vobis
1078 3270 1169 3327 illa
1217 3271 1553 3343 significem:
1586 3275 1838 3345 quoniam
1868 3291 1988 3346 qua:
2016 3276 2083 3330 ad
2117 3291 2212 3332 ve-

637 3365 810 3412 stram
837 3360 1086 3416 notitiam
1116 3377 1222 3418 non
1250 3363 1604 3433 perveniunt,
1642 3380 1749 3420 non
1793 3365 2018 3434 potestis
2045 3365 2217 3420 corri-

635 3463 889 3523 gerezet
935 3466 1407 3528 quantumcunque
1456 3457 1693 3513 divinum
1740 3457 2033 3526 judicium,
2090 3458 2216 3528 quia

637 3543 798 3598 etiam
831 3546 885 3599 in
918 3562 1023 3601 non
1055 3547 1264 3602 levibus
1294 3548 1474 3605 causis
1508 3549 1573 3602 de
1613 3548 1913 3617 ignorantia
1943 3546 2216 3617 vapulavi-

641 3651 780 3701 mus,
819 3638 862 3692 si
895 3637 982 3692 illa
1010 3640 1270 3710 ignoretis
1291 3641 1356 3695 ad
1383 3656 1544 3711 quem
1579 3641 1816 3710 pertinet
1857 3641 1999 3711 quod
2029 3656 2059 3695 a
2091 3641 2216 3696 sub-

637 3725 766 3780 ditis
815 3729 1010 3782 vestris
1057 3730 1110 3783 in
1169 3731 1406 3801 generali
1455 3747 1619 3787 causa
1670 3733 2056 3798 committitur,
2110 3747 2214 3788 non

638 3817 864 3885 potestis
901 3818 1174 3890 effugere:
1201 3829 1256 3876 et
1297 3821 1476 3877 sciens
1515 3838 1634 3892 quae
1669 3822 1822 3877 vobis
1855 3823 1983 3878 utile
2031 3831 2115 3877 est
2150 3823 2217 3878 ad

638 3906 914 3961 sciendum
942 3949 957 3973 ,
999 3909 1044 3964 si
1087 3909 1154 3964 ad
1199 3918 1432 3967 vestram
1484 3913 1728 3966 notitiam
1769 3927 1877 3967 non
1911 3912 2213 3983 pertulere,

634 3998 930 4069 periculum
974 4000 1089 4056 sine
1129 4001 1460 4058 dubitatione
1511 4003 1745 4059 incurro.
1787 4003 1864 4058 De
1914 4005 1998 4060 his
2049 4004 2218 4059 tribus

637 4104 758 4159 qum
796 4090 973 4144 audivi
1007 4091 1111 4146 duo
1137 4092 1360 4148 credere
1387 4092 1561 4158 nolui,
1596 4094 1811 4149 tertium
1852 4095 1982 4150 satis
2019 4095 2217 4151 invitus

639 4181 863 4236 credidi.
888 4181 1126 4248 Quorum
1154 4189 1390 4253 primum
1412 4193 1532 4250 est,
1564 4186 1688 4255 quia
1728 4201 1823 4255 per
1860 4186 2216 4255 plurimorum

637 4287 734 4334 ora
773 4273 1024 4344 vulgatur
1064 4292 1162 4332 vos
1209 4277 1418 4342 dicere,
1453 4293 1707 4347 quoniam
1746 4279 1813 4333 de
1851 4279 1970 4333 istis
2016 4278 2219 4350 rapinis

637 4374 803 4435 atque
827 4365 1316 4436 deprmdationibus
1342 4367 1475 4422 nihil
1511 4383 1603 4423 vos
1631 4369 1872 4424 debeatis
1900 4369 2216 4434 misculare,

637 4457 1004 4528 unusquisque
1030 4473 1124 4513 sua
1157 4457 1407 4514 defendat
1430 4469 1488 4514 ut
1513 4469 1707 4530 potest.
1737 4461 1891 4528 Quod
1920 4461 2044 4516 licet
2072 4478 2219 4515 men—

641 4545 849 4600 dacium
880 4563 999 4603 esse
1030 4552 1393 4620 cognoverim,
1427 4551 1568 4606 nolui
1599 4553 1750 4608 vobis
1778 4553 2131 4617 abscondere,
2161 4563 2219 4612 ut

644 4637 1026 4714 demonstretis
1052 4655 1214 4714 opere
1241 4643 1380 4713 quod
1413 4641 1604 4719 falsum
1634 4653 1717 4700 est
1752 4643 1894 4715 quod
1933 4653 2026 4698 aut
2067 4644 2218 4702 ntali-

2317 1919 2440 1960 cutl
2468 1904 2664 1975 degere
2697 1901 2916 1965 debent,
2947 1900 3022 1955 ita
3049 1897 3344 1954 annihilata
3367 1893 3626 1964 perfuerit,
3646 1907 3792 1946 necvos

2316 2009 2420 2050 nec
2445 1994 2518 2049 illi
2549 1994 2742 2050 ibidem
2771 1991 3017 2063 poteritis
3045 1988 3369 2044 conducere.
3393 1985 3608 2039 Alterum
3625 1991 3688 2036 est
3710 1983 3790 2052 quia

2317 2086 2521 2140 dictum
2550 2094 2632 2140 est
2663 2083 2790 2138 mihi
2809 2124 2822 2146 ,
2855 2080 3110 2152 quoniam
3139 2077 3456 2134 clamatores
3482 2073 3563 2144 qui
3601 2073 3654 2126 ad
3689 2071 3786 2140 pala-

2320 2176 2450 2231 tium
2491 2185 2732 2231 vestrum
2778 2171 3032 2236 veniunt,
3078 2168 3286 2224 nullam
3334 2164 3698 2222 consolationem
3727 2176 3789 2214 nec

2319 2267 2484 2322 etiam
2512 2264 2711 2319 bonum
2743 2275 3063 2332 responsum
3097 2257 3174 2312 ibi
3209 2256 3497 2327 accipiant;
3531 2252 3646 2322 quod
3667 2249 3790 2304 εἰκυίιί-

2321 2367 2406 2414 ter
2433 2357 2653 2413 credere
2679 2354 2846 2420 nolui,
2872 2353 3050 2408 sciens
3078 2365 3178 2406 vos
3201 2349 3360 2405 corde
3381 2347 3589 2402 retinere
3607 2342 3711 2413 quod
3727 2341 3789 2394 Do-

2320 2449 2500 2503 minus
2529 2446 2700 2501 dicit:
2731 2443 2836 2510 Qui
2865 2443 3072 2496 obturat
3115 2455 3300 2494 aurem
3327 2452 3468 2492 suam
3503 2435 3562 2488 ad
3595 2433 3786 2487 clamorem

2319 2539 2585 2610 pauperis,
2608 2547 2655 2591 et
2676 2537 2782 2606 ipse
2805 2533 3049 2588 clamabit
3069 2540 3118 2586 et
3142 2547 3248 2585 non
3269 2521 3787 2593 exaudictur(Pror.xxt,

2322 2631 2436 2701 15).
2466 2628 2532 2684 Et
2557 2627 2772 2698 quando
2799 2621 3108 2692 huiusmodi
3135 2621 3431 2676 clamantes
3463 2630 3552 2670 non
3583 2610 3786 2668 exaudien-

2323 2700 2411 2772 tur
2440 2717 2774 2772 demonstrat
2814 2711 3169 2782 Evangelium
3209 2709 3432 2763 dicens:
3469 2704 3648 2759 Veniant
3675 2700 3788 2752 dicen-

2321 2820 2396 2865 tes
2419 2826 2436 2865 :
2462 2809 2702 2873 Domine,
2729 2807 2982 2870 Domine,
3012 2803 3157 2874 aperi
3191 2802 3368 2865 nobis;
3393 2809 3435 2854 et
3457 2796 3535 2851 ille
3571 2792 3785 2862 respondens

2321 2901 2452 2956 dicet
2477 2914 2494 2952 :
2524 2900 2688 2956 Amen
2717 2898 2833 2952 dico
2856 2895 3019 2959 vobis,
3045 2892 3240 2948 Nescio
3275 2908 3360 2946 vos
3389 2887 3578 2962 (Matth.
3604 2897 3699 2945 HV,
3718 2878 3783 2945 il).

2323 2989 2542 3044 Nescire
2589 2988 2732 3044 enim
2774 2985 2868 3041 Dei
2909 3000 3068 3055 quem
3115 2983 3251 3038 nihil
3290 2982 3412 3037 latet
3452 2976 3688 3048 reprobare
3714 2978 3784 3030 est.

2323 3083 2446 3153 quia
2478 3083 2550 3136 ihi
2575 3081 2687 3150 jam
2719 3097 2748 3134 a
2777 3081 2888 3135 Deo
2913 3093 3018 3133 non
3044 3084 3228 3148 potest
3251 3073 3436 3129 mereri
3457 3069 3579 3140 quod
3599 3061 3785 3136 petit,qui

2322 3173 2410 3229 hic
2433 3172 2604 3226 noluit
2632 3171 2820 3226 audire
2839 3169 2985 3240 quod
3007 3167 3198 3238 jussit.
3222 3176 3277 3223 et
3299 3165 3386 3236 qui
3413 3172 3596 3232 tempus
3617 3165 3785 3224 congius

2318 3265 2650 3336 poenitentiae
2682 3263 2938 3334 perdidit,
2971 3259 3176 3315 frustra
3207 3266 3331 3312 ante
3361 3252 3498 3324 regni
3518 3251 3690 3320 januam
3706 3254 3784 3295 cum

2318 3357 2568 3428 precibus
2592 3355 2758 3410 venit.
2785 3353 3028 3408 Tertium
3058 3359 3179 3416 est,
3213 3348 3353 3420 quod
3381 3345 3500 3402 satis
3540 3338 3692 3395 invitus
3711 3345 3784 3386 cre-

2320 3447 2458 3512 didi,
2491 3447 2615 3518 quia
2643 3453 2766 3516 post
2791 3451 3044 3514 percepta
3083 3440 3267 3497 omnia
3289 3480 3303 3505 ,
3332 3451 3444 3507 qua:
3479 3432 3537 3487 ad
3573 3429 3722 3482 victum
3750 3429 3782 3473 et

2319 3546 2504 3608 potum
2542 3535 2848 3590 necessaria
2877 3541 3024 3597 sunt,
3055 3531 3124 3586 de
3150 3527 3390 3585 ecclesiis
3417 3530 3624 3592 raptores
3643 3520 3710 3608 aut
3731 3521 3780 3561 re-

2320 3605 2684 3698 demptionem
2709 3626 2961 3696 exigunt,
2989 3633 3083 3678 aut
3119 3637 3213 3677 eas
3247 3619 3541 3686 infringunt.
3568 3605 3778 3698 Undencutn

2321 3689 2520 3788 gemitu
2547 3715 2696 3786 gravi
2731 3689 2855 3768 dico
2889 3712 3018 3783 quid
3047 3713 3116 3766 de
3155 3709 3349 3765 talibus
3369 3701 3545 3776 poterit
3571 3710 3663 3751 esse
3679 3689 3779 3745 Chri-

2321 3810 2530 3865 stianis.
2575 3808 2772 3863 Paulus
2811 3808 2956 3861 enim
3005 3806 3070 3859 ad
3125 3801 3476 3858 testimonium
3509 3788 3677 3847 deducit
3703 3794 3778 3850 qua!

2323 3901 2463 3956 inter
2500 3900 2815 3972 gravissima
2866 3904 3086 3967 peccata
3132 3893 3377 3963 graviora
3416 3882 3598 3959 putavit
3625 3877 3776 3972 dicens“!

2324 3991 2428 4058 Qui
2455 3961 2775 4046 abominaris
2802 3961 2965 4052 idola,
2989 3961 3318 4056 sacriiegium
3349 3979 3470 4050 facis
3495 3961 3776 4062 (Rotti.tt,22).

2322 4091 2373 4138 et
2400 4082 2490 4138 isti
2530 4097 2652 4136 cutn
2682 4080 2934 4136 omnibus
2976 4076 3099 4131 aliis
3139 4070 3467 4129 accumulant
3504 4057 3775 4122 sacrilegium,

2322 4181 2376 4228 et
2397 4187 2502 4227 non
2529 4171 2910 4227 abominantur
2941 4166 3101 4231 idola,
3129 4165 3253 4236 quia
3276 4171 3328 4215 ct
3356 4160 3481 4214 idem
3506 4157 3677 4206 sanctus
3691 4139 3776 4239 Ρξιυί

2323 4264 2406 4319 lus
2461 4265 2592 4319 dicit
2629 4281 2640 4316 :
2686 4261 2752 4316 Et
2795 4259 3049 4320 avaritia,
3098 4241 3237 4328 (μιαί
3263 4262 3333 4307 est
3373 4238 3776 4328 idolorumucrr-im

2324 4356 2541 4427 (Ephes.
2573 4371 2634 4417 v,
2665 4353 2741 4424 5).
2781 4353 2920 4407 Deus
2949 4349 3290 4418 omnipotens
3327 4335 3584 4397 secundum
3605 4320 3772 4427 eumsi-en".l

2328 4409 2639 4514 apostolum
2688 4409 2778 4496 det
2817 4439 2967 4494 vobis
3001 4445 3056 4492 et
3082 4409 3220 4491 velle
3245 4443 3296 4489 et
3334 4427 3560 4502 perficere

2325 4503 2597 4591 voluntate
2638 4531 2780 4601 quod
2807 4531 2958 4585 vobis
2997 4537 3051 4582 et
3092 4526 3246 4582 nobis
3283 4539 3344 4576 ac
3379 4528 3524 4585 regno
3549 4503 3665 4561 vobis
3685 4503 3775 4550 com-

2325 4627 2489 4688 misso
2511 4633 2592 4679 est
2611 4639 2763 4697 Opus.
