  <div class='ocr_page' id='page_1' title='image "/cluster/home/n/w/nwhite01/storage/ocr_20150623/125/hvd.32044015471667/484.png"; bbox 0 0 4006 6338; ppageno 0'>
   <div class='ocr_carea' id='block_1_1' title="bbox 172 339 282 398">
    <p class='ocr_par' dir='ltr' id='par_1_1' title="bbox 172 339 282 398">
     <span class='ocr_line' id='line_1_1' title="bbox 172 339 282 398; baseline -0.055 0"><span class='ocrx_word' id='word_1_1' title='bbox 172 339 282 398; x_wconf 80' lang='lat'><strong>957</strong></span> 
     </span>
    </p>
   </div>
   <div class='ocr_carea' id='block_1_2' title="bbox 1065 321 3438 397">
    <p class='ocr_par' dir='ltr' id='par_1_2' title="bbox 1065 321 3438 397">
     <span class='ocr_line' id='line_1_2' title="bbox 1065 321 3438 397; baseline -0.006 -13"><span class='ocrx_word' id='word_1_2' title='bbox 1065 329 1154 384; x_wconf 88' lang='lat' dir='ltr'><strong>DE</strong></span> <span class='ocrx_word' id='word_1_3' title='bbox 1192 327 1438 384; x_wconf 77' lang='lat' dir='ltr'><strong>VERBIS</strong></span> <span class='ocrx_word' id='word_1_4' title='bbox 1478 321 1728 381; x_wconf 63' lang='grc' dir='ltr'><strong>Ρδλωπι</strong></span> <span class='ocrx_word' id='word_1_5' title='bbox 1763 341 1776 376; x_wconf 93' lang='lat'>:</span> <span class='ocrx_word' id='word_1_6' title='bbox 1818 321 2095 378; x_wconf 80' lang='lat' dir='ltr'><strong>HERODII</strong></span> <span class='ocrx_word' id='word_1_7' title='bbox 2136 321 2407 388; x_wconf 75' lang='lat' dir='ltr'><strong>DOMUS,</strong></span> <span class='ocrx_word' id='word_1_8' title='bbox 2446 322 2603 379; x_wconf 85' lang='lat' dir='ltr'><strong>ETC.</strong></span> <span class='ocrx_word' id='word_1_9' title='bbox 3335 339 3438 397; x_wconf 71' lang='lat'><strong>958</strong></span> 
     </span>
    </p>
   </div>
   <div class='ocr_carea' id='block_1_3' title="bbox 1783 566 1875 643">
    <p class='ocr_par' dir='ltr' id='par_1_3' title="bbox 1783 566 1875 643">
     <span class='ocr_line' id='line_1_3' title="bbox 1783 566 1875 643; baseline -0.033 0"><span class='ocrx_word' id='word_1_10' title='bbox 1783 566 1875 643; x_wconf 88' lang='lat' dir='ltr'><strong>V.</strong></span> 
     </span>
    </p>
   </div>
   <div class='ocr_carea' id='block_1_4' title="bbox 1284 675 2372 842">
    <p class='ocr_par' dir='ltr' id='par_1_4' title="bbox 1284 675 2372 842">
     <span class='ocr_line' id='line_1_4' title="bbox 1284 675 2372 842; baseline -0.004 -42"><span class='ocrx_word' id='word_1_11' title='bbox 1284 725 1417 802; x_wconf 87' lang='lat' dir='ltr'><strong>DE</strong></span> <span class='ocrx_word' id='word_1_12' title='bbox 1492 717 1855 801; x_wconf 80' lang='lat' dir='ltr'><strong>VERBIS</strong></span> <span class='ocrx_word' id='word_1_13' title='bbox 1884 675 1887 678; x_wconf 66' lang='grc'><em>’</em></span> <span class='ocrx_word' id='word_1_14' title='bbox 1920 716 2296 842; x_wconf 67' lang='lat' dir='ltr'><strong>PSALMI</strong></span> <span class='ocrx_word' id='word_1_15' title='bbox 2352 724 2372 796; x_wconf 91' lang='lat'>:</span> 
     </span>
    </p>
   </div>
   <div class='ocr_carea' id='block_1_5' title="bbox 999 847 2637 922">
    <p class='ocr_par' dir='ltr' id='par_1_5' title="bbox 999 847 2637 922">
     <span class='ocr_line' id='line_1_5' title="bbox 999 847 2637 922; baseline -0.002 -8"><span class='ocrx_word' id='word_1_16' title='bbox 999 857 1388 917; x_wconf 79' lang='lat' dir='ltr'><strong>IIERODII</strong></span> <span class='ocrx_word' id='word_1_17' title='bbox 1464 850 1762 911; x_wconf 83' lang='lat' dir='ltr'><strong>DOMUS</strong></span> <span class='ocrx_word' id='word_1_18' title='bbox 1825 847 1998 914; x_wconf 83' lang='lat' dir='ltr'><strong>DUX</strong></span> <span class='ocrx_word' id='word_1_19' title='bbox 2065 847 2232 907; x_wconf 83' lang='lat' dir='ltr'><strong>EST</strong></span> <span class='ocrx_word' id='word_1_20' title='bbox 2298 851 2637 922; x_wconf 75' lang='lat' dir='ltr'><strong>EORUH,</strong></span> 
     </span>
    </p>
   </div>
   <div class='ocr_carea' id='block_1_6' title="bbox 1221 983 2435 1034">
    <p class='ocr_par' dir='ltr' id='par_1_6' title="bbox 1221 983 2435 1034">
     <span class='ocr_line' id='line_1_6' title="bbox 1221 983 2435 1034; baseline -0.006 0"><span class='ocrx_word' id='word_1_21' title='bbox 1221 993 1305 1034; x_wconf 76' lang='lat' dir='ltr'><strong>AD</strong></span> <span class='ocrx_word' id='word_1_22' title='bbox 1354 985 1725 1032; x_wconf 77' lang='lat' dir='ltr'><strong>LUDOVICUM</strong></span> <span class='ocrx_word' id='word_1_23' title='bbox 1778 983 2127 1026; x_wconf 65' lang='lat' dir='ltr'><strong>GERMANLE</strong></span> <span class='ocrx_word' id='word_1_24' title='bbox 2176 984 2435 1033; x_wconf 75' lang='lat' dir='ltr'><strong>REGEM..</strong></span> 
     </span>
    </p>
   </div>
   <div class='ocr_carea' id='block_1_7' title="bbox 1106 1082 2513 1158">
    <p class='ocr_par' dir='ltr' id='par_1_7' title="bbox 1106 1082 2513 1158">
     <span class='ocr_line' id='line_1_7' title="bbox 1106 1082 2513 1158; baseline -0.006 -14"><span class='ocrx_word' id='word_1_25' title='bbox 1106 1093 1268 1158; x_wconf 76' lang='lat' dir='ltr'><strong>(Apud</strong></span> <span class='ocrx_word' id='word_1_26' title='bbox 1289 1096 1516 1144; x_wconf 83' lang='lat' dir='ltr'><strong>eumdem</strong></span> <span class='ocrx_word' id='word_1_27' title='bbox 1536 1123 1550 1149; x_wconf 92' lang='lat'><strong>,</strong></span> <span class='ocrx_word' id='word_1_28' title='bbox 1579 1099 1641 1137; x_wconf 83' lang='lat' dir='ltr'><strong>ex</strong></span> <span class='ocrx_word' id='word_1_29' title='bbox 1668 1085 1834 1136; x_wconf 86' lang='lat' dir='ltr'><strong>codice</strong></span> <span class='ocrx_word' id='word_1_30' title='bbox 1859 1083 1912 1135; x_wconf 90' lang='lat' dir='ltr'><strong>S.</strong></span> <span class='ocrx_word' id='word_1_31' title='bbox 1938 1082 2152 1147; x_wconf 80' lang='lat' dir='ltr'><strong>Remigii</strong></span> <span class='ocrx_word' id='word_1_32' title='bbox 2179 1083 2513 1149; x_wconf 79' lang='lat' dir='ltr'><strong>Rbemensis.)</strong></span> 
     </span>
    </p>
   </div>
   <div class='ocr_carea' id='block_1_8' title="bbox 257 1252 3466 1338">
    <p class='ocr_par' dir='ltr' id='par_1_8' title="bbox 257 1252 3466 1338">
     <span class='ocr_line' id='line_1_8' title="bbox 257 1252 3466 1338; baseline -0.001 -15"><span class='ocrx_word' id='word_1_33' title='bbox 257 1273 483 1330; x_wconf 86' lang='lat' dir='ltr'><strong>Domino</strong></span> <span class='ocrx_word' id='word_1_34' title='bbox 521 1269 796 1326; x_wconf 76' lang='lat' dir='ltr'><strong>Luuovrco</strong></span> <span class='ocrx_word' id='word_1_35' title='bbox 835 1265 946 1338; x_wconf 89' lang='lat' dir='ltr'><strong>regi</strong></span> <span class='ocrx_word' id='word_1_36' title='bbox 989 1265 1221 1338; x_wconf 87' lang='lat' dir='ltr'><strong>glorioso</strong></span> <span class='ocrx_word' id='word_1_37' title='bbox 1265 1263 1584 1322; x_wconf 74' lang='lat' dir='ltr'><strong>llnvcsunus</strong></span> <span class='ocrx_word' id='word_1_38' title='bbox 1603 1302 1618 1328; x_wconf 93' lang='lat'><strong>,</strong></span> <span class='ocrx_word' id='word_1_39' title='bbox 1670 1276 1770 1316; x_wconf 83' lang='lat' dir='ltr'><strong>no-</strong></span> <span class='ocrx_word' id='word_1_40' title='bbox 1800 1263 1850 1323; x_wconf 83' lang='grc' dir='ltr'><strong>Α</strong></span> <span class='ocrx_word' id='word_1_41' title='bbox 1879 1258 2094 1328; x_wconf 86' lang='lat' dir='ltr'><strong>quidem</strong></span> <span class='ocrx_word' id='word_1_42' title='bbox 2125 1256 2330 1323; x_wconf 69' lang='lat' dir='ltr'><strong>Romae,</strong></span> <span class='ocrx_word' id='word_1_43' title='bbox 2361 1256 2600 1313; x_wconf 90' lang='lat' dir='ltr'><strong>secundo</strong></span> <span class='ocrx_word' id='word_1_44' title='bbox 2626 1256 2899 1312; x_wconf 88' lang='lat' dir='ltr'><strong>Bethleem</strong></span> <span class='ocrx_word' id='word_1_45' title='bbox 2927 1259 2996 1314; x_wconf 87' lang='lat' dir='ltr'><strong>ad</strong></span> <span class='ocrx_word' id='word_1_46' title='bbox 3023 1257 3244 1315; x_wconf 87' lang='lat' dir='ltr'><strong>Paulam</strong></span> <span class='ocrx_word' id='word_1_47' title='bbox 3275 1271 3329 1318; x_wconf 94' lang='lat' dir='ltr'><strong>et</strong></span> <span class='ocrx_word' id='word_1_48' title='bbox 3356 1252 3466 1319; x_wconf 70' lang='grc' dir='ltr'><strong>Ευέ</strong></span> 
     </span>
    </p>
   </div>
   <div class='ocr_carea' id='block_1_9' title="bbox 171 1351 1770 1426">
    <p class='ocr_par' dir='ltr' id='par_1_9' title="bbox 171 1351 1770 1426">
     <span class='ocr_line' id='line_1_9' title="bbox 171 1351 1770 1426; baseline -0.008 -6"><span class='ocrx_word' id='word_1_49' title='bbox 171 1365 328 1420; x_wconf 81' lang='lat' dir='ltr'><strong>mine</strong></span> <span class='ocrx_word' id='word_1_50' title='bbox 368 1377 475 1418; x_wconf 92' lang='lat' dir='ltr'><strong>non</strong></span> <span class='ocrx_word' id='word_1_51' title='bbox 515 1359 709 1416; x_wconf 89' lang='lat' dir='ltr'><strong>merito</strong></span> <span class='ocrx_word' id='word_1_52' title='bbox 745 1358 1076 1414; x_wconf 80' lang='lat' dir='ltr'><strong>Rliemorum</strong></span> <span class='ocrx_word' id='word_1_53' title='bbox 1111 1355 1430 1426; x_wconf 89' lang='lat' dir='ltr'><strong>episcopus,</strong></span> <span class='ocrx_word' id='word_1_54' title='bbox 1471 1353 1642 1424; x_wconf 86' lang='lat' dir='ltr'><strong>plebis</strong></span> <span class='ocrx_word' id='word_1_55' title='bbox 1673 1351 1770 1408; x_wconf 86' lang='lat' dir='ltr'><strong>Dei</strong></span> 
     </span>
    </p>
   </div>
   <div class='ocr_carea' id='block_1_10' title="bbox 173 1454 438 1512">
    <p class='ocr_par' dir='ltr' id='par_1_10' title="bbox 173 1454 438 1512">
     <span class='ocr_line' id='line_1_10' title="bbox 173 1454 438 1512; baseline -0.015 0"><span class='ocrx_word' id='word_1_56' title='bbox 173 1454 438 1512; x_wconf 86' lang='lat' dir='ltr'><strong>famulus.</strong></span> 
     </span>
    </p>
   </div>
   <div class='ocr_carea' id='block_1_11' title="bbox 254 1537 1776 1618">
    <p class='ocr_par' dir='ltr' id='par_1_11' title="bbox 254 1537 1776 1618">
     <span class='ocr_line' id='line_1_11' title="bbox 254 1537 1776 1618; baseline -0.011 -13"><span class='ocrx_word' id='word_1_57' title='bbox 254 1549 439 1608; x_wconf 83' lang='lat' dir='ltr'><strong>Nuper</strong></span> <span class='ocrx_word' id='word_1_58' title='bbox 468 1544 685 1618; x_wconf 86' lang='lat' dir='ltr'><strong>quando</strong></span> <span class='ocrx_word' id='word_1_59' title='bbox 723 1544 778 1599; x_wconf 93' lang='lat' dir='ltr'><strong>in</strong></span> <span class='ocrx_word' id='word_1_60' title='bbox 810 1540 1044 1596; x_wconf 85' lang='lat' dir='ltr'><strong>Tusiaco</strong></span> <span class='ocrx_word' id='word_1_61' title='bbox 1070 1553 1192 1594; x_wconf 92' lang='lat' dir='ltr'><strong>cum</strong></span> <span class='ocrx_word' id='word_1_62' title='bbox 1223 1537 1449 1596; x_wconf 73' lang='lat' dir='ltr'><strong>domino</strong></span> <span class='ocrx_word' id='word_1_63' title='bbox 1490 1549 1612 1590; x_wconf 90' lang='lat' dir='ltr'><strong>meo</strong></span> <span class='ocrx_word' id='word_1_64' title='bbox 1649 1546 1776 1605; x_wconf 89' lang='lat' dir='ltr'><strong>rege</strong></span> 
     </span>
    </p>
   </div>
   <div class='ocr_carea' id='block_1_12' title="bbox 173 1628 1776 1697">
    <p class='ocr_par' dir='ltr' id='par_1_12' title="bbox 173 1628 1776 1697">
     <span class='ocr_line' id='line_1_12' title="bbox 173 1628 1776 1697; baseline -0.01 0"><span class='ocrx_word' id='word_1_65' title='bbox 173 1641 380 1697; x_wconf 86' lang='lat' dir='ltr'><strong>Carolo</strong></span> <span class='ocrx_word' id='word_1_66' title='bbox 427 1639 588 1693; x_wconf 90' lang='lat' dir='ltr'><strong>unico</strong></span> <span class='ocrx_word' id='word_1_67' title='bbox 628 1635 796 1690; x_wconf 77' lang='lat' dir='ltr'><strong>fratre</strong></span> <span class='ocrx_word' id='word_1_68' title='bbox 830 1641 1012 1689; x_wconf 87' lang='lat' dir='ltr'><strong>vestro</strong></span> <span class='ocrx_word' id='word_1_69' title='bbox 1041 1631 1205 1686; x_wconf 92' lang='lat' dir='ltr'><strong>locuti</strong></span> <span class='ocrx_word' id='word_1_70' title='bbox 1235 1629 1398 1694; x_wconf 80' lang='lat' dir='ltr'><strong>estis,</strong></span> <span class='ocrx_word' id='word_1_71' title='bbox 1448 1628 1592 1684; x_wconf 93' lang='lat' dir='ltr'><strong>sicut</strong></span> <span class='ocrx_word' id='word_1_72' title='bbox 1639 1628 1776 1683; x_wconf 86' lang='lat' dir='ltr'><strong>bene</strong></span> 
     </span>
    </p>
   </div>
   <div class='ocr_carea' id='block_1_13' title="bbox 176 1715 1776 1794">
    <p class='ocr_par' dir='ltr' id='par_1_13' title="bbox 176 1715 1776 1794">
     <span class='ocr_line' id='line_1_13' title="bbox 176 1715 1776 1794; baseline -0.009 -8"><span class='ocrx_word' id='word_1_73' title='bbox 176 1728 467 1786; x_wconf 82' lang='lat' dir='ltr'><strong>reminisci</strong></span> <span class='ocrx_word' id='word_1_74' title='bbox 511 1725 744 1791; x_wconf 81' lang='lat' dir='ltr'><strong>valetis,</strong></span> <span class='ocrx_word' id='word_1_75' title='bbox 789 1723 1024 1794; x_wconf 89' lang='lat' dir='ltr'><strong>quadam</strong></span> <span class='ocrx_word' id='word_1_76' title='bbox 1066 1722 1186 1787; x_wconf 90' lang='lat' dir='ltr'><strong>die,</strong></span> <span class='ocrx_word' id='word_1_77' title='bbox 1229 1719 1495 1776; x_wconf 91' lang='lat' dir='ltr'><strong>accersito</strong></span> <span class='ocrx_word' id='word_1_78' title='bbox 1543 1715 1776 1784; x_wconf 87' lang='lat' dir='ltr'><strong>Altfrido</strong></span> 
     </span>
    </p>
   </div>
   <div class='ocr_carea' id='block_1_14' title="bbox 175 1811 1777 1886">
    <p class='ocr_par' dir='ltr' id='par_1_14' title="bbox 175 1811 1777 1886">
     <span class='ocr_line' id='line_1_14' title="bbox 175 1811 1777 1886; baseline -0.007 -13"><span class='ocrx_word' id='word_1_79' title='bbox 175 1817 492 1875; x_wconf 86' lang='lat' dir='ltr'><strong>venerando</strong></span> <span class='ocrx_word' id='word_1_80' title='bbox 515 1815 787 1886; x_wconf 83' lang='lat' dir='ltr'><strong>episcopo,</strong></span> <span class='ocrx_word' id='word_1_81' title='bbox 819 1813 960 1884; x_wconf 91' lang='lat' dir='ltr'><strong>apud</strong></span> <span class='ocrx_word' id='word_1_82' title='bbox 983 1811 1332 1884; x_wconf 76' lang='lat' dir='ltr'><strong>exiguitatem</strong></span> <span class='ocrx_word' id='word_1_83' title='bbox 1359 1824 1557 1875; x_wconf 87' lang='lat' dir='ltr'><strong>meam,</strong></span> <span class='ocrx_word' id='word_1_84' title='bbox 1583 1823 1777 1864; x_wconf 91' lang='lat' dir='ltr'><strong>secun-</strong></span> 
     </span>
    </p>
   </div>
   <div class='ocr_carea' id='block_1_15' title="bbox 177 1899 1776 1978">
    <p class='ocr_par' dir='ltr' id='par_1_15' title="bbox 177 1899 1776 1978">
     <span class='ocr_line' id='line_1_15' title="bbox 177 1899 1776 1978; baseline -0.008 -12"><span class='ocrx_word' id='word_1_85' title='bbox 177 1911 312 1966; x_wconf 91' lang='lat' dir='ltr'><strong>dum</strong></span> <span class='ocrx_word' id='word_1_86' title='bbox 343 1907 663 1978; x_wconf 80' lang='lat' dir='ltr'><strong>sapientiam</strong></span> <span class='ocrx_word' id='word_1_87' title='bbox 695 1904 851 1960; x_wconf 80' lang='lat' dir='ltr'><strong>vobis</strong></span> <span class='ocrx_word' id='word_1_88' title='bbox 877 1919 907 1958; x_wconf 89' lang='lat' dir='ltr'><strong>a</strong></span> <span class='ocrx_word' id='word_1_89' title='bbox 936 1904 1047 1958; x_wconf 87' lang='lat' dir='ltr'><strong>Deo</strong></span> <span class='ocrx_word' id='word_1_90' title='bbox 1082 1903 1261 1958; x_wconf 85' lang='lat' dir='ltr'><strong>datam</strong></span> <span class='ocrx_word' id='word_1_91' title='bbox 1284 1941 1298 1965; x_wconf 92' lang='lat'><strong>,</strong></span> <span class='ocrx_word' id='word_1_92' title='bbox 1343 1901 1409 1956; x_wconf 92' lang='lat' dir='ltr'><strong>de</strong></span> <span class='ocrx_word' id='word_1_93' title='bbox 1451 1899 1776 1971; x_wconf 84' lang='lat' dir='ltr'><strong>quibusdam</strong></span> 
     </span>
    </p>
   </div>
   <div class='ocr_carea' id='block_1_16' title="bbox 177 1990 1778 2071">
    <p class='ocr_par' dir='ltr' id='par_1_16' title="bbox 177 1990 1778 2071">
     <span class='ocr_line' id='line_1_16' title="bbox 177 1990 1778 2071; baseline -0.009 -13"><span class='ocrx_word' id='word_1_94' title='bbox 177 2017 357 2060; x_wconf 69' lang='lat' dir='ltr'><strong>sacrae</strong></span> <span class='ocrx_word' id='word_1_95' title='bbox 385 2000 685 2071; x_wconf 73' lang='lat' dir='ltr'><strong>Scriptura:</strong></span> <span class='ocrx_word' id='word_1_96' title='bbox 723 1995 924 2052; x_wconf 86' lang='lat' dir='ltr'><strong>abditis</strong></span> <span class='ocrx_word' id='word_1_97' title='bbox 971 2006 1028 2052; x_wconf 90' lang='lat' dir='ltr'><strong>et</strong></span> <span class='ocrx_word' id='word_1_98' title='bbox 1068 1993 1455 2051; x_wconf 77' lang='lat' dir='ltr'><strong>difﬁcilioribus</strong></span> <span class='ocrx_word' id='word_1_99' title='bbox 1497 1990 1778 2048; x_wconf 89' lang='lat' dir='ltr'><strong>sententiis</strong></span> 
     </span>
    </p>
   </div>
   <div class='ocr_carea' id='block_1_17' title="bbox 175 2082 1773 2165">
    <p class='ocr_par' dir='ltr' id='par_1_17' title="bbox 175 2082 1773 2165">
     <span class='ocr_line' id='line_1_17' title="bbox 175 2082 1773 2165; baseline -0.009 -14"><span class='ocrx_word' id='word_1_100' title='bbox 175 2109 427 2165; x_wconf 65' lang='lat' dir='ltr'><strong>quaerere</strong></span> <span class='ocrx_word' id='word_1_101' title='bbox 442 2091 780 2149; x_wconf 88' lang='lat' dir='ltr'><strong>etsubtlllter</strong></span> <span class='ocrx_word' id='word_1_102' title='bbox 808 2089 1137 2159; x_wconf 86' lang='lat' dir='ltr'><strong>investigare</strong></span> <span class='ocrx_word' id='word_1_103' title='bbox 1163 2085 1433 2156; x_wconf 74' lang='lat' dir='ltr'><strong>cmpistis,</strong></span> <span class='ocrx_word' id='word_1_104' title='bbox 1463 2083 1531 2139; x_wconf 92' lang='lat' dir='ltr'><strong>de</strong></span> <span class='ocrx_word' id='word_1_105' title='bbox 1559 2082 1773 2153; x_wconf 86' lang='lat' dir='ltr'><strong>quibus,</strong></span> 
     </span>
    </p>
   </div>
   <div class='ocr_carea' id='block_1_18' title="bbox 176 2173 1779 2256">
    <p class='ocr_par' dir='ltr' id='par_1_18' title="bbox 176 2173 1779 2256">
     <span class='ocr_line' id='line_1_18' title="bbox 176 2173 1779 2256; baseline -0.008 -15"><span class='ocrx_word' id='word_1_106' title='bbox 176 2193 346 2256; x_wconf 85' lang='lat' dir='ltr'><strong>prout</strong></span> <span class='ocrx_word' id='word_1_107' title='bbox 372 2183 634 2241; x_wconf 89' lang='lat' dir='ltr'><strong>Dominus</strong></span> <span class='ocrx_word' id='word_1_108' title='bbox 670 2180 848 2247; x_wconf 88' lang='lat' dir='ltr'><strong>dedit,</strong></span> <span class='ocrx_word' id='word_1_109' title='bbox 891 2187 948 2234; x_wconf 89' lang='lat' dir='ltr'><strong>et</strong></span> <span class='ocrx_word' id='word_1_110' title='bbox 995 2176 1373 2249; x_wconf 84' lang='lat' dir='ltr'><strong>opportunitas</strong></span> <span class='ocrx_word' id='word_1_111' title='bbox 1420 2173 1680 2244; x_wconf 86' lang='lat' dir='ltr'><strong>temporis</strong></span> <span class='ocrx_word' id='word_1_112' title='bbox 1714 2186 1779 2228; x_wconf 90' lang='lat' dir='ltr'><strong>ac</strong></span> 
     </span>
    </p>
   </div>
   <div class='ocr_carea' id='block_1_19' title="bbox 178 2261 1779 2346">
    <p class='ocr_par' dir='ltr' id='par_1_19' title="bbox 178 2261 1779 2346">
     <span class='ocr_line' id='line_1_19' title="bbox 178 2261 1779 2346; baseline -0.009 -16"><span class='ocrx_word' id='word_1_113' title='bbox 178 2275 288 2332; x_wconf 89' lang='lat' dir='ltr'><strong>loci</strong></span> <span class='ocrx_word' id='word_1_114' title='bbox 323 2274 586 2346; x_wconf 87' lang='lat' dir='ltr'><strong>permisit,</strong></span> <span class='ocrx_word' id='word_1_115' title='bbox 622 2269 954 2343; x_wconf 83' lang='lat' dir='ltr'><strong>respondere</strong></span> <span class='ocrx_word' id='word_1_116' title='bbox 985 2267 1188 2324; x_wconf 82' lang='lat' dir='ltr'><strong>curavi.</strong></span> <span class='ocrx_word' id='word_1_117' title='bbox 1226 2265 1333 2320; x_wconf 86' lang='lat' dir='ltr'><strong>Sed</strong></span> <span class='ocrx_word' id='word_1_118' title='bbox 1375 2261 1654 2333; x_wconf 89' lang='lat' dir='ltr'><strong>inquisitio</strong></span> <span class='ocrx_word' id='word_1_119' title='bbox 1687 2275 1779 2317; x_wconf 83' lang='lat' dir='ltr'><strong>ve-</strong></span> 
     </span>
    </p>
   </div>
   <div class='ocr_carea' id='block_1_20' title="bbox 181 2350 1778 2433">
    <p class='ocr_par' dir='ltr' id='par_1_20' title="bbox 181 2350 1778 2433">
     <span class='ocr_line' id='line_1_20' title="bbox 181 2350 1778 2433; baseline -0.01 -12"><span class='ocrx_word' id='word_1_120' title='bbox 181 2376 299 2421; x_wconf 90' lang='lat' dir='ltr'><strong>stra</strong></span> <span class='ocrx_word' id='word_1_121' title='bbox 330 2379 396 2420; x_wconf 93' lang='lat' dir='ltr'><strong>eo</strong></span> <span class='ocrx_word' id='word_1_122' title='bbox 426 2376 598 2433; x_wconf 90' lang='lat' dir='ltr'><strong>usque</strong></span> <span class='ocrx_word' id='word_1_123' title='bbox 628 2360 925 2432; x_wconf 84' lang='lat' dir='ltr'><strong>processit,</strong></span> <span class='ocrx_word' id='word_1_124' title='bbox 966 2367 1024 2413; x_wconf 93' lang='lat' dir='ltr'><strong>ut</strong></span> <span class='ocrx_word' id='word_1_125' title='bbox 1061 2366 1114 2412; x_wconf 89' lang='lat' dir='ltr'><strong>et</strong></span> <span class='ocrx_word' id='word_1_126' title='bbox 1148 2355 1432 2426; x_wconf 57' lang='lat' dir='ltr'><strong>quaesitum</strong></span> <span class='ocrx_word' id='word_1_127' title='bbox 1473 2359 1635 2423; x_wconf 90' lang='lat' dir='ltr'><strong>atque</strong></span> <span class='ocrx_word' id='word_1_128' title='bbox 1669 2350 1778 2406; x_wconf 90' lang='lat' dir='ltr'><strong>dis-</strong></span> 
     </span>
    </p>
   </div>
   <div class='ocr_carea' id='block_1_21' title="bbox 185 2441 1780 2522">
    <p class='ocr_par' dir='ltr' id='par_1_21' title="bbox 185 2441 1780 2522">
     <span class='ocr_line' id='line_1_21' title="bbox 185 2441 1780 2522; baseline -0.01 -9"><span class='ocrx_word' id='word_1_129' title='bbox 185 2464 403 2513; x_wconf 86' lang='lat' dir='ltr'><strong>sertum</strong></span> <span class='ocrx_word' id='word_1_130' title='bbox 437 2454 595 2520; x_wconf 90' lang='lat' dir='ltr'><strong>foret,</strong></span> <span class='ocrx_word' id='word_1_131' title='bbox 627 2467 751 2509; x_wconf 92' lang='lat' dir='ltr'><strong>cum</strong></span> <span class='ocrx_word' id='word_1_132' title='bbox 775 2451 932 2522; x_wconf 84' lang='lat' dir='ltr'><strong>juxta</strong></span> <span class='ocrx_word' id='word_1_133' title='bbox 956 2449 1243 2505; x_wconf 83' lang='lat' dir='ltr'><strong>veritatem</strong></span> <span class='ocrx_word' id='word_1_134' title='bbox 1276 2445 1570 2516; x_wconf 70' lang='lat' dir='ltr'><strong>Scriptura:</strong></span> <span class='ocrx_word' id='word_1_135' title='bbox 1605 2441 1780 2499; x_wconf 90' lang='lat' dir='ltr'><strong>Gene—</strong></span> 
     </span>
    </p>
   </div>
   <div class='ocr_carea' id='block_1_22' title="bbox 182 2533 1778 2615">
    <p class='ocr_par' dir='ltr' id='par_1_22' title="bbox 182 2533 1778 2615">
     <span class='ocr_line' id='line_1_22' title="bbox 182 2533 1778 2615; baseline -0.01 -12"><span class='ocrx_word' id='word_1_136' title='bbox 182 2547 262 2603; x_wconf 89' lang='lat' dir='ltr'><strong>sis</strong></span> <span class='ocrx_word' id='word_1_137' title='bbox 290 2545 473 2602; x_wconf 84' lang='lat' dir='ltr'><strong>omnia</strong></span> <span class='ocrx_word' id='word_1_138' title='bbox 499 2559 664 2615; x_wconf 85' lang='lat' dir='ltr'><strong>opera</strong></span> <span class='ocrx_word' id='word_1_139' title='bbox 703 2543 797 2598; x_wconf 92' lang='lat' dir='ltr'><strong>Dei</strong></span> <span class='ocrx_word' id='word_1_140' title='bbox 829 2541 970 2596; x_wconf 91' lang='lat' dir='ltr'><strong>bona</strong></span> <span class='ocrx_word' id='word_1_141' title='bbox 1000 2539 1110 2594; x_wconf 94' lang='lat' dir='ltr'><strong>sint</strong></span> <span class='ocrx_word' id='word_1_142' title='bbox 1144 2538 1300 2593; x_wconf 87' lang='lat' dir='ltr'><strong>valde</strong></span> <span class='ocrx_word' id='word_1_143' title='bbox 1329 2534 1483 2610; x_wconf 83' lang='lat' dir='ltr'><strong>(Gen.</strong></span> <span class='ocrx_word' id='word_1_144' title='bbox 1519 2533 1596 2607; x_wconf 70' lang='lat'><strong>1);</strong></span> <span class='ocrx_word' id='word_1_145' title='bbox 1634 2533 1778 2602; x_wconf 89' lang='lat' dir='ltr'><strong>quod</strong></span> 
     </span>
    </p>
   </div>
   <div class='ocr_carea' id='block_1_23' title="bbox 181 2612 1854 2706">
    <p class='ocr_par' dir='ltr' id='par_1_23' title="bbox 181 2612 1854 2706">
     <span class='ocr_line' id='line_1_23' title="bbox 181 2612 1854 2706; baseline -0.01 -11"><span class='ocrx_word' id='word_1_146' title='bbox 181 2647 242 2696; x_wconf 88' lang='lat' dir='ltr'><strong>et</strong></span> <span class='ocrx_word' id='word_1_147' title='bbox 270 2612 560 2694; x_wconf 79' lang='lat' dir='ltr'><strong>conﬁrmat</strong></span> <span class='ocrx_word' id='word_1_148' title='bbox 595 2633 885 2706; x_wconf 83' lang='lat' dir='ltr'><strong>Apostolus</strong></span> <span class='ocrx_word' id='word_1_149' title='bbox 922 2624 1150 2688; x_wconf 89' lang='lat' dir='ltr'><strong>dicens:</strong></span> <span class='ocrx_word' id='word_1_150' title='bbox 1183 2627 1377 2684; x_wconf 83' lang='lat' dir='ltr'><strong>Omnia</strong></span> <span class='ocrx_word' id='word_1_151' title='bbox 1417 2637 1538 2682; x_wconf 87' lang='lat' dir='ltr'><strong>sunt</strong></span> <span class='ocrx_word' id='word_1_152' title='bbox 1581 2625 1778 2681; x_wconf 88' lang='lat' dir='ltr'><strong>munda</strong></span> <span class='ocrx_word' id='word_1_153' title='bbox 1811 2612 1854 2672; x_wconf 82' lang='grc' dir='ltr'><strong>Β</strong></span> 
     </span>
    </p>
   </div>
   <div class='ocr_carea' id='block_1_24' title="bbox 193 2717 1780 2801">
    <p class='ocr_par' dir='ltr' id='par_1_24' title="bbox 193 2717 1780 2801">
     <span class='ocr_line' id='line_1_24' title="bbox 193 2717 1780 2801; baseline -0.009 -17"><span class='ocrx_word' id='word_1_154' title='bbox 193 2731 400 2786; x_wconf 83' lang='lat' dir='ltr'><strong>mundis</strong></span> <span class='ocrx_word' id='word_1_155' title='bbox 427 2727 555 2801; x_wconf 88' lang='lat' dir='ltr'><strong>(Tit.</strong></span> <span class='ocrx_word' id='word_1_156' title='bbox 584 2743 628 2794; x_wconf 81' lang='grc' dir='ltr'><strong>ι,</strong></span> <span class='ocrx_word' id='word_1_157' title='bbox 662 2726 784 2797; x_wconf 79' lang='grc'><strong>15);</strong></span> <span class='ocrx_word' id='word_1_158' title='bbox 814 2733 870 2781; x_wconf 89' lang='lat' dir='ltr'><strong>et</strong></span> <span class='ocrx_word' id='word_1_159' title='bbox 894 2741 907 2778; x_wconf 92' lang='lat'><strong>:</strong></span> <span class='ocrx_word' id='word_1_160' title='bbox 944 2721 1092 2778; x_wconf 82' lang='lat' dir='ltr'><strong>Nihil</strong></span> <span class='ocrx_word' id='word_1_161' title='bbox 1121 2720 1460 2792; x_wconf 85' lang='lat' dir='ltr'><strong>rejiciendum</strong></span> <span class='ocrx_word' id='word_1_162' title='bbox 1489 2717 1627 2790; x_wconf 85' lang='lat' dir='ltr'><strong>quod</strong></span> <span class='ocrx_word' id='word_1_163' title='bbox 1662 2732 1780 2771; x_wconf 86' lang='lat' dir='ltr'><strong>cum</strong></span> 
     </span>
    </p>
   </div>
   <div class='ocr_carea' id='block_1_25' title="bbox 204 2809 1784 2890">
    <p class='ocr_par' dir='ltr' id='par_1_25' title="bbox 204 2809 1784 2890">
     <span class='ocr_line' id='line_1_25' title="bbox 204 2809 1784 2890; baseline -0.01 -12"><span class='ocrx_word' id='word_1_164' title='bbox 204 2823 481 2884; x_wconf 72' lang='lat' dir='ltr'><strong>iratiarum</strong></span> <span class='ocrx_word' id='word_1_165' title='bbox 506 2820 710 2875; x_wconf 79' lang='lat' dir='ltr'><strong>actione</strong></span> <span class='ocrx_word' id='word_1_166' title='bbox 732 2817 1016 2890; x_wconf 82' lang='lat' dir='ltr'><strong>percipitur</strong></span> <span class='ocrx_word' id='word_1_167' title='bbox 1046 2813 1099 2886; x_wconf 91' lang='grc'><strong>(1</strong></span> <span class='ocrx_word' id='word_1_168' title='bbox 1118 2813 1252 2868; x_wconf 86' lang='lat' dir='ltr'><strong>Tim.</strong></span> <span class='ocrx_word' id='word_1_169' title='bbox 1271 2811 1453 2882; x_wconf 69' lang='lat' dir='ltr'><strong>tv,4);</strong></span> <span class='ocrx_word' id='word_1_170' title='bbox 1482 2809 1648 2868; x_wconf 87' lang='lat' dir='ltr'><strong>curin</strong></span> <span class='ocrx_word' id='word_1_171' title='bbox 1668 2809 1784 2880; x_wconf 90' lang='lat' dir='ltr'><strong>lege</strong></span> 
     </span>
    </p>
   </div>
   <div class='ocr_carea' id='block_1_26' title="bbox 221 2892 1784 2984">
    <p class='ocr_par' dir='ltr' id='par_1_26' title="bbox 221 2892 1784 2984">
     <span class='ocr_line' id='line_1_26' title="bbox 221 2892 1784 2984; baseline -0.01 -15"><span class='ocrx_word' id='word_1_172' title='bbox 221 2914 386 2968; x_wconf 75' lang='lat' dir='ltr'><strong>Leuit.</strong></span> <span class='ocrx_word' id='word_1_173' title='bbox 417 2911 494 2984; x_wconf 74' lang='grc' dir='ltr'><strong>ιι)</strong></span> <span class='ocrx_word' id='word_1_174' title='bbox 525 2910 770 2982; x_wconf 65' lang='lat' dir='ltr'><strong>quaedam</strong></span> <span class='ocrx_word' id='word_1_175' title='bbox 801 2892 1075 2963; x_wconf 76' lang='lat' dir='ltr'><strong>immurida</strong></span> <span class='ocrx_word' id='word_1_176' title='bbox 1106 2913 1161 2961; x_wconf 95' lang='lat' dir='ltr'><strong>et</strong></span> <span class='ocrx_word' id='word_1_177' title='bbox 1189 2919 1295 2959; x_wconf 94' lang='lat' dir='ltr'><strong>non</strong></span> <span class='ocrx_word' id='word_1_178' title='bbox 1321 2900 1664 2974; x_wconf 88' lang='lat' dir='ltr'><strong>percipienda</strong></span> <span class='ocrx_word' id='word_1_179' title='bbox 1688 2899 1784 2955; x_wconf 92' lang='lat' dir='ltr'><strong>Dei</strong></span> 
     </span>
    </p>
   </div>
   <div class='ocr_carea' id='block_1_27' title="bbox 210 2992 1783 3075">
    <p class='ocr_par' dir='ltr' id='par_1_27' title="bbox 210 2992 1783 3075">
     <span class='ocr_line' id='line_1_27' title="bbox 210 2992 1783 3075; baseline -0.005 -19"><span class='ocrx_word' id='word_1_180' title='bbox 210 3004 389 3075; x_wconf 57' lang='lat' dir='ltr'><strong>populo</strong></span> <span class='ocrx_word' id='word_1_181' title='bbox 426 3001 824 3068; x_wconf 82' lang='lat' dir='ltr'><strong>describantur.</strong></span> <span class='ocrx_word' id='word_1_182' title='bbox 857 2998 1074 3054; x_wconf 92' lang='lat' dir='ltr'><strong>Etcum</strong></span> <span class='ocrx_word' id='word_1_183' title='bbox 1105 2995 1334 3067; x_wconf 70' lang='lat' dir='ltr'><strong>quzestio</strong></span> <span class='ocrx_word' id='word_1_184' title='bbox 1375 2992 1662 3048; x_wconf 88' lang='lat' dir='ltr'><strong>traditione</strong></span> <span class='ocrx_word' id='word_1_185' title='bbox 1688 3006 1783 3049; x_wconf 85' lang='lat' dir='ltr'><strong>ca-</strong></span> 
     </span>
    </p>
   </div>
   <div class='ocr_carea' id='block_1_28' title="bbox 206 3081 1784 3157">
    <p class='ocr_par' dir='ltr' id='par_1_28' title="bbox 206 3081 1784 3157">
     <span class='ocr_line' id='line_1_28' title="bbox 206 3081 1784 3157; baseline -0.008 -7"><span class='ocrx_word' id='word_1_186' title='bbox 206 3095 516 3151; x_wconf 86' lang='lat' dir='ltr'><strong>.holicorum</strong></span> <span class='ocrx_word' id='word_1_187' title='bbox 545 3092 754 3149; x_wconf 80' lang='lat' dir='ltr'><strong>exstitit</strong></span> <span class='ocrx_word' id='word_1_188' title='bbox 776 3088 1042 3154; x_wconf 87' lang='lat' dir='ltr'><strong>absoluta,</strong></span> <span class='ocrx_word' id='word_1_189' title='bbox 1080 3084 1462 3157; x_wconf 90' lang='lat' dir='ltr'><strong>interrogastis</strong></span> <span class='ocrx_word' id='word_1_190' title='bbox 1508 3082 1638 3153; x_wconf 85' lang='lat' dir='ltr'><strong>quid</strong></span> <span class='ocrx_word' id='word_1_191' title='bbox 1683 3081 1784 3138; x_wconf 84' lang='lat' dir='ltr'><strong>sibi</strong></span> 
     </span>
    </p>
   </div>
   <div class='ocr_carea' id='block_1_29' title="bbox 201 3173 1786 3255">
    <p class='ocr_par' dir='ltr' id='par_1_29' title="bbox 201 3173 1786 3255">
     <span class='ocr_line' id='line_1_29' title="bbox 201 3173 1786 3255; baseline -0.008 -15"><span class='ocrx_word' id='word_1_192' title='bbox 201 3185 359 3240; x_wconf 77' lang='lat' dir='ltr'><strong>vellet</strong></span> <span class='ocrx_word' id='word_1_193' title='bbox 386 3183 528 3255; x_wconf 90' lang='lat' dir='ltr'><strong>quod</strong></span> <span class='ocrx_word' id='word_1_194' title='bbox 559 3183 612 3237; x_wconf 93' lang='lat' dir='ltr'><strong>in</strong></span> <span class='ocrx_word' id='word_1_195' title='bbox 645 3181 860 3236; x_wconf 85' lang='lat' dir='ltr'><strong>Psalmo</strong></span> <span class='ocrx_word' id='word_1_196' title='bbox 885 3180 1098 3235; x_wconf 90' lang='lat' dir='ltr'><strong>canitur</strong></span> <span class='ocrx_word' id='word_1_197' title='bbox 1134 3192 1150 3232; x_wconf 85' lang='lat'><strong>:</strong></span> <span class='ocrx_word' id='word_1_198' title='bbox 1188 3176 1414 3232; x_wconf 85' lang='lat' dir='ltr'><strong>Herodii</strong></span> <span class='ocrx_word' id='word_1_199' title='bbox 1450 3175 1636 3229; x_wconf 81' lang='lat' dir='ltr'><strong>domus</strong></span> <span class='ocrx_word' id='word_1_200' title='bbox 1677 3173 1786 3228; x_wconf 81' lang='lat' dir='ltr'><strong>dux</strong></span> 
     </span>
    </p>
   </div>
   <div class='ocr_carea' id='block_1_30' title="bbox 199 3270 1786 3347">
    <p class='ocr_par' dir='ltr' id='par_1_30' title="bbox 199 3270 1786 3347">
     <span class='ocr_line' id='line_1_30' title="bbox 199 3270 1786 3347; baseline -0.007 -15"><span class='ocrx_word' id='word_1_201' title='bbox 199 3287 270 3334; x_wconf 75' lang='lat' dir='ltr'><strong>est</strong></span> <span class='ocrx_word' id='word_1_202' title='bbox 296 3293 476 3332; x_wconf 83' lang='lat' dir='ltr'><strong>eorum</strong></span> <span class='ocrx_word' id='word_1_203' title='bbox 505 3273 679 3347; x_wconf 85' lang='lat' dir='ltr'><strong>(Psal.</strong></span> <span class='ocrx_word' id='word_1_204' title='bbox 709 3289 805 3329; x_wconf 80' lang='lat' dir='ltr'><strong>cur</strong></span> <span class='ocrx_word' id='word_1_205' title='bbox 825 3313 838 3339; x_wconf 94' lang='lat'><strong>,</strong></span> <span class='ocrx_word' id='word_1_206' title='bbox 886 3271 993 3344; x_wconf 78' lang='lat' dir='ltr'><strong>t8).</strong></span> <span class='ocrx_word' id='word_1_207' title='bbox 1025 3270 1105 3325; x_wconf 89' lang='lat' dir='ltr'><strong>Ad</strong></span> <span class='ocrx_word' id='word_1_208' title='bbox 1135 3285 1254 3340; x_wconf 85' lang='lat' dir='ltr'><strong>quae</strong></span> <span class='ocrx_word' id='word_1_209' title='bbox 1281 3273 1664 3339; x_wconf 53' lang='lat' dir='ltr'><strong>praeoccupant</strong></span> <span class='ocrx_word' id='word_1_210' title='bbox 1688 3280 1786 3322; x_wconf 61' lang='lat' dir='ltr'><strong>voc</strong></span> 
     </span>
    </p>
   </div>
   <div class='ocr_carea' id='block_1_31' title="bbox 195 3356 1788 3436">
    <p class='ocr_par' dir='ltr' id='par_1_31' title="bbox 195 3356 1788 3436">
     <span class='ocr_line' id='line_1_31' title="bbox 195 3356 1788 3436; baseline -0.011 -11"><span class='ocrx_word' id='word_1_211' title='bbox 195 3385 332 3436; x_wconf 35' lang='lat' dir='ltr'><strong>cemA</strong></span> <span class='ocrx_word' id='word_1_212' title='bbox 349 3383 548 3432; x_wconf 87' lang='lat' dir='ltr'><strong>meam,</strong></span> <span class='ocrx_word' id='word_1_213' title='bbox 569 3374 631 3420; x_wconf 90' lang='lat' dir='ltr'><strong>ut</strong></span> <span class='ocrx_word' id='word_1_214' title='bbox 654 3365 797 3421; x_wconf 86' lang='lat' dir='ltr'><strong>Saxo</strong></span> <span class='ocrx_word' id='word_1_215' title='bbox 820 3378 1016 3436; x_wconf 78' lang='lat' dir='ltr'><strong>genere</strong></span> <span class='ocrx_word' id='word_1_216' title='bbox 1043 3378 1107 3418; x_wconf 90' lang='lat' dir='ltr'><strong>ac</strong></span> <span class='ocrx_word' id='word_1_217' title='bbox 1129 3378 1228 3432; x_wconf 91' lang='lat' dir='ltr'><strong>per</strong></span> <span class='ocrx_word' id='word_1_218' title='bbox 1254 3361 1356 3415; x_wconf 91' lang='lat' dir='ltr'><strong>hoc</strong></span> <span class='ocrx_word' id='word_1_219' title='bbox 1376 3356 1642 3414; x_wconf 87' lang='lat' dir='ltr'><strong>naturalis</strong></span> <span class='ocrx_word' id='word_1_220' title='bbox 1663 3371 1788 3426; x_wconf 91' lang='lat' dir='ltr'><strong>pru-</strong></span> 
     </span>
    </p>
   </div>
   <div class='ocr_carea' id='block_1_32' title="bbox 192 3433 1791 3525">
    <p class='ocr_par' dir='ltr' id='par_1_32' title="bbox 192 3433 1791 3525">
     <span class='ocr_line' id='line_1_32' title="bbox 192 3433 1791 3525; baseline -0.009 -9"><span class='ocrx_word' id='word_1_221' title='bbox 192 3433 392 3518; x_wconf 50' lang='lat' dir='ltr'><strong>denna:</strong></span> <span class='ocrx_word' id='word_1_222' title='bbox 417 3458 615 3514; x_wconf 90' lang='lat' dir='ltr'><strong>suatim</strong></span> <span class='ocrx_word' id='word_1_223' title='bbox 643 3471 728 3511; x_wconf 92' lang='lat' dir='ltr'><strong>me</strong></span> <span class='ocrx_word' id='word_1_224' title='bbox 756 3433 999 3525; x_wconf 74' lang='lat' dir='ltr'><strong>paratior</strong></span> <span class='ocrx_word' id='word_1_225' title='bbox 1025 3453 1079 3508; x_wconf 93' lang='lat' dir='ltr'><strong>in</strong></span> <span class='ocrx_word' id='word_1_226' title='bbox 1103 3465 1382 3516; x_wconf 87' lang='lat' dir='ltr'><strong>sermone,</strong></span> <span class='ocrx_word' id='word_1_227' title='bbox 1404 3447 1667 3504; x_wconf 83' lang='lat' dir='ltr'><strong>Altfridus</strong></span> <span class='ocrx_word' id='word_1_228' title='bbox 1689 3443 1791 3501; x_wconf 88' lang='lat' dir='ltr'><strong>Ve-</strong></span> 
     </span>
    </p>
   </div>
   <div class='ocr_carea' id='block_1_33' title="bbox 193 3544 1791 3620">
    <p class='ocr_par' dir='ltr' id='par_1_33' title="bbox 193 3544 1791 3620">
     <span class='ocr_line' id='line_1_33' title="bbox 193 3544 1791 3620; baseline -0.011 -11"><span class='ocrx_word' id='word_1_229' title='bbox 193 3551 473 3609; x_wconf 88' lang='lat' dir='ltr'><strong>nerandus</strong></span> <span class='ocrx_word' id='word_1_230' title='bbox 503 3549 788 3620; x_wconf 88' lang='lat' dir='ltr'><strong>episcopus</strong></span> <span class='ocrx_word' id='word_1_231' title='bbox 808 3546 964 3610; x_wconf 84' lang='lat' dir='ltr'><strong>dixit,</strong></span> <span class='ocrx_word' id='word_1_232' title='bbox 996 3545 1140 3615; x_wconf 90' lang='lat' dir='ltr'><strong>quod</strong></span> <span class='ocrx_word' id='word_1_233' title='bbox 1179 3544 1541 3612; x_wconf 81' lang='lat' dir='ltr'><strong>lnlerpretum</strong></span> <span class='ocrx_word' id='word_1_234' title='bbox 1576 3546 1791 3608; x_wconf 86' lang='lat' dir='ltr'><strong>septua-</strong></span> 
     </span>
    </p>
   </div>
   <div class='ocr_carea' id='block_1_34' title="bbox 193 3635 1786 3716">
    <p class='ocr_par' dir='ltr' id='par_1_34' title="bbox 193 3635 1786 3716">
     <span class='ocr_line' id='line_1_34' title="bbox 193 3635 1786 3716; baseline -0.009 -18"><span class='ocrx_word' id='word_1_235' title='bbox 193 3646 344 3716; x_wconf 83' lang='lat' dir='ltr'><strong>ginta</strong></span> <span class='ocrx_word' id='word_1_236' title='bbox 385 3640 666 3699; x_wconf 80' lang='lat' dir='ltr'><strong>translatio</strong></span> <span class='ocrx_word' id='word_1_237' title='bbox 713 3638 962 3694; x_wconf 87' lang='lat' dir='ltr'><strong>diceret:</strong></span> <span class='ocrx_word' id='word_1_238' title='bbox 992 3635 1197 3690; x_wconf 76' lang='lat' dir='ltr'><strong>Fulicw</strong></span> <span class='ocrx_word' id='word_1_239' title='bbox 1237 3635 1421 3688; x_wconf 84' lang='lat' dir='ltr'><strong>domus</strong></span> <span class='ocrx_word' id='word_1_240' title='bbox 1457 3640 1532 3688; x_wconf 82' lang='lat' dir='ltr'><strong>est</strong></span> <span class='ocrx_word' id='word_1_241' title='bbox 1586 3647 1786 3686; x_wconf 87' lang='lat' dir='ltr'><strong>eorum.</strong></span> 
     </span>
    </p>
   </div>
   <div class='ocr_carea' id='block_1_35' title="bbox 191 3723 1791 3806">
    <p class='ocr_par' dir='ltr' id='par_1_35' title="bbox 191 3723 1791 3806">
     <span class='ocr_line' id='line_1_35' title="bbox 191 3723 1791 3806; baseline -0.012 -13"><span class='ocrx_word' id='word_1_242' title='bbox 191 3737 326 3793; x_wconf 85' lang='lat' dir='ltr'><strong>Post</strong></span> <span class='ocrx_word' id='word_1_243' title='bbox 344 3749 502 3806; x_wconf 90' lang='lat' dir='ltr'><strong>quem</strong></span> <span class='ocrx_word' id='word_1_244' title='bbox 527 3747 648 3788; x_wconf 92' lang='lat' dir='ltr'><strong>cum</strong></span> <span class='ocrx_word' id='word_1_245' title='bbox 676 3729 1001 3801; x_wconf 89' lang='lat' dir='ltr'><strong>respondere</strong></span> <span class='ocrx_word' id='word_1_246' title='bbox 1035 3727 1351 3797; x_wconf 87' lang='lat' dir='ltr'><strong>inciperem,</strong></span> <span class='ocrx_word' id='word_1_247' title='bbox 1375 3724 1500 3794; x_wconf 89' lang='lat' dir='ltr'><strong>quia</strong></span> <span class='ocrx_word' id='word_1_248' title='bbox 1537 3723 1642 3778; x_wconf 93' lang='lat' dir='ltr'><strong>duo</strong></span> <span class='ocrx_word' id='word_1_249' title='bbox 1665 3727 1791 3776; x_wconf 90' lang='lat' dir='ltr'><strong>sunt</strong></span> 
     </span>
    </p>
   </div>
   <div class='ocr_carea' id='block_1_36' title="bbox 195 3811 1792 3901">
    <p class='ocr_par' dir='ltr' id='par_1_36' title="bbox 195 3811 1792 3901">
     <span class='ocr_line' id='line_1_36' title="bbox 195 3811 1792 3901; baseline -0.009 -20"><span class='ocrx_word' id='word_1_250' title='bbox 195 3842 401 3901; x_wconf 89' lang='lat' dir='ltr'><strong>genera</strong></span> <span class='ocrx_word' id='word_1_251' title='bbox 429 3824 796 3886; x_wconf 90' lang='lat' dir='ltr'><strong>herodiorum,</strong></span> <span class='ocrx_word' id='word_1_252' title='bbox 830 3821 972 3877; x_wconf 86' lang='lat' dir='ltr'><strong>sicut</strong></span> <span class='ocrx_word' id='word_1_253' title='bbox 995 3827 1050 3874; x_wconf 92' lang='lat' dir='ltr'><strong>et</strong></span> <span class='ocrx_word' id='word_1_254' title='bbox 1075 3819 1180 3872; x_wconf 88' lang='lat' dir='ltr'><strong>duo</strong></span> <span class='ocrx_word' id='word_1_255' title='bbox 1215 3825 1341 3871; x_wconf 91' lang='lat' dir='ltr'><strong>sunt</strong></span> <span class='ocrx_word' id='word_1_256' title='bbox 1367 3829 1563 3885; x_wconf 88' lang='lat' dir='ltr'><strong>genera</strong></span> <span class='ocrx_word' id='word_1_257' title='bbox 1593 3811 1792 3882; x_wconf 83' lang='lat' dir='ltr'><strong>pelica-</strong></span> 
     </span>
    </p>
   </div>
   <div class='ocr_carea' id='block_1_37' title="bbox 197 3903 1788 3981">
    <p class='ocr_par' dir='ltr' id='par_1_37' title="bbox 197 3903 1788 3981">
     <span class='ocr_line' id='line_1_37' title="bbox 197 3903 1788 3981; baseline -0.01 -9"><span class='ocrx_word' id='word_1_258' title='bbox 197 3931 396 3974; x_wconf 90' lang='lat' dir='ltr'><strong>norum</strong></span> <span class='ocrx_word' id='word_1_259' title='bbox 416 3955 431 3981; x_wconf 89' lang='lat'><strong>,</strong></span> <span class='ocrx_word' id='word_1_260' title='bbox 462 3915 606 3971; x_wconf 90' lang='lat' dir='ltr'><strong>unde</strong></span> <span class='ocrx_word' id='word_1_261' title='bbox 635 3914 689 3969; x_wconf 89' lang='lat' dir='ltr'><strong>in</strong></span> <span class='ocrx_word' id='word_1_262' title='bbox 720 3911 1013 3967; x_wconf 85' lang='lat' dir='ltr'><strong>centesimo</strong></span> <span class='ocrx_word' id='word_1_263' title='bbox 1051 3909 1226 3981; x_wconf 88' lang='lat' dir='ltr'><strong>primo</strong></span> <span class='ocrx_word' id='word_1_264' title='bbox 1259 3904 1462 3975; x_wconf 88' lang='lat' dir='ltr'><strong>psalmo</strong></span> <span class='ocrx_word' id='word_1_265' title='bbox 1491 3904 1558 3958; x_wconf 92' lang='lat' dir='ltr'><strong>ad</strong></span> <span class='ocrx_word' id='word_1_266' title='bbox 1587 3903 1788 3958; x_wconf 89' lang='lat' dir='ltr'><strong>discre-</strong></span> 
     </span>
    </p>
   </div>
   <div class='ocr_carea' id='block_1_38' title="bbox 195 3969 1860 4064">
    <p class='ocr_par' dir='ltr' id='par_1_38' title="bbox 195 3969 1860 4064">
     <span class='ocr_line' id='line_1_38' title="bbox 195 3969 1860 4064; baseline -0.011 -1"><span class='ocrx_word' id='word_1_267' title='bbox 195 4009 403 4064; x_wconf 84' lang='lat' dir='ltr'><strong>tionem</strong></span> <span class='ocrx_word' id='word_1_268' title='bbox 431 4023 553 4062; x_wconf 92' lang='lat' dir='ltr'><strong>cum</strong></span> <span class='ocrx_word' id='word_1_269' title='bbox 585 4005 952 4060; x_wconf 87' lang='lat' dir='ltr'><strong>additamento</strong></span> <span class='ocrx_word' id='word_1_270' title='bbox 975 3969 1189 4056; x_wconf 74' lang='lat' dir='ltr'><strong>canitur</strong></span> <span class='ocrx_word' id='word_1_271' title='bbox 1213 4017 1225 4053; x_wconf 92' lang='lat'><strong>:</strong></span> <span class='ocrx_word' id='word_1_272' title='bbox 1253 3995 1451 4052; x_wconf 88' lang='lat' dir='ltr'><strong>Similis</strong></span> <span class='ocrx_word' id='word_1_273' title='bbox 1479 3994 1650 4064; x_wconf 77' lang='lat' dir='ltr'><strong>factus</strong></span> <span class='ocrx_word' id='word_1_274' title='bbox 1671 4009 1788 4046; x_wconf 86' lang='lat' dir='ltr'><strong>sum</strong></span> <span class='ocrx_word' id='word_1_275' title='bbox 1816 3969 1860 4032; x_wconf 68' lang='grc' dir='ltr'><strong>Ο</strong></span> 
     </span>
    </p>
   </div>
   <div class='ocr_carea' id='block_1_39' title="bbox 194 4081 1792 4170">
    <p class='ocr_par' dir='ltr' id='par_1_39' title="bbox 194 4081 1792 4170">
     <span class='ocr_line' id='line_1_39' title="bbox 194 4081 1792 4170; baseline -0.013 -15"><span class='ocrx_word' id='word_1_276' title='bbox 194 4099 435 4170; x_wconf 79' lang='lat' dir='ltr'><strong>pelicano</strong></span> <span class='ocrx_word' id='word_1_277' title='bbox 464 4096 762 4152; x_wconf 84' lang='lat' dir='ltr'><strong>solitudinis</strong></span> <span class='ocrx_word' id='word_1_278' title='bbox 792 4091 964 4164; x_wconf 79' lang='lat' dir='ltr'><strong>(Psal.</strong></span> <span class='ocrx_word' id='word_1_279' title='bbox 996 4107 1046 4145; x_wconf 85' lang='lat' dir='ltr'><strong>Cl</strong></span> <span class='ocrx_word' id='word_1_280' title='bbox 1071 4131 1086 4155; x_wconf 93' lang='lat'><strong>,</strong></span> <span class='ocrx_word' id='word_1_281' title='bbox 1112 4088 1187 4159; x_wconf 89' lang='lat'><strong>7),</strong></span> <span class='ocrx_word' id='word_1_282' title='bbox 1221 4087 1348 4158; x_wconf 85' lang='lat' dir='ltr'><strong>quia</strong></span> <span class='ocrx_word' id='word_1_283' title='bbox 1376 4093 1460 4140; x_wconf 92' lang='lat' dir='ltr'><strong>est</strong></span> <span class='ocrx_word' id='word_1_284' title='bbox 1487 4093 1544 4140; x_wconf 84' lang='lat' dir='ltr'><strong>et</strong></span> <span class='ocrx_word' id='word_1_285' title='bbox 1571 4081 1792 4137; x_wconf 90' lang='lat' dir='ltr'><strong>alterius</strong></span> 
     </span>
    </p>
   </div>
   <div class='ocr_carea' id='block_1_40' title="bbox 199 4171 1790 4262">
    <p class='ocr_par' dir='ltr' id='par_1_40' title="bbox 199 4171 1790 4262">
     <span class='ocr_line' id='line_1_40' title="bbox 199 4171 1790 4262; baseline -0.012 -17"><span class='ocrx_word' id='word_1_286' title='bbox 199 4190 439 4262; x_wconf 78' lang='lat' dir='ltr'><strong>generis,</strong></span> <span class='ocrx_word' id='word_1_287' title='bbox 461 4187 692 4243; x_wconf 84' lang='lat' dir='ltr'><strong>ﬂuvialis</strong></span> <span class='ocrx_word' id='word_1_288' title='bbox 723 4184 929 4241; x_wconf 87' lang='lat' dir='ltr'><strong>scilicet</strong></span> <span class='ocrx_word' id='word_1_289' title='bbox 955 4180 1250 4252; x_wconf 88' lang='lat' dir='ltr'><strong>pelicanus,</strong></span> <span class='ocrx_word' id='word_1_290' title='bbox 1280 4175 1594 4248; x_wconf 88' lang='lat' dir='ltr'><strong>supervenit</strong></span> <span class='ocrx_word' id='word_1_291' title='bbox 1621 4171 1790 4228; x_wconf 89' lang='lat' dir='ltr'><strong>domi-</strong></span> 
     </span>
    </p>
   </div>
   <div class='ocr_carea' id='block_1_41' title="bbox 199 4268 1792 4336">
    <p class='ocr_par' dir='ltr' id='par_1_41' title="bbox 199 4268 1792 4336">
     <span class='ocr_line' id='line_1_41' title="bbox 199 4268 1792 4336; baseline -0.013 0"><span class='ocrx_word' id='word_1_292' title='bbox 199 4295 306 4336; x_wconf 91' lang='lat' dir='ltr'><strong>nus</strong></span> <span class='ocrx_word' id='word_1_293' title='bbox 340 4293 491 4334; x_wconf 89' lang='lat' dir='ltr'><strong>meus</strong></span> <span class='ocrx_word' id='word_1_294' title='bbox 525 4292 620 4333; x_wconf 87' lang='lat' dir='ltr'><strong>rex</strong></span> <span class='ocrx_word' id='word_1_295' title='bbox 659 4274 885 4332; x_wconf 87' lang='lat' dir='ltr'><strong>Carolus</strong></span> <span class='ocrx_word' id='word_1_296' title='bbox 912 4272 1106 4328; x_wconf 88' lang='lat' dir='ltr'><strong>unicus</strong></span> <span class='ocrx_word' id='word_1_297' title='bbox 1133 4268 1301 4324; x_wconf 87' lang='lat' dir='ltr'><strong>frater</strong></span> <span class='ocrx_word' id='word_1_298' title='bbox 1328 4275 1524 4330; x_wconf 87' lang='lat' dir='ltr'><strong>vester,</strong></span> <span class='ocrx_word' id='word_1_299' title='bbox 1558 4274 1614 4321; x_wconf 93' lang='lat' dir='ltr'><strong>et</strong></span> <span class='ocrx_word' id='word_1_300' title='bbox 1644 4278 1792 4325; x_wconf 85' lang='lat' dir='ltr'><strong>com-</strong></span> 
     </span>
    </p>
   </div>
   <div class='ocr_carea' id='block_1_42' title="bbox 199 4349 1794 4440">
    <p class='ocr_par' dir='ltr' id='par_1_42' title="bbox 199 4349 1794 4440">
     <span class='ocr_line' id='line_1_42' title="bbox 199 4349 1794 4440; baseline -0.011 -11"><span class='ocrx_word' id='word_1_301' title='bbox 199 4349 464 4429; x_wconf 79' lang='lat' dir='ltr'><strong>monente</strong></span> <span class='ocrx_word' id='word_1_302' title='bbox 521 4370 614 4426; x_wconf 91' lang='lat' dir='ltr'><strong>illo</strong></span> <span class='ocrx_word' id='word_1_303' title='bbox 659 4367 974 4440; x_wconf 81' lang='lat' dir='ltr'><strong>perrexistis</strong></span> <span class='ocrx_word' id='word_1_304' title='bbox 1017 4364 1083 4419; x_wconf 90' lang='lat' dir='ltr'><strong>ad</strong></span> <span class='ocrx_word' id='word_1_305' title='bbox 1129 4359 1561 4418; x_wconf 87' lang='lat' dir='ltr'><strong>annuntiandum</strong></span> <span class='ocrx_word' id='word_1_306' title='bbox 1599 4357 1794 4412; x_wconf 88' lang='lat' dir='ltr'><strong>vestris</strong></span> 
     </span>
    </p>
   </div>
   <div class='ocr_carea' id='block_1_43' title="bbox 199 4450 1792 4532">
    <p class='ocr_par' dir='ltr' id='par_1_43' title="bbox 199 4450 1792 4532">
     <span class='ocr_line' id='line_1_43' title="bbox 199 4450 1792 4532; baseline -0.011 -12"><span class='ocrx_word' id='word_1_307' title='bbox 199 4463 475 4528; x_wconf 79' lang='lat' dir='ltr'><strong>fidelibus,</strong></span> <span class='ocrx_word' id='word_1_308' title='bbox 505 4469 830 4532; x_wconf 82' lang='lat' dir='ltr'><strong>quaprOpter</strong></span> <span class='ocrx_word' id='word_1_309' title='bbox 859 4465 1155 4514; x_wconf 91' lang='lat' dir='ltr'><strong>conventus</strong></span> <span class='ocrx_word' id='word_1_310' title='bbox 1183 4462 1362 4509; x_wconf 85' lang='lat' dir='ltr'><strong>vester</strong></span> <span class='ocrx_word' id='word_1_311' title='bbox 1390 4450 1660 4507; x_wconf 80' lang='lat' dir='ltr'><strong>exstiterit</strong></span> <span class='ocrx_word' id='word_1_312' title='bbox 1685 4467 1697 4503; x_wconf 93' lang='lat'>:</span> <span class='ocrx_word' id='word_1_313' title='bbox 1732 4458 1792 4504; x_wconf 90' lang='lat' dir='ltr'><strong>et</strong></span> 
     </span>
    </p>
   </div>
   <div class='ocr_carea' id='block_1_44' title="bbox 203 4541 1792 4611">
    <p class='ocr_par' dir='ltr' id='par_1_44' title="bbox 203 4541 1792 4611">
     <span class='ocr_line' id='line_1_44' title="bbox 203 4541 1792 4611; baseline -0.009 0"><span class='ocrx_word' id='word_1_314' title='bbox 203 4554 261 4611; x_wconf 90' lang='lat' dir='ltr'><strong>in</strong></span> <span class='ocrx_word' id='word_1_315' title='bbox 292 4555 472 4611; x_wconf 91' lang='lat' dir='ltr'><strong>eundo</strong></span> <span class='ocrx_word' id='word_1_316' title='bbox 500 4553 746 4609; x_wconf 85' lang='lat' dir='ltr'><strong>servituti</strong></span> <span class='ocrx_word' id='word_1_317' title='bbox 786 4567 920 4606; x_wconf 84' lang='lat' dir='ltr'><strong>meae</strong></span> <span class='ocrx_word' id='word_1_318' title='bbox 958 4549 1156 4606; x_wconf 87' lang='lat' dir='ltr'><strong>vestris</strong></span> <span class='ocrx_word' id='word_1_319' title='bbox 1195 4545 1351 4607; x_wconf 89' lang='lat' dir='ltr'><strong>bonis</strong></span> <span class='ocrx_word' id='word_1_320' title='bbox 1394 4541 1678 4599; x_wconf 88' lang='lat' dir='ltr'><strong>desideriis</strong></span> <span class='ocrx_word' id='word_1_321' title='bbox 1709 4541 1792 4596; x_wconf 90' lang='lat' dir='ltr'><strong>in-</strong></span> 
     </span>
    </p>
   </div>
   <div class='ocr_carea' id='block_1_45' title="bbox 197 4631 1795 4716">
    <p class='ocr_par' dir='ltr' id='par_1_45' title="bbox 197 4631 1795 4716">
     <span class='ocr_line' id='line_1_45' title="bbox 197 4631 1795 4716; baseline -0.008 -17"><span class='ocrx_word' id='word_1_322' title='bbox 197 4645 431 4716; x_wconf 74' lang='lat' dir='ltr'><strong>iungere</strong></span> <span class='ocrx_word' id='word_1_323' title='bbox 456 4643 678 4716; x_wconf 87' lang='lat' dir='ltr'><strong>placuit,</strong></span> <span class='ocrx_word' id='word_1_324' title='bbox 708 4651 762 4697; x_wconf 91' lang='lat' dir='ltr'><strong>et</strong></span> <span class='ocrx_word' id='word_1_325' title='bbox 795 4640 1106 4712; x_wconf 91' lang='lat' dir='ltr'><strong>promisisse</strong></span> <span class='ocrx_word' id='word_1_326' title='bbox 1135 4653 1222 4693; x_wconf 92' lang='lat' dir='ltr'><strong>me</strong></span> <span class='ocrx_word' id='word_1_327' title='bbox 1253 4634 1504 4698; x_wconf 89' lang='lat' dir='ltr'><strong>memini,</strong></span> <span class='ocrx_word' id='word_1_328' title='bbox 1553 4641 1612 4688; x_wconf 93' lang='lat' dir='ltr'><strong>ut</strong></span> <span class='ocrx_word' id='word_1_329' title='bbox 1651 4631 1795 4701; x_wconf 91' lang='lat' dir='ltr'><strong>quod</strong></span> 
     </span>
    </p>
   </div>
   <div class='ocr_carea' id='block_1_46' title="bbox 203 4724 1800 4804">
    <p class='ocr_par' dir='ltr' id='par_1_46' title="bbox 203 4724 1800 4804">
     <span class='ocr_line' id='line_1_46' title="bbox 203 4724 1800 4804; baseline -0.009 -13"><span class='ocrx_word' id='word_1_330' title='bbox 203 4745 339 4791; x_wconf 89' lang='lat' dir='ltr'><strong>tunc</strong></span> <span class='ocrx_word' id='word_1_331' title='bbox 365 4736 489 4796; x_wconf 92' lang='lat' dir='ltr'><strong>inde</strong></span> <span class='ocrx_word' id='word_1_332' title='bbox 521 4733 848 4804; x_wconf 90' lang='lat' dir='ltr'><strong>respondere</strong></span> <span class='ocrx_word' id='word_1_333' title='bbox 873 4731 1185 4793; x_wconf 87' lang='lat' dir='ltr'><strong>debueram,</strong></span> <span class='ocrx_word' id='word_1_334' title='bbox 1227 4726 1428 4797; x_wconf 89' lang='lat' dir='ltr'><strong>scripto</strong></span> <span class='ocrx_word' id='word_1_335' title='bbox 1459 4724 1699 4796; x_wconf 84' lang='lat' dir='ltr'><strong>alligare,</strong></span> <span class='ocrx_word' id='word_1_336' title='bbox 1742 4730 1800 4777; x_wconf 88' lang='lat' dir='ltr'><strong>et</strong></span> 
     </span>
    </p>
   </div>
   <div class='ocr_carea' id='block_1_47' title="bbox 206 4815 1797 4886">
    <p class='ocr_par' dir='ltr' id='par_1_47' title="bbox 206 4815 1797 4886">
     <span class='ocr_line' id='line_1_47' title="bbox 206 4815 1797 4886; baseline -0.011 0"><span class='ocrx_word' id='word_1_337' title='bbox 206 4828 568 4886; x_wconf 85' lang='lat' dir='ltr'><strong>dominationi</strong></span> <span class='ocrx_word' id='word_1_338' title='bbox 619 4836 814 4882; x_wconf 84' lang='lat' dir='ltr'><strong>vestrae</strong></span> <span class='ocrx_word' id='word_1_339' title='bbox 868 4824 1138 4879; x_wconf 90' lang='lat' dir='ltr'><strong>studerem</strong></span> <span class='ocrx_word' id='word_1_340' title='bbox 1199 4819 1584 4874; x_wconf 90' lang='lat' dir='ltr'><strong>transmittere.</strong></span> <span class='ocrx_word' id='word_1_341' title='bbox 1645 4815 1797 4882; x_wconf 85' lang='lat' dir='ltr'><strong>Quod</strong></span> 
     </span>
    </p>
   </div>
   <div class='ocr_carea' id='block_1_48' title="bbox 207 4904 1794 4992">
    <p class='ocr_par' dir='ltr' id='par_1_48' title="bbox 207 4904 1794 4992">
     <span class='ocr_line' id='line_1_48' title="bbox 207 4904 1794 4992; baseline -0.012 -17"><span class='ocrx_word' id='word_1_342' title='bbox 207 4921 338 4992; x_wconf 87' lang='lat' dir='ltr'><strong>quia</strong></span> <span class='ocrx_word' id='word_1_343' title='bbox 369 4928 526 4974; x_wconf 88' lang='lat' dir='ltr'><strong>antea</strong></span> <span class='ocrx_word' id='word_1_344' title='bbox 572 4915 900 4987; x_wconf 86' lang='lat' dir='ltr'><strong>exsequendi</strong></span> <span class='ocrx_word' id='word_1_345' title='bbox 945 4909 1405 4983; x_wconf 84' lang='lat' dir='ltr'><strong>opportunitatem</strong></span> <span class='ocrx_word' id='word_1_346' title='bbox 1449 4922 1554 4963; x_wconf 90' lang='lat' dir='ltr'><strong>non</strong></span> <span class='ocrx_word' id='word_1_347' title='bbox 1598 4904 1794 4967; x_wconf 88' lang='lat' dir='ltr'><strong>habui,</strong></span> 
     </span>
    </p>
   </div>
   <div class='ocr_carea' id='block_1_49' title="bbox 205 4995 1799 5079">
    <p class='ocr_par' dir='ltr' id='par_1_49' title="bbox 205 4995 1799 5079">
     <span class='ocr_line' id='line_1_49' title="bbox 205 4995 1799 5079; baseline -0.011 -13"><span class='ocrx_word' id='word_1_348' title='bbox 205 5026 358 5066; x_wconf 89' lang='lat' dir='ltr'><strong>nunc</strong></span> <span class='ocrx_word' id='word_1_349' title='bbox 385 5009 625 5065; x_wconf 88' lang='lat' dir='ltr'><strong>breviter</strong></span> <span class='ocrx_word' id='word_1_350' title='bbox 652 5022 772 5079; x_wconf 84' lang='lat' dir='ltr'><strong>quae</strong></span> <span class='ocrx_word' id='word_1_351' title='bbox 799 5022 862 5062; x_wconf 87' lang='lat' dir='ltr'><strong>ex</strong></span> <span class='ocrx_word' id='word_1_352' title='bbox 894 5017 1216 5075; x_wconf 86' lang='lat' dir='ltr'><strong>magnorum</strong></span> <span class='ocrx_word' id='word_1_353' title='bbox 1248 4999 1373 5055; x_wconf 93' lang='lat' dir='ltr'><strong>inde</strong></span> <span class='ocrx_word' id='word_1_354' title='bbox 1403 4995 1692 5056; x_wconf 90' lang='lat' dir='ltr'><strong>traditione</strong></span> <span class='ocrx_word' id='word_1_355' title='bbox 1720 4995 1799 5049; x_wconf 87' lang='lat' dir='ltr'><strong>di-</strong></span> 
     </span>
    </p>
   </div>
   <div class='ocr_carea' id='block_1_50' title="bbox 210 5087 1799 5169">
    <p class='ocr_par' dir='ltr' id='par_1_50' title="bbox 210 5087 1799 5169">
     <span class='ocr_line' id='line_1_50' title="bbox 210 5087 1799 5169; baseline -0.013 -10"><span class='ocrx_word' id='word_1_356' title='bbox 210 5103 350 5167; x_wconf 90' lang='lat' dir='ltr'><strong>dici,</strong></span> <span class='ocrx_word' id='word_1_357' title='bbox 398 5111 591 5156; x_wconf 70' lang='lat' dir='ltr'><strong>vestra:</strong></span> <span class='ocrx_word' id='word_1_358' title='bbox 629 5097 908 5169; x_wconf 65' lang='lat' dir='ltr'><strong>sapientiae</strong></span> <span class='ocrx_word' id='word_1_359' title='bbox 934 5095 1154 5150; x_wconf 89' lang='lat' dir='ltr'><strong>auribus</strong></span> <span class='ocrx_word' id='word_1_360' title='bbox 1180 5091 1452 5154; x_wconf 85' lang='lat' dir='ltr'><strong>intimare,</strong></span> <span class='ocrx_word' id='word_1_361' title='bbox 1481 5097 1534 5143; x_wconf 91' lang='lat' dir='ltr'><strong>ct</strong></span> <span class='ocrx_word' id='word_1_362' title='bbox 1561 5087 1799 5158; x_wconf 82' lang='lat' dir='ltr'><strong>promis-</strong></span> 
     </span>
    </p>
   </div>
   <div class='ocr_carea' id='block_1_51' title="bbox 209 5179 1802 5255">
    <p class='ocr_par' dir='ltr' id='par_1_51' title="bbox 209 5179 1802 5255">
     <span class='ocr_line' id='line_1_51' title="bbox 209 5179 1802 5255; baseline -0.01 -6"><span class='ocrx_word' id='word_1_363' title='bbox 209 5194 382 5250; x_wconf 89' lang='lat' dir='ltr'><strong>sionis</strong></span> <span class='ocrx_word' id='word_1_364' title='bbox 427 5208 560 5248; x_wconf 61' lang='lat' dir='ltr'><strong>mea:</strong></span> <span class='ocrx_word' id='word_1_365' title='bbox 606 5190 845 5248; x_wconf 91' lang='lat' dir='ltr'><strong>debitum</strong></span> <span class='ocrx_word' id='word_1_366' title='bbox 896 5187 1179 5250; x_wconf 74' lang='lat' dir='ltr'><strong>exsolvere</strong></span> <span class='ocrx_word' id='word_1_367' title='bbox 1224 5181 1534 5255; x_wconf 89' lang='lat' dir='ltr'><strong>procuravi.</strong></span> <span class='ocrx_word' id='word_1_368' title='bbox 1579 5180 1654 5235; x_wconf 91' lang='lat' dir='ltr'><strong>De</strong></span> <span class='ocrx_word' id='word_1_369' title='bbox 1698 5179 1802 5234; x_wconf 84' lang='lat' dir='ltr'><strong>hoc</strong></span> 
     </span>
    </p>
   </div>
   <div class='ocr_carea' id='block_1_52' title="bbox 210 5269 1802 5354">
    <p class='ocr_par' dir='ltr' id='par_1_52' title="bbox 210 5269 1802 5354">
     <span class='ocr_line' id='line_1_52' title="bbox 210 5269 1802 5354; baseline -0.009 -16"><span class='ocrx_word' id='word_1_370' title='bbox 210 5284 354 5338; x_wconf 92' lang='lat' dir='ltr'><strong>unde</strong></span> <span class='ocrx_word' id='word_1_371' title='bbox 401 5283 614 5354; x_wconf 90' lang='lat' dir='ltr'><strong>agitur,</strong></span> <span class='ocrx_word' id='word_1_372' title='bbox 660 5281 1050 5349; x_wconf 86' lang='lat' dir='ltr'><strong>interpretante</strong></span> <span class='ocrx_word' id='word_1_373' title='bbox 1095 5275 1254 5330; x_wconf 86' lang='lat' dir='ltr'><strong>beato</strong></span> <span class='ocrx_word' id='word_1_374' title='bbox 1298 5272 1647 5342; x_wconf 83' lang='lat' dir='ltr'><strong>Hieronymo,</strong></span> <span class='ocrx_word' id='word_1_375' title='bbox 1697 5269 1802 5324; x_wconf 84' lang='lat' dir='ltr'><strong>He-</strong></span> 
     </span>
    </p>
   </div>
   <div class='ocr_carea' id='block_1_53' title="bbox 210 5359 1798 5428">
    <p class='ocr_par' dir='ltr' id='par_1_53' title="bbox 210 5359 1798 5428">
     <span class='ocr_line' id='line_1_53' title="bbox 210 5359 1798 5428; baseline -0.01 -1"><span class='ocrx_word' id='word_1_376' title='bbox 210 5372 395 5427; x_wconf 87' lang='lat' dir='ltr'><strong>braica</strong></span> <span class='ocrx_word' id='word_1_377' title='bbox 434 5372 634 5427; x_wconf 88' lang='lat' dir='ltr'><strong>veritas</strong></span> <span class='ocrx_word' id='word_1_378' title='bbox 671 5371 747 5426; x_wconf 89' lang='lat' dir='ltr'><strong>ita</strong></span> <span class='ocrx_word' id='word_1_379' title='bbox 788 5369 988 5424; x_wconf 79' lang='lat' dir='ltr'><strong>liabet:</strong></span> <span class='ocrx_word' id='word_1_380' title='bbox 1019 5363 1414 5420; x_wconf 81' lang='lat' dir='ltr'><strong>Salurabuntur</strong></span> <span class='ocrx_word' id='word_1_381' title='bbox 1438 5360 1581 5428; x_wconf 85' lang='lat' dir='ltr'><strong>ligna</strong></span> <span class='ocrx_word' id='word_1_382' title='bbox 1609 5359 1798 5428; x_wconf 85' lang='lat' dir='ltr'><strong>campi,</strong></span> 
     </span>
    </p>
   </div>
   <div class='ocr_carea' id='block_1_54' title="bbox 210 5450 1802 5535">
    <p class='ocr_par' dir='ltr' id='par_1_54' title="bbox 210 5450 1802 5535">
     <span class='ocr_line' id='line_1_54' title="bbox 210 5450 1802 5535; baseline -0.009 -17"><span class='ocrx_word' id='word_1_383' title='bbox 210 5463 355 5518; x_wconf 83' lang='lat' dir='ltr'><strong>cedri</strong></span> <span class='ocrx_word' id='word_1_384' title='bbox 380 5462 565 5518; x_wconf 86' lang='lat' dir='ltr'><strong>Libani</strong></span> <span class='ocrx_word' id='word_1_385' title='bbox 585 5479 717 5535; x_wconf 86' lang='lat' dir='ltr'><strong>quas</strong></span> <span class='ocrx_word' id='word_1_386' title='bbox 740 5459 1007 5534; x_wconf 81' lang='lat' dir='ltr'><strong>plantasti,</strong></span> <span class='ocrx_word' id='word_1_387' title='bbox 1033 5457 1102 5511; x_wconf 82' lang='lat' dir='ltr'><strong>ibi</strong></span> <span class='ocrx_word' id='word_1_388' title='bbox 1124 5471 1242 5509; x_wconf 83' lang='lat' dir='ltr'><strong>aves</strong></span> <span class='ocrx_word' id='word_1_389' title='bbox 1263 5451 1632 5522; x_wconf 77' lang='lat' dir='ltr'><strong>nidiﬁcabunt,</strong></span> <span class='ocrx_word' id='word_1_390' title='bbox 1660 5450 1802 5504; x_wconf 79' lang='lat' dir='ltr'><strong>milvi</strong></span> 
     </span>
    </p>
   </div>
   <div class='ocr_carea' id='block_1_55' title="bbox 211 5543 1801 5625">
    <p class='ocr_par' dir='ltr' id='par_1_55' title="bbox 211 5543 1801 5625">
     <span class='ocr_line' id='line_1_55' title="bbox 211 5543 1801 5625; baseline -0.008 -17"><span class='ocrx_word' id='word_1_391' title='bbox 211 5555 356 5608; x_wconf 82' lang='lat' dir='ltr'><strong>abies</strong></span> <span class='ocrx_word' id='word_1_392' title='bbox 387 5555 571 5608; x_wconf 87' lang='lat' dir='ltr'><strong>domus</strong></span> <span class='ocrx_word' id='word_1_393' title='bbox 596 5555 711 5625; x_wconf 85' lang='lat' dir='ltr'><strong>ejus</strong></span> <span class='ocrx_word' id='word_1_394' title='bbox 741 5551 915 5624; x_wconf 87' lang='lat' dir='ltr'><strong>(Psal.</strong></span> <span class='ocrx_word' id='word_1_395' title='bbox 947 5564 1062 5614; x_wconf 85' lang='lat' dir='ltr'><strong>cnt,</strong></span> <span class='ocrx_word' id='word_1_396' title='bbox 1092 5546 1205 5616; x_wconf 71' lang='lat'><strong>16).</strong></span> <span class='ocrx_word' id='word_1_397' title='bbox 1239 5543 1588 5614; x_wconf 90' lang='lat' dir='ltr'><strong>Septuaginta</strong></span> <span class='ocrx_word' id='word_1_398' title='bbox 1621 5549 1801 5596; x_wconf 89' lang='lat' dir='ltr'><strong>autem</strong></span> 
     </span>
    </p>
   </div>
   <div class='ocr_carea' id='block_1_56' title="bbox 212 5632 1798 5716">
    <p class='ocr_par' dir='ltr' id='par_1_56' title="bbox 212 5632 1798 5716">
     <span class='ocr_line' id='line_1_56' title="bbox 212 5632 1798 5716; baseline -0.009 -17"><span class='ocrx_word' id='word_1_399' title='bbox 212 5647 576 5716; x_wconf 82' lang='lat' dir='ltr'><strong>lnlerpretum</strong></span> <span class='ocrx_word' id='word_1_400' title='bbox 619 5642 918 5705; x_wconf 87' lang='lat' dir='ltr'><strong>translatio,</strong></span> <span class='ocrx_word' id='word_1_401' title='bbox 968 5654 1130 5710; x_wconf 85' lang='lat' dir='ltr'><strong>quam</strong></span> <span class='ocrx_word' id='word_1_402' title='bbox 1172 5637 1355 5716; x_wconf 82' lang='lat' dir='ltr'><strong>tertio,</strong></span> <span class='ocrx_word' id='word_1_403' title='bbox 1399 5632 1644 5706; x_wconf 91' lang='lat' dir='ltr'><strong>plurimis</strong></span> <span class='ocrx_word' id='word_1_404' title='bbox 1678 5646 1798 5687; x_wconf 87' lang='lat' dir='ltr'><strong>eam</strong></span> 
     </span>
    </p>
   </div>
   <div class='ocr_carea' id='block_1_57' title="bbox 215 5709 1803 5807">
    <p class='ocr_par' dir='ltr' id='par_1_57' title="bbox 215 5709 1803 5807">
     <span class='ocr_line' id='line_1_57' title="bbox 215 5709 1803 5807; baseline -0.009 -15"><span class='ocrx_word' id='word_1_405' title='bbox 215 5737 572 5802; x_wconf 85' lang='lat' dir='ltr'><strong>falsantibus,</strong></span> <span class='ocrx_word' id='word_1_406' title='bbox 614 5736 801 5794; x_wconf 88' lang='lat' dir='ltr'><strong>beatus</strong></span> <span class='ocrx_word' id='word_1_407' title='bbox 844 5730 1150 5788; x_wconf 83' lang='lat' dir='ltr'><strong>emendavit</strong></span> <span class='ocrx_word' id='word_1_408' title='bbox 1197 5709 1582 5807; x_wconf 73' lang='lat' dir='ltr'><strong>Hieronymus,</strong></span> <span class='ocrx_word' id='word_1_409' title='bbox 1627 5721 1803 5802; x_wconf 84' lang='lat' dir='ltr'><strong>primo</strong></span> 
     </span>
    </p>
   </div>
   <div class='ocr_carea' id='block_1_58' title="bbox 1876 1349 3467 1423">
    <p class='ocr_par' dir='ltr' id='par_1_58' title="bbox 1876 1349 3467 1423">
     <span class='ocr_line' id='line_1_58' title="bbox 1876 1349 3467 1423; baseline 0.003 -16"><span class='ocrx_word' id='word_1_410' title='bbox 1876 1349 2146 1407; x_wconf 89' lang='lat' dir='ltr'><strong>stochium</strong></span> <span class='ocrx_word' id='word_1_411' title='bbox 2195 1352 2325 1423; x_wconf 89' lang='lat' dir='ltr'><strong>ipsis</strong></span> <span class='ocrx_word' id='word_1_412' title='bbox 2368 1351 2698 1421; x_wconf 88' lang='lat' dir='ltr'><strong>petentibus,</strong></span> <span class='ocrx_word' id='word_1_413' title='bbox 2744 1350 2940 1406; x_wconf 89' lang='lat' dir='ltr'><strong>deinde</strong></span> <span class='ocrx_word' id='word_1_414' title='bbox 2990 1351 3058 1406; x_wconf 89' lang='lat' dir='ltr'><strong>ad</strong></span> <span class='ocrx_word' id='word_1_415' title='bbox 3107 1352 3366 1410; x_wconf 91' lang='lat' dir='ltr'><strong>Sunniam</strong></span> <span class='ocrx_word' id='word_1_416' title='bbox 3410 1364 3467 1411; x_wconf 92' lang='lat' dir='ltr'><strong>et</strong></span> 
     </span>
    </p>
   </div>
   <div class='ocr_carea' id='block_1_59' title="bbox 1876 1443 3462 1517">
    <p class='ocr_par' dir='ltr' id='par_1_59' title="bbox 1876 1443 3462 1517">
     <span class='ocr_line' id='line_1_59' title="bbox 1876 1443 3462 1517; baseline 0.003 -17"><span class='ocrx_word' id='word_1_417' title='bbox 1876 1445 2149 1502; x_wconf 84' lang='lat' dir='ltr'><strong>Fretelam</strong></span> <span class='ocrx_word' id='word_1_418' title='bbox 2176 1445 2443 1510; x_wconf 90' lang='lat' dir='ltr'><strong>scribens,</strong></span> <span class='ocrx_word' id='word_1_419' title='bbox 2474 1446 2615 1501; x_wconf 88' lang='lat' dir='ltr'><strong>sicut</strong></span> <span class='ocrx_word' id='word_1_420' title='bbox 2642 1445 2697 1499; x_wconf 92' lang='lat' dir='ltr'><strong>in</strong></span> <span class='ocrx_word' id='word_1_421' title='bbox 2727 1443 2844 1513; x_wconf 89' lang='lat' dir='ltr'><strong>ejus</strong></span> <span class='ocrx_word' id='word_1_422' title='bbox 2884 1445 3157 1501; x_wconf 91' lang='lat' dir='ltr'><strong>invenitur</strong></span> <span class='ocrx_word' id='word_1_423' title='bbox 3189 1447 3462 1517; x_wconf 91' lang='lat' dir='ltr'><strong>epistolis,</strong></span> 
     </span>
    </p>
   </div>
   <div class='ocr_carea' id='block_1_60' title="bbox 1877 1537 3467 1611">
    <p class='ocr_par' dir='ltr' id='par_1_60' title="bbox 1877 1537 3467 1611">
     <span class='ocr_line' id='line_1_60' title="bbox 1877 1537 3467 1611; baseline 0 -17"><span class='ocrx_word' id='word_1_424' title='bbox 1877 1547 1932 1595; x_wconf 92' lang='lat' dir='ltr'><strong>et</strong></span> <span class='ocrx_word' id='word_1_425' title='bbox 1973 1555 2136 1610; x_wconf 90' lang='lat' dir='ltr'><strong>quam</strong></span> <span class='ocrx_word' id='word_1_426' title='bbox 2183 1540 2298 1611; x_wconf 84' lang='lat' dir='ltr'><strong>ipse</strong></span> <span class='ocrx_word' id='word_1_427' title='bbox 2342 1538 2625 1608; x_wconf 83' lang='lat' dir='ltr'><strong>exposuit,</strong></span> <span class='ocrx_word' id='word_1_428' title='bbox 2693 1553 2869 1608; x_wconf 89' lang='lat' dir='ltr'><strong>quave</strong></span> <span class='ocrx_word' id='word_1_429' title='bbox 2922 1537 3356 1610; x_wconf 78' lang='lat' dir='ltr'><strong>Hierosolymitae</strong></span> <span class='ocrx_word' id='word_1_430' title='bbox 3409 1548 3467 1596; x_wconf 90' lang='lat' dir='ltr'><strong>et</strong></span> 
     </span>
    </p>
   </div>
   <div class='ocr_carea' id='block_1_61' title="bbox 1877 1626 3466 1694">
    <p class='ocr_par' dir='ltr' id='par_1_61' title="bbox 1877 1626 3466 1694">
     <span class='ocr_line' id='line_1_61' title="bbox 1877 1626 3466 1694; baseline -0.004 -4"><span class='ocrx_word' id='word_1_431' title='bbox 1877 1628 2127 1690; x_wconf 88' lang='lat' dir='ltr'><strong>Orientis</strong></span> <span class='ocrx_word' id='word_1_432' title='bbox 2152 1629 2428 1694; x_wconf 68' lang='lat' dir='ltr'><strong>Ecclesiae,</strong></span> <span class='ocrx_word' id='word_1_433' title='bbox 2462 1629 2555 1684; x_wconf 91' lang='lat' dir='ltr'><strong>sed</strong></span> <span class='ocrx_word' id='word_1_434' title='bbox 2581 1636 2637 1684; x_wconf 94' lang='lat' dir='ltr'><strong>et</strong></span> <span class='ocrx_word' id='word_1_435' title='bbox 2661 1644 2804 1683; x_wconf 91' lang='lat' dir='ltr'><strong>nunc</strong></span> <span class='ocrx_word' id='word_1_436' title='bbox 2833 1626 2972 1684; x_wconf 89' lang='lat' dir='ltr'><strong>Galli</strong></span> <span class='ocrx_word' id='word_1_437' title='bbox 3002 1636 3249 1694; x_wconf 87' lang='lat' dir='ltr'><strong>utuntur,</strong></span> <span class='ocrx_word' id='word_1_438' title='bbox 3281 1629 3355 1684; x_wconf 90' lang='lat' dir='ltr'><strong>ita</strong></span> <span class='ocrx_word' id='word_1_439' title='bbox 3385 1630 3466 1684; x_wconf 92' lang='lat' dir='ltr'><strong>di-</strong></span> 
     </span>
    </p>
   </div>
   <div class='ocr_carea' id='block_1_62' title="bbox 1877 1721 3467 1792">
    <p class='ocr_par' dir='ltr' id='par_1_62' title="bbox 1877 1721 3467 1792">
     <span class='ocr_line' id='line_1_62' title="bbox 1877 1721 3467 1792; baseline -0.005 -7"><span class='ocrx_word' id='word_1_440' title='bbox 1877 1729 1952 1786; x_wconf 88' lang='lat' dir='ltr'><strong>cit</strong></span> <span class='ocrx_word' id='word_1_441' title='bbox 1979 1747 1990 1782; x_wconf 95' lang='lat'>:</span> <span class='ocrx_word' id='word_1_442' title='bbox 2023 1724 2416 1782; x_wconf 84' lang='lat' dir='ltr'><strong>Saturabuntur</strong></span> <span class='ocrx_word' id='word_1_443' title='bbox 2444 1721 2590 1792; x_wconf 75' lang='lat' dir='ltr'><strong>ligna</strong></span> <span class='ocrx_word' id='word_1_444' title='bbox 2621 1723 2812 1792; x_wconf 86' lang='lat' dir='ltr'><strong>campi,</strong></span> <span class='ocrx_word' id='word_1_445' title='bbox 2847 1731 2895 1776; x_wconf 87' lang='lat' dir='ltr'><strong>et</strong></span> <span class='ocrx_word' id='word_1_446' title='bbox 2930 1721 3074 1776; x_wconf 84' lang='lat' dir='ltr'><strong>cedri</strong></span> <span class='ocrx_word' id='word_1_447' title='bbox 3111 1721 3298 1776; x_wconf 86' lang='lat' dir='ltr'><strong>Libani</strong></span> <span class='ocrx_word' id='word_1_448' title='bbox 3334 1739 3467 1792; x_wconf 85' lang='lat' dir='ltr'><strong>quas</strong></span> 
     </span>
    </p>
   </div>
   <div class='ocr_carea' id='block_1_63' title="bbox 1876 1810 3467 1891">
    <p class='ocr_par' dir='ltr' id='par_1_63' title="bbox 1876 1810 3467 1891">
     <span class='ocr_line' id='line_1_63' title="bbox 1876 1810 3467 1891; baseline -0.004 -18"><span class='ocrx_word' id='word_1_449' title='bbox 1876 1817 2168 1891; x_wconf 82' lang='lat' dir='ltr'><strong>plantavit,</strong></span> <span class='ocrx_word' id='word_1_450' title='bbox 2208 1812 2317 1869; x_wconf 83' lang='lat' dir='ltr'><strong>illic</strong></span> <span class='ocrx_word' id='word_1_451' title='bbox 2345 1828 2582 1882; x_wconf 79' lang='lat' dir='ltr'><strong>passeres</strong></span> <span class='ocrx_word' id='word_1_452' title='bbox 2613 1810 2992 1880; x_wconf 80' lang='lat' dir='ltr'><strong>nidiﬁcabunt,</strong></span> <span class='ocrx_word' id='word_1_453' title='bbox 3035 1810 3236 1864; x_wconf 82' lang='lat' dir='ltr'><strong>herodii</strong></span> <span class='ocrx_word' id='word_1_454' title='bbox 3278 1811 3467 1866; x_wconf 88' lang='lat' dir='ltr'><strong>domus</strong></span> 
     </span>
    </p>
   </div>
   <div class='ocr_carea' id='block_1_64' title="bbox 1877 1901 3471 1972">
    <p class='ocr_par' dir='ltr' id='par_1_64' title="bbox 1877 1901 3471 1972">
     <span class='ocr_line' id='line_1_64' title="bbox 1877 1901 3471 1972; baseline -0.007 -5"><span class='ocrx_word' id='word_1_455' title='bbox 1877 1913 1991 1967; x_wconf 76' lang='lat' dir='ltr'><strong>dux</strong></span> <span class='ocrx_word' id='word_1_456' title='bbox 2015 1919 2090 1966; x_wconf 84' lang='lat' dir='ltr'><strong>est</strong></span> <span class='ocrx_word' id='word_1_457' title='bbox 2124 1923 2326 1964; x_wconf 81' lang='lat' dir='ltr'><strong>eorum.</strong></span> <span class='ocrx_word' id='word_1_458' title='bbox 2362 1903 2669 1959; x_wconf 91' lang='lat' dir='ltr'><strong>Translatio</strong></span> <span class='ocrx_word' id='word_1_459' title='bbox 2701 1916 2830 1958; x_wconf 91' lang='lat' dir='ltr'><strong>vero</strong></span> <span class='ocrx_word' id='word_1_460' title='bbox 2870 1901 3207 1966; x_wconf 89' lang='lat' dir='ltr'><strong>communis,</strong></span> <span class='ocrx_word' id='word_1_461' title='bbox 3250 1915 3372 1972; x_wconf 83' lang='lat' dir='ltr'><strong>quae</strong></span> <span class='ocrx_word' id='word_1_462' title='bbox 3412 1908 3471 1956; x_wconf 90' lang='lat' dir='ltr'><strong>et</strong></span> 
     </span>
    </p>
   </div>
   <div class='ocr_carea' id='block_1_65' title="bbox 1879 1990 3468 2072">
    <p class='ocr_par' dir='ltr' id='par_1_65' title="bbox 1879 1990 3468 2072">
     <span class='ocr_line' id='line_1_65' title="bbox 1879 1990 3468 2072; baseline -0.009 -16"><span class='ocrx_word' id='word_1_463' title='bbox 1879 2002 2114 2072; x_wconf 87' lang='lat' dir='ltr'><strong>vulgata,</strong></span> <span class='ocrx_word' id='word_1_464' title='bbox 2142 1998 2222 2054; x_wconf 91' lang='lat' dir='ltr'><strong>sic</strong></span> <span class='ocrx_word' id='word_1_465' title='bbox 2243 1996 2408 2052; x_wconf 90' lang='lat' dir='ltr'><strong>habet</strong></span> <span class='ocrx_word' id='word_1_466' title='bbox 2432 2013 2446 2049; x_wconf 89' lang='lat'><strong>:</strong></span> <span class='ocrx_word' id='word_1_467' title='bbox 2479 1991 2875 2050; x_wconf 83' lang='lat' dir='ltr'><strong>Saturabuntur</strong></span> <span class='ocrx_word' id='word_1_468' title='bbox 2899 1991 3076 2046; x_wconf 86' lang='lat' dir='ltr'><strong>omnia</strong></span> <span class='ocrx_word' id='word_1_469' title='bbox 3102 1990 3246 2060; x_wconf 86' lang='lat' dir='ltr'><strong>ligna</strong></span> <span class='ocrx_word' id='word_1_470' title='bbox 3272 1991 3468 2060; x_wconf 83' lang='lat' dir='ltr'><strong>campi,</strong></span> 
     </span>
    </p>
   </div>
   <div class='ocr_carea' id='block_1_66' title="bbox 1876 2081 3467 2157">
    <p class='ocr_par' dir='ltr' id='par_1_66' title="bbox 1876 2081 3467 2157">
     <span class='ocr_line' id='line_1_66' title="bbox 1876 2081 3467 2157; baseline -0.009 -10"><span class='ocrx_word' id='word_1_471' title='bbox 1876 2101 1926 2147; x_wconf 86' lang='lat' dir='ltr'><strong>et</strong></span> <span class='ocrx_word' id='word_1_472' title='bbox 1951 2089 2092 2146; x_wconf 88' lang='lat' dir='ltr'><strong>cedri</strong></span> <span class='ocrx_word' id='word_1_473' title='bbox 2122 2087 2308 2143; x_wconf 86' lang='lat' dir='ltr'><strong>Libani</strong></span> <span class='ocrx_word' id='word_1_474' title='bbox 2335 2102 2466 2157; x_wconf 85' lang='lat' dir='ltr'><strong>quas</strong></span> <span class='ocrx_word' id='word_1_475' title='bbox 2497 2082 2777 2154; x_wconf 85' lang='lat' dir='ltr'><strong>plantasti,</strong></span> <span class='ocrx_word' id='word_1_476' title='bbox 2814 2081 2925 2136; x_wconf 84' lang='lat' dir='ltr'><strong>illic</strong></span> <span class='ocrx_word' id='word_1_477' title='bbox 2956 2097 3190 2151; x_wconf 82' lang='lat' dir='ltr'><strong>passeres</strong></span> <span class='ocrx_word' id='word_1_478' title='bbox 3216 2081 3467 2150; x_wconf 86' lang='lat' dir='ltr'><strong>nidi/ica-</strong></span> 
     </span>
    </p>
   </div>
   <div class='ocr_carea' id='block_1_67' title="bbox 1879 2170 3464 2249">
    <p class='ocr_par' dir='ltr' id='par_1_67' title="bbox 1879 2170 3464 2249">
     <span class='ocr_line' id='line_1_67' title="bbox 1879 2170 3464 2249; baseline -0.009 -12"><span class='ocrx_word' id='word_1_479' title='bbox 1879 2183 2028 2247; x_wconf 84' lang='lat' dir='ltr'><strong>bunt,</strong></span> <span class='ocrx_word' id='word_1_480' title='bbox 2059 2178 2234 2249; x_wconf 62' lang='lat' dir='ltr'><strong>fulica</strong></span> <span class='ocrx_word' id='word_1_481' title='bbox 2260 2176 2445 2231; x_wconf 83' lang='lat' dir='ltr'><strong>domus</strong></span> <span class='ocrx_word' id='word_1_482' title='bbox 2473 2175 2583 2230; x_wconf 80' lang='lat' dir='ltr'><strong>dua:</strong></span> <span class='ocrx_word' id='word_1_483' title='bbox 2607 2182 2680 2228; x_wconf 88' lang='lat' dir='ltr'><strong>est</strong></span> <span class='ocrx_word' id='word_1_484' title='bbox 2710 2189 2910 2228; x_wconf 86' lang='lat' dir='ltr'><strong>eorum.</strong></span> <span class='ocrx_word' id='word_1_485' title='bbox 2953 2171 3030 2227; x_wconf 91' lang='lat' dir='ltr'><strong>De</strong></span> <span class='ocrx_word' id='word_1_486' title='bbox 3069 2186 3176 2242; x_wconf 88' lang='lat' dir='ltr'><strong>qua</strong></span> <span class='ocrx_word' id='word_1_487' title='bbox 3226 2170 3464 2226; x_wconf 86' lang='lat' dir='ltr'><strong>transla-</strong></span> 
     </span>
    </p>
   </div>
   <div class='ocr_carea' id='block_1_68' title="bbox 1883 2261 3472 2339">
    <p class='ocr_par' dir='ltr' id='par_1_68' title="bbox 1883 2261 3472 2339">
     <span class='ocr_line' id='line_1_68' title="bbox 1883 2261 3472 2339; baseline -0.008 -9"><span class='ocrx_word' id='word_1_488' title='bbox 1883 2275 2031 2330; x_wconf 90' lang='lat' dir='ltr'><strong>tione</strong></span> <span class='ocrx_word' id='word_1_489' title='bbox 2054 2273 2246 2328; x_wconf 89' lang='lat' dir='ltr'><strong>beatus</strong></span> <span class='ocrx_word' id='word_1_490' title='bbox 2269 2268 2632 2339; x_wconf 85' lang='lat' dir='ltr'><strong>Hieronymus</strong></span> <span class='ocrx_word' id='word_1_491' title='bbox 2657 2268 2712 2322; x_wconf 93' lang='lat' dir='ltr'><strong>in</strong></span> <span class='ocrx_word' id='word_1_492' title='bbox 2735 2264 2958 2336; x_wconf 59' lang='lat' dir='ltr'><strong>praefata</strong></span> <span class='ocrx_word' id='word_1_493' title='bbox 2987 2262 3212 2334; x_wconf 88' lang='lat' dir='ltr'><strong>epistola</strong></span> <span class='ocrx_word' id='word_1_494' title='bbox 3238 2262 3306 2318; x_wconf 86' lang='lat' dir='ltr'><strong>ad</strong></span> <span class='ocrx_word' id='word_1_495' title='bbox 3332 2261 3472 2318; x_wconf 86' lang='lat' dir='ltr'><strong>Sun-</strong></span> 
     </span>
    </p>
   </div>
   <div class='ocr_carea' id='block_1_69' title="bbox 1881 2352 3476 2427">
    <p class='ocr_par' dir='ltr' id='par_1_69' title="bbox 1881 2352 3476 2427">
     <span class='ocr_line' id='line_1_69' title="bbox 1881 2352 3476 2427; baseline -0.008 -7"><span class='ocrx_word' id='word_1_496' title='bbox 1881 2364 2026 2420; x_wconf 90' lang='lat' dir='ltr'><strong>niam</strong></span> <span class='ocrx_word' id='word_1_497' title='bbox 2053 2371 2108 2418; x_wconf 91' lang='lat' dir='ltr'><strong>et</strong></span> <span class='ocrx_word' id='word_1_498' title='bbox 2136 2359 2406 2418; x_wconf 88' lang='lat' dir='ltr'><strong>Fretelam</strong></span> <span class='ocrx_word' id='word_1_499' title='bbox 2437 2358 2509 2413; x_wconf 89' lang='lat' dir='ltr'><strong>ita</strong></span> <span class='ocrx_word' id='word_1_500' title='bbox 2537 2356 2668 2412; x_wconf 92' lang='lat' dir='ltr'><strong>dicit</strong></span> <span class='ocrx_word' id='word_1_501' title='bbox 2695 2355 2866 2427; x_wconf 82' lang='lat' dir='ltr'><strong>(epist.</strong></span> <span class='ocrx_word' id='word_1_502' title='bbox 2895 2353 3096 2426; x_wconf 81' lang='lat' dir='ltr'><strong>cxxxv)</strong></span> <span class='ocrx_word' id='word_1_503' title='bbox 3123 2371 3138 2407; x_wconf 93' lang='lat'><strong>:</strong></span> <span class='ocrx_word' id='word_1_504' title='bbox 3179 2372 3199 2406; x_wconf 71' lang='grc' dir='ltr'>ι</span> <span class='ocrx_word' id='word_1_505' title='bbox 3225 2352 3476 2408; x_wconf 85' lang='lat' dir='ltr'><strong>Breviter</strong></span> 
     </span>
    </p>
   </div>
   <div class='ocr_carea' id='block_1_70' title="bbox 1883 2441 3476 2518">
    <p class='ocr_par' dir='ltr' id='par_1_70' title="bbox 1883 2441 3476 2518">
     <span class='ocr_line' id='line_1_70' title="bbox 1883 2441 3476 2518; baseline -0.009 -7"><span class='ocrx_word' id='word_1_506' title='bbox 1883 2455 2168 2518; x_wconf 90' lang='lat' dir='ltr'><strong>admoneo,</strong></span> <span class='ocrx_word' id='word_1_507' title='bbox 2198 2460 2258 2506; x_wconf 90' lang='lat' dir='ltr'><strong>ut</strong></span> <span class='ocrx_word' id='word_1_508' title='bbox 2283 2449 2468 2506; x_wconf 91' lang='lat' dir='ltr'><strong>sciatis</strong></span> <span class='ocrx_word' id='word_1_509' title='bbox 2492 2448 2652 2502; x_wconf 89' lang='lat' dir='ltr'><strong>aliam</strong></span> <span class='ocrx_word' id='word_1_510' title='bbox 2679 2462 2801 2503; x_wconf 92' lang='lat' dir='ltr'><strong>esse</strong></span> <span class='ocrx_word' id='word_1_511' title='bbox 2826 2445 3138 2509; x_wconf 91' lang='lat' dir='ltr'><strong>editionem,</strong></span> <span class='ocrx_word' id='word_1_512' title='bbox 3163 2458 3324 2514; x_wconf 90' lang='lat' dir='ltr'><strong>quam</strong></span> <span class='ocrx_word' id='word_1_513' title='bbox 3353 2441 3476 2498; x_wconf 89' lang='lat' dir='ltr'><strong>Ori-</strong></span> 
     </span>
    </p>
   </div>
   <div class='ocr_carea' id='block_1_71' title="bbox 1883 2531 3473 2617">
    <p class='ocr_par' dir='ltr' id='par_1_71' title="bbox 1883 2531 3473 2617">
     <span class='ocr_line' id='line_1_71' title="bbox 1883 2531 3473 2617; baseline -0.009 -17"><span class='ocrx_word' id='word_1_514' title='bbox 1883 2559 2047 2617; x_wconf 90' lang='lat' dir='ltr'><strong>genes</strong></span> <span class='ocrx_word' id='word_1_515' title='bbox 2088 2551 2144 2598; x_wconf 91' lang='lat' dir='ltr'><strong>et</strong></span> <span class='ocrx_word' id='word_1_516' title='bbox 2180 2538 2529 2596; x_wconf 73' lang='lat' dir='ltr'><strong>Caesariensis</strong></span> <span class='ocrx_word' id='word_1_517' title='bbox 2568 2536 2865 2601; x_wconf 87' lang='lat' dir='ltr'><strong>Eusebius,</strong></span> <span class='ocrx_word' id='word_1_518' title='bbox 2909 2548 3205 2604; x_wconf 86' lang='lat' dir='ltr'><strong>omnesque</strong></span> <span class='ocrx_word' id='word_1_519' title='bbox 3248 2531 3473 2588; x_wconf 65' lang='lat' dir='ltr'><strong>Graeciaa</strong></span> 
     </span>
    </p>
   </div>
   <div class='ocr_carea' id='block_1_72' title="bbox 1884 2622 3475 2695">
    <p class='ocr_par' dir='ltr' id='par_1_72' title="bbox 1884 2622 3475 2695">
     <span class='ocr_line' id='line_1_72' title="bbox 1884 2622 3475 2695; baseline -0.007 -6"><span class='ocrx_word' id='word_1_520' title='bbox 1884 2641 2205 2689; x_wconf 89' lang='lat' dir='ltr'><strong>tractatores</strong></span> <span class='ocrx_word' id='word_1_521' title='bbox 2230 2636 2420 2692; x_wconf 77' lang='grc' dir='ltr'><strong>κοινήν,</strong></span> <span class='ocrx_word' id='word_1_522' title='bbox 2453 2628 2506 2683; x_wconf 92' lang='lat' dir='ltr'><strong>id</strong></span> <span class='ocrx_word' id='word_1_523' title='bbox 2532 2634 2616 2682; x_wconf 91' lang='lat' dir='ltr'><strong>est</strong></span> <span class='ocrx_word' id='word_1_524' title='bbox 2636 2640 2976 2682; x_wconf 90' lang='lat' dir='ltr'><strong>communem</strong></span> <span class='ocrx_word' id='word_1_525' title='bbox 3011 2622 3279 2695; x_wconf 89' lang='lat' dir='ltr'><strong>appellant</strong></span> <span class='ocrx_word' id='word_1_526' title='bbox 3312 2631 3475 2693; x_wconf 87' lang='lat' dir='ltr'><strong>atque</strong></span> 
     </span>
    </p>
   </div>
   <div class='ocr_carea' id='block_1_73' title="bbox 1881 2714 3473 2794">
    <p class='ocr_par' dir='ltr' id='par_1_73' title="bbox 1881 2714 3473 2794">
     <span class='ocr_line' id='line_1_73' title="bbox 1881 2714 3473 2794; baseline -0.008 -15"><span class='ocrx_word' id='word_1_527' title='bbox 1881 2723 2189 2794; x_wconf 84' lang='lat' dir='ltr'><strong>vulgatam,</strong></span> <span class='ocrx_word' id='word_1_528' title='bbox 2241 2729 2296 2776; x_wconf 90' lang='lat' dir='ltr'><strong>et</strong></span> <span class='ocrx_word' id='word_1_529' title='bbox 2340 2736 2370 2774; x_wconf 90' lang='lat' dir='ltr'><strong>a</strong></span> <span class='ocrx_word' id='word_1_530' title='bbox 2421 2718 2692 2789; x_wconf 89' lang='lat' dir='ltr'><strong>plerisque</strong></span> <span class='ocrx_word' id='word_1_531' title='bbox 2737 2732 2876 2772; x_wconf 91' lang='lat' dir='ltr'><strong>nunc</strong></span> <span class='ocrx_word' id='word_1_532' title='bbox 2921 2715 3195 2778; x_wconf 78' lang='grc' dir='ltr'><strong>Λουκιανὸς</strong></span> <span class='ocrx_word' id='word_1_533' title='bbox 3239 2714 3473 2778; x_wconf 88' lang='lat' dir='ltr'><strong>dicitur,</strong></span> 
     </span>
    </p>
   </div>
   <div class='ocr_carea' id='block_1_74' title="bbox 1885 2803 3476 2882">
    <p class='ocr_par' dir='ltr' id='par_1_74' title="bbox 1885 2803 3476 2882">
     <span class='ocr_line' id='line_1_74' title="bbox 1885 2803 3476 2882; baseline -0.008 -13"><span class='ocrx_word' id='word_1_534' title='bbox 1885 2814 2044 2869; x_wconf 89' lang='lat' dir='ltr'><strong>aliam</strong></span> <span class='ocrx_word' id='word_1_535' title='bbox 2075 2809 2414 2882; x_wconf 85' lang='lat' dir='ltr'><strong>septuaginta</strong></span> <span class='ocrx_word' id='word_1_536' title='bbox 2440 2808 2801 2878; x_wconf 90' lang='lat' dir='ltr'><strong>lnlerpretum</strong></span> <span class='ocrx_word' id='word_1_537' title='bbox 2824 2846 2838 2870; x_wconf 92' lang='lat'><strong>,</strong></span> <span class='ocrx_word' id='word_1_538' title='bbox 2870 2821 2989 2875; x_wconf 86' lang='lat' dir='ltr'><strong>quae</strong></span> <span class='ocrx_word' id='word_1_539' title='bbox 3015 2805 3069 2860; x_wconf 91' lang='lat' dir='ltr'><strong>in</strong></span> <span class='ocrx_word' id='word_1_540' title='bbox 3105 2803 3348 2874; x_wconf 83' lang='lat' dir='ltr'><strong>bexaplis</strong></span> <span class='ocrx_word' id='word_1_541' title='bbox 3379 2818 3476 2857; x_wconf 87' lang='lat' dir='ltr'><strong>co-</strong></span> 
     </span>
    </p>
   </div>
   <div class='ocr_carea' id='block_1_75' title="bbox 1884 2898 3468 2974">
    <p class='ocr_par' dir='ltr' id='par_1_75' title="bbox 1884 2898 3468 2974">
     <span class='ocr_line' id='line_1_75' title="bbox 1884 2898 3468 2974; baseline -0.008 -12"><span class='ocrx_word' id='word_1_542' title='bbox 1884 2905 2090 2962; x_wconf 87' lang='lat' dir='ltr'><strong>dicibus</strong></span> <span class='ocrx_word' id='word_1_543' title='bbox 2117 2903 2407 2974; x_wconf 91' lang='lat' dir='ltr'><strong>reperitur,</strong></span> <span class='ocrx_word' id='word_1_544' title='bbox 2437 2910 2492 2956; x_wconf 89' lang='lat' dir='ltr'><strong>et</strong></span> <span class='ocrx_word' id='word_1_545' title='bbox 2517 2916 2548 2955; x_wconf 90' lang='lat' dir='ltr'><strong>a</strong></span> <span class='ocrx_word' id='word_1_546' title='bbox 2579 2899 2736 2955; x_wconf 90' lang='lat' dir='ltr'><strong>nobis</strong></span> <span class='ocrx_word' id='word_1_547' title='bbox 2772 2899 2825 2954; x_wconf 90' lang='lat' dir='ltr'><strong>in</strong></span> <span class='ocrx_word' id='word_1_548' title='bbox 2864 2898 3116 2954; x_wconf 87' lang='lat' dir='ltr'><strong>Latinum</strong></span> <span class='ocrx_word' id='word_1_549' title='bbox 3157 2910 3468 2954; x_wconf 88' lang='lat' dir='ltr'><strong>sermonem</strong></span> 
     </span>
    </p>
   </div>
   <div class='ocr_carea' id='block_1_76' title="bbox 1885 2984 3482 3060">
    <p class='ocr_par' dir='ltr' id='par_1_76' title="bbox 1885 2984 3482 3060">
     <span class='ocr_line' id='line_1_76' title="bbox 1885 2984 3482 3060; baseline -0.006 -10"><span class='ocrx_word' id='word_1_550' title='bbox 1885 2993 2118 3051; x_wconf 82' lang='lat' dir='ltr'><strong>ﬁdeliter</strong></span> <span class='ocrx_word' id='word_1_551' title='bbox 2146 3007 2301 3049; x_wconf 90' lang='lat' dir='ltr'><strong>versa</strong></span> <span class='ocrx_word' id='word_1_552' title='bbox 2327 2998 2430 3057; x_wconf 87' lang='lat' dir='ltr'><strong>est,</strong></span> <span class='ocrx_word' id='word_1_553' title='bbox 2454 2998 2511 3046; x_wconf 92' lang='lat' dir='ltr'><strong>et</strong></span> <span class='ocrx_word' id='word_1_554' title='bbox 2545 2988 2931 3060; x_wconf 75' lang='lat' dir='ltr'><strong>Hierosolyma:</strong></span> <span class='ocrx_word' id='word_1_555' title='bbox 2969 2996 3128 3057; x_wconf 88' lang='lat' dir='ltr'><strong>atque</strong></span> <span class='ocrx_word' id='word_1_556' title='bbox 3157 2986 3211 3041; x_wconf 93' lang='lat' dir='ltr'><strong>in</strong></span> <span class='ocrx_word' id='word_1_557' title='bbox 3240 2984 3482 3042; x_wconf 82' lang='lat' dir='ltr'><strong>Orientis</strong></span> 
     </span>
    </p>
   </div>
   <div class='ocr_carea' id='block_1_77' title="bbox 1885 3074 3478 3148">
    <p class='ocr_par' dir='ltr' id='par_1_77' title="bbox 1885 3074 3478 3148">
     <span class='ocr_line' id='line_1_77' title="bbox 1885 3074 3478 3148; baseline -0.007 -8"><span class='ocrx_word' id='word_1_558' title='bbox 1885 3084 2142 3142; x_wconf 87' lang='lat' dir='ltr'><strong>Ecclesiis</strong></span> <span class='ocrx_word' id='word_1_559' title='bbox 2157 3083 2493 3140; x_wconf 89' lang='lat' dir='ltr'><strong>decantatur.</strong></span> <span class='ocrx_word' id='word_1_560' title='bbox 2518 3099 2536 3132; x_wconf 78' lang='grc' dir='ltr'><strong><em>ι</em></strong></span> <span class='ocrx_word' id='word_1_561' title='bbox 2563 3081 2630 3134; x_wconf 91' lang='lat' dir='ltr'><strong>Et</strong></span> <span class='ocrx_word' id='word_1_562' title='bbox 2644 3081 2769 3135; x_wconf 90' lang='lat' dir='ltr'><strong>item</strong></span> <span class='ocrx_word' id='word_1_563' title='bbox 2786 3079 2930 3134; x_wconf 89' lang='lat' dir='ltr'><strong>idem</strong></span> <span class='ocrx_word' id='word_1_564' title='bbox 2947 3078 2999 3133; x_wconf 92' lang='lat' dir='ltr'><strong>in</strong></span> <span class='ocrx_word' id='word_1_565' title='bbox 3017 3078 3204 3134; x_wconf 91' lang='lat' dir='ltr'><strong>eadem</strong></span> <span class='ocrx_word' id='word_1_566' title='bbox 3217 3074 3441 3148; x_wconf 87' lang='lat' dir='ltr'><strong>epistola</strong></span> <span class='ocrx_word' id='word_1_567' title='bbox 3460 3091 3478 3129; x_wconf 86' lang='lat'><strong>:</strong></span> 
     </span>
    </p>
   </div>
   <div class='ocr_carea' id='block_1_78' title="bbox 1893 3167 3482 3240">
    <p class='ocr_par' dir='ltr' id='par_1_78' title="bbox 1893 3167 3482 3240">
     <span class='ocr_line' id='line_1_78' title="bbox 1893 3167 3482 3240; baseline -0.007 -8"><span class='ocrx_word' id='word_1_568' title='bbox 1893 3198 1912 3232; x_wconf 71' lang='grc' dir='ltr'>ε</span> <span class='ocrx_word' id='word_1_569' title='bbox 1938 3184 2080 3239; x_wconf 74' lang='grc' dir='ltr'><strong>Κοινὴ</strong></span> <span class='ocrx_word' id='word_1_570' title='bbox 2105 3185 2285 3232; x_wconf 88' lang='lat' dir='ltr'><strong>autem</strong></span> <span class='ocrx_word' id='word_1_571' title='bbox 2313 3175 2416 3230; x_wconf 91' lang='lat' dir='ltr'><strong>ista</strong></span> <span class='ocrx_word' id='word_1_572' title='bbox 2440 3215 2454 3240; x_wconf 88' lang='lat'><strong>,</strong></span> <span class='ocrx_word' id='word_1_573' title='bbox 2479 3174 2583 3228; x_wconf 91' lang='lat' dir='ltr'><strong>hoc</strong></span> <span class='ocrx_word' id='word_1_574' title='bbox 2605 3181 2686 3228; x_wconf 90' lang='lat' dir='ltr'><strong>est</strong></span> <span class='ocrx_word' id='word_1_575' title='bbox 2711 3169 3014 3228; x_wconf 90' lang='lat' dir='ltr'><strong>communis</strong></span> <span class='ocrx_word' id='word_1_576' title='bbox 3034 3168 3218 3232; x_wconf 90' lang='lat' dir='ltr'><strong>editio,</strong></span> <span class='ocrx_word' id='word_1_577' title='bbox 3253 3167 3368 3238; x_wconf 90' lang='lat' dir='ltr'><strong>ipsa</strong></span> <span class='ocrx_word' id='word_1_578' title='bbox 3396 3173 3482 3222; x_wconf 85' lang='lat' dir='ltr'><strong>est</strong></span> 
     </span>
    </p>
   </div>
   <div class='ocr_carea' id='block_1_79' title="bbox 1891 3260 3482 3342">
    <p class='ocr_par' dir='ltr' id='par_1_79' title="bbox 1891 3260 3482 3342">
     <span class='ocr_line' id='line_1_79' title="bbox 1891 3260 3482 3342; baseline -0.008 -18"><span class='ocrx_word' id='word_1_579' title='bbox 1891 3285 2011 3342; x_wconf 80' lang='lat' dir='ltr'><strong>quae</strong></span> <span class='ocrx_word' id='word_1_580' title='bbox 2036 3278 2090 3326; x_wconf 93' lang='lat' dir='ltr'><strong>et</strong></span> <span class='ocrx_word' id='word_1_581' title='bbox 2113 3269 2165 3324; x_wconf 93' lang='lat' dir='ltr'><strong>in</strong></span> <span class='ocrx_word' id='word_1_582' title='bbox 2191 3265 2569 3338; x_wconf 89' lang='lat' dir='ltr'><strong>Septuaginta.</strong></span> <span class='ocrx_word' id='word_1_583' title='bbox 2596 3263 2703 3319; x_wconf 91' lang='lat' dir='ltr'><strong>Sed</strong></span> <span class='ocrx_word' id='word_1_584' title='bbox 2729 3265 2832 3318; x_wconf 92' lang='lat' dir='ltr'><strong>hoc</strong></span> <span class='ocrx_word' id='word_1_585' title='bbox 2861 3262 3088 3317; x_wconf 90' lang='lat' dir='ltr'><strong>interest</strong></span> <span class='ocrx_word' id='word_1_586' title='bbox 3112 3260 3254 3315; x_wconf 92' lang='lat' dir='ltr'><strong>inter</strong></span> <span class='ocrx_word' id='word_1_587' title='bbox 3278 3267 3482 3314; x_wconf 86' lang='lat' dir='ltr'><strong>utram-</strong></span> 
     </span>
    </p>
   </div>
   <div class='ocr_carea' id='block_1_80' title="bbox 1892 3350 3477 3432">
    <p class='ocr_par' dir='ltr' id='par_1_80' title="bbox 1892 3350 3477 3432">
     <span class='ocr_line' id='line_1_80' title="bbox 1892 3350 3477 3432; baseline -0.008 -19"><span class='ocrx_word' id='word_1_588' title='bbox 1892 3375 2020 3432; x_wconf 90' lang='lat' dir='ltr'><strong>que,</strong></span> <span class='ocrx_word' id='word_1_589' title='bbox 2049 3358 2193 3429; x_wconf 91' lang='lat' dir='ltr'><strong>quod</strong></span> <span class='ocrx_word' id='word_1_590' title='bbox 2219 3361 2377 3422; x_wconf 82' lang='grc' dir='ltr'><strong>κοινή,</strong></span> <span class='ocrx_word' id='word_1_591' title='bbox 2402 3369 2502 3426; x_wconf 87' lang='lat' dir='ltr'><strong>pro</strong></span> <span class='ocrx_word' id='word_1_592' title='bbox 2530 3353 2664 3410; x_wconf 91' lang='lat' dir='ltr'><strong>locis</strong></span> <span class='ocrx_word' id='word_1_593' title='bbox 2690 3361 2745 3408; x_wconf 93' lang='lat' dir='ltr'><strong>et</strong></span> <span class='ocrx_word' id='word_1_594' title='bbox 2776 3350 3131 3420; x_wconf 88' lang='lat' dir='ltr'><strong>temporibus,</strong></span> <span class='ocrx_word' id='word_1_595' title='bbox 3161 3356 3216 3404; x_wconf 91' lang='lat' dir='ltr'><strong>et</strong></span> <span class='ocrx_word' id='word_1_596' title='bbox 3253 3363 3350 3419; x_wconf 93' lang='lat' dir='ltr'><strong>pro</strong></span> <span class='ocrx_word' id='word_1_597' title='bbox 3381 3363 3477 3401; x_wconf 88' lang='lat' dir='ltr'><strong>vo-</strong></span> 
     </span>
    </p>
   </div>
   <div class='ocr_carea' id='block_1_81' title="bbox 1888 3439 3478 3520">
    <p class='ocr_par' dir='ltr' id='par_1_81' title="bbox 1888 3439 3478 3520">
     <span class='ocr_line' id='line_1_81' title="bbox 1888 3439 3478 3520; baseline -0.009 -14"><span class='ocrx_word' id='word_1_598' title='bbox 1888 3451 2100 3506; x_wconf 91' lang='lat' dir='ltr'><strong>luntate</strong></span> <span class='ocrx_word' id='word_1_599' title='bbox 2142 3449 2504 3520; x_wconf 89' lang='lat' dir='ltr'><strong>scriptorum,</strong></span> <span class='ocrx_word' id='word_1_600' title='bbox 2546 3452 2701 3500; x_wconf 89' lang='lat' dir='ltr'><strong>vetus</strong></span> <span class='ocrx_word' id='word_1_601' title='bbox 2741 3450 2996 3514; x_wconf 87' lang='lat' dir='ltr'><strong>corrupta</strong></span> <span class='ocrx_word' id='word_1_602' title='bbox 3040 3439 3207 3496; x_wconf 92' lang='lat' dir='ltr'><strong>editio</strong></span> <span class='ocrx_word' id='word_1_603' title='bbox 3242 3444 3325 3493; x_wconf 88' lang='lat' dir='ltr'><strong>est</strong></span> <span class='ocrx_word' id='word_1_604' title='bbox 3357 3452 3372 3491; x_wconf 91' lang='lat'><strong>:</strong></span> <span class='ocrx_word' id='word_1_605' title='bbox 3411 3451 3478 3492; x_wconf 88' lang='lat' dir='ltr'><strong>ea</strong></span> 
     </span>
    </p>
   </div>
   <div class='ocr_carea' id='block_1_82' title="bbox 1889 3528 3474 3612">
    <p class='ocr_par' dir='ltr' id='par_1_82' title="bbox 1889 3528 3474 3612">
     <span class='ocr_line' id='line_1_82' title="bbox 1889 3528 3474 3612; baseline -0.011 -12"><span class='ocrx_word' id='word_1_606' title='bbox 1889 3553 2069 3600; x_wconf 88' lang='lat' dir='ltr'><strong>autem</strong></span> <span class='ocrx_word' id='word_1_607' title='bbox 2099 3557 2218 3612; x_wconf 73' lang='lat' dir='ltr'><strong>qua:</strong></span> <span class='ocrx_word' id='word_1_608' title='bbox 2247 3540 2474 3599; x_wconf 85' lang='lat' dir='ltr'><strong>habetur</strong></span> <span class='ocrx_word' id='word_1_609' title='bbox 2500 3537 2553 3597; x_wconf 91' lang='lat' dir='ltr'><strong>in</strong></span> <span class='ocrx_word' id='word_1_610' title='bbox 2582 3535 2857 3607; x_wconf 85' lang='lat' dir='ltr'><strong>hexaplis,</strong></span> <span class='ocrx_word' id='word_1_611' title='bbox 2898 3542 2954 3590; x_wconf 89' lang='lat' dir='ltr'><strong>et</strong></span> <span class='ocrx_word' id='word_1_612' title='bbox 2987 3547 3150 3604; x_wconf 88' lang='lat' dir='ltr'><strong>quam</strong></span> <span class='ocrx_word' id='word_1_613' title='bbox 3179 3544 3277 3586; x_wconf 92' lang='lat' dir='ltr'><strong>nos</strong></span> <span class='ocrx_word' id='word_1_614' title='bbox 3306 3528 3474 3584; x_wconf 84' lang='lat' dir='ltr'><strong>verti-</strong></span> 
     </span>
    </p>
   </div>
   <div class='ocr_carea' id='block_1_83' title="bbox 1890 3623 3478 3703">
    <p class='ocr_par' dir='ltr' id='par_1_83' title="bbox 1890 3623 3478 3703">
     <span class='ocr_line' id='line_1_83' title="bbox 1890 3623 3478 3703; baseline -0.009 -13"><span class='ocrx_word' id='word_1_615' title='bbox 1890 3649 2032 3699; x_wconf 90' lang='lat' dir='ltr'><strong>mus,</strong></span> <span class='ocrx_word' id='word_1_616' title='bbox 2062 3633 2176 3703; x_wconf 89' lang='lat' dir='ltr'><strong>ipsa</strong></span> <span class='ocrx_word' id='word_1_617' title='bbox 2201 3638 2285 3685; x_wconf 90' lang='lat' dir='ltr'><strong>est</strong></span> <span class='ocrx_word' id='word_1_618' title='bbox 2311 3644 2431 3700; x_wconf 67' lang='lat' dir='ltr'><strong>quae</strong></span> <span class='ocrx_word' id='word_1_619' title='bbox 2461 3629 2513 3683; x_wconf 89' lang='lat' dir='ltr'><strong>in</strong></span> <span class='ocrx_word' id='word_1_620' title='bbox 2536 3627 2871 3687; x_wconf 83' lang='lat' dir='ltr'><strong>eruditorum</strong></span> <span class='ocrx_word' id='word_1_621' title='bbox 2903 3623 3054 3679; x_wconf 86' lang='lat' dir='ltr'><strong>libris</strong></span> <span class='ocrx_word' id='word_1_622' title='bbox 3083 3623 3395 3691; x_wconf 91' lang='lat' dir='ltr'><strong>incorrupta</strong></span> <span class='ocrx_word' id='word_1_623' title='bbox 3419 3627 3478 3676; x_wconf 89' lang='lat' dir='ltr'><strong>et</strong></span> 
     </span>
    </p>
   </div>
   <div class='ocr_carea' id='block_1_84' title="bbox 1889 3710 3474 3791">
    <p class='ocr_par' dir='ltr' id='par_1_84' title="bbox 1889 3710 3474 3791">
     <span class='ocr_line' id='line_1_84' title="bbox 1889 3710 3474 3791; baseline -0.009 -13"><span class='ocrx_word' id='word_1_624' title='bbox 1889 3721 2235 3778; x_wconf 87' lang='lat' dir='ltr'><strong>immaculata</strong></span> <span class='ocrx_word' id='word_1_625' title='bbox 2270 3718 2613 3788; x_wconf 85' lang='lat' dir='ltr'><strong>septuaginta</strong></span> <span class='ocrx_word' id='word_1_626' title='bbox 2657 3715 3014 3791; x_wconf 77' lang='lat' dir='ltr'><strong>interpretum</strong></span> <span class='ocrx_word' id='word_1_627' title='bbox 3059 3710 3340 3767; x_wconf 85' lang='lat' dir='ltr'><strong>translatio</strong></span> <span class='ocrx_word' id='word_1_628' title='bbox 3386 3725 3474 3765; x_wconf 87' lang='lat' dir='ltr'><strong>re-</strong></span> 
     </span>
    </p>
   </div>
   <div class='ocr_carea' id='block_1_85' title="bbox 1890 3807 3476 3883">
    <p class='ocr_par' dir='ltr' id='par_1_85' title="bbox 1890 3807 3476 3883">
     <span class='ocr_line' id='line_1_85' title="bbox 1890 3807 3476 3883; baseline -0.006 -11"><span class='ocrx_word' id='word_1_629' title='bbox 1890 3822 2155 3872; x_wconf 90' lang='lat' dir='ltr'><strong>servatur.</strong></span> <span class='ocrx_word' id='word_1_630' title='bbox 2183 3811 2455 3882; x_wconf 84' lang='lat' dir='ltr'><strong>Quidquid</strong></span> <span class='ocrx_word' id='word_1_631' title='bbox 2476 3827 2606 3883; x_wconf 89' lang='lat' dir='ltr'><strong>ergo</strong></span> <span class='ocrx_word' id='word_1_632' title='bbox 2641 3812 2710 3865; x_wconf 91' lang='lat' dir='ltr'><strong>ab</strong></span> <span class='ocrx_word' id='word_1_633' title='bbox 2747 3811 2848 3865; x_wconf 86' lang='lat' dir='ltr'><strong>hac</strong></span> <span class='ocrx_word' id='word_1_634' title='bbox 2874 3810 3180 3880; x_wconf 84' lang='lat' dir='ltr'><strong>discrepat,</strong></span> <span class='ocrx_word' id='word_1_635' title='bbox 3214 3807 3344 3870; x_wconf 84' lang='lat' dir='ltr'><strong>nulli</strong></span> <span class='ocrx_word' id='word_1_636' title='bbox 3377 3807 3476 3862; x_wconf 87' lang='lat' dir='ltr'><strong>du-</strong></span> 
     </span>
    </p>
   </div>
   <div class='ocr_carea' id='block_1_86' title="bbox 1890 3897 3476 3973">
    <p class='ocr_par' dir='ltr' id='par_1_86' title="bbox 1890 3897 3476 3973">
     <span class='ocr_line' id='line_1_86' title="bbox 1890 3897 3476 3973; baseline -0.009 -10"><span class='ocrx_word' id='word_1_637' title='bbox 1890 3907 2039 3962; x_wconf 92' lang='lat' dir='ltr'><strong>bium</strong></span> <span class='ocrx_word' id='word_1_638' title='bbox 2067 3912 2150 3959; x_wconf 91' lang='lat' dir='ltr'><strong>est</strong></span> <span class='ocrx_word' id='word_1_639' title='bbox 2179 3903 2308 3973; x_wconf 92' lang='lat' dir='ltr'><strong>quin</strong></span> <span class='ocrx_word' id='word_1_640' title='bbox 2351 3903 2423 3956; x_wconf 92' lang='lat' dir='ltr'><strong>ita</strong></span> <span class='ocrx_word' id='word_1_641' title='bbox 2462 3912 2518 3956; x_wconf 92' lang='lat' dir='ltr'><strong>et</strong></span> <span class='ocrx_word' id='word_1_642' title='bbox 2551 3902 2619 3956; x_wconf 89' lang='lat' dir='ltr'><strong>ab</strong></span> <span class='ocrx_word' id='word_1_643' title='bbox 2648 3899 2998 3956; x_wconf 68' lang='lat' dir='ltr'><strong>Hebraeorum</strong></span> <span class='ocrx_word' id='word_1_644' title='bbox 3037 3897 3360 3961; x_wconf 85' lang='lat' dir='ltr'><strong>auctoritate</strong></span> <span class='ocrx_word' id='word_1_645' title='bbox 3396 3897 3476 3962; x_wconf 62' lang='grc' dir='ltr'><strong>ιη,</strong></span> 
     </span>
    </p>
   </div>
   <div class='ocr_carea' id='block_1_87' title="bbox 1893 3989 3481 4059">
    <p class='ocr_par' dir='ltr' id='par_1_87' title="bbox 1893 3989 3481 4059">
     <span class='ocr_line' id='line_1_87' title="bbox 1893 3989 3481 4059; baseline -0.007 -6"><span class='ocrx_word' id='word_1_646' title='bbox 1893 3996 2129 4053; x_wconf 90' lang='lat' dir='ltr'><strong>scordat.</strong></span> <span class='ocrx_word' id='word_1_647' title='bbox 2163 4014 2182 4048; x_wconf 85' lang='grc'>›</span> <span class='ocrx_word' id='word_1_648' title='bbox 2222 3993 2374 4049; x_wconf 87' lang='lat' dir='ltr'><strong>Hanc</strong></span> <span class='ocrx_word' id='word_1_649' title='bbox 2396 4002 2581 4048; x_wconf 88' lang='lat' dir='ltr'><strong>autem</strong></span> <span class='ocrx_word' id='word_1_650' title='bbox 2616 4005 2958 4047; x_wconf 86' lang='lat' dir='ltr'><strong>communem</strong></span> <span class='ocrx_word' id='word_1_651' title='bbox 2992 3989 3316 4054; x_wconf 87' lang='lat' dir='ltr'><strong>editionem,</strong></span> <span class='ocrx_word' id='word_1_652' title='bbox 3358 4004 3481 4059; x_wconf 73' lang='lat' dir='ltr'><strong>quas</strong></span> 
     </span>
    </p>
   </div>
   <div class='ocr_carea' id='block_1_88' title="bbox 1893 4079 3486 4151">
    <p class='ocr_par' dir='ltr' id='par_1_88' title="bbox 1893 4079 3486 4151">
     <span class='ocr_line' id='line_1_88' title="bbox 1893 4079 3486 4151; baseline -0.006 -6"><span class='ocrx_word' id='word_1_653' title='bbox 1893 4089 2024 4145; x_wconf 88' lang='lat' dir='ltr'><strong>dicit</strong></span> <span class='ocrx_word' id='word_1_654' title='bbox 2048 4086 2097 4141; x_wconf 89' lang='lat' dir='ltr'><em>F</em></span> <span class='ocrx_word' id='word_1_655' title='bbox 2101 4086 2254 4142; x_wconf 78' lang='lat' dir='ltr'><strong>alica:</strong></span> <span class='ocrx_word' id='word_1_656' title='bbox 2279 4085 2464 4139; x_wconf 81' lang='lat' dir='ltr'><strong>domus</strong></span> <span class='ocrx_word' id='word_1_657' title='bbox 2487 4083 2596 4137; x_wconf 84' lang='lat' dir='ltr'><strong>dua:</strong></span> <span class='ocrx_word' id='word_1_658' title='bbox 2617 4092 2690 4136; x_wconf 80' lang='lat' dir='ltr'><strong>est</strong></span> <span class='ocrx_word' id='word_1_659' title='bbox 2716 4098 2918 4146; x_wconf 84' lang='lat' dir='ltr'><strong>eorum,</strong></span> <span class='ocrx_word' id='word_1_660' title='bbox 2945 4096 3051 4151; x_wconf 89' lang='lat' dir='ltr'><strong>qua</strong></span> <span class='ocrx_word' id='word_1_661' title='bbox 3079 4088 3204 4133; x_wconf 91' lang='lat' dir='ltr'><strong>tunc</strong></span> <span class='ocrx_word' id='word_1_662' title='bbox 3230 4079 3486 4148; x_wconf 87' lang='lat' dir='ltr'><strong>temporis</strong></span> 
     </span>
    </p>
   </div>
   <div class='ocr_carea' id='block_1_89' title="bbox 1893 4168 3476 4247">
    <p class='ocr_par' dir='ltr' id='par_1_89' title="bbox 1893 4168 3476 4247">
     <span class='ocr_line' id='line_1_89' title="bbox 1893 4168 3476 4247; baseline -0.007 -14"><span class='ocrx_word' id='word_1_663' title='bbox 1893 4192 2083 4234; x_wconf 85' lang='lat' dir='ltr'><strong>omnes</strong></span> <span class='ocrx_word' id='word_1_664' title='bbox 2109 4191 2246 4247; x_wconf 89' lang='lat' dir='ltr'><strong>pene</strong></span> <span class='ocrx_word' id='word_1_665' title='bbox 2279 4174 2568 4229; x_wconf 87' lang='lat' dir='ltr'><strong>utebantur</strong></span> <span class='ocrx_word' id='word_1_666' title='bbox 2597 4171 2798 4231; x_wconf 86' lang='lat' dir='ltr'><strong>Latini.</strong></span> <span class='ocrx_word' id='word_1_667' title='bbox 2829 4171 3078 4239; x_wconf 84' lang='lat' dir='ltr'><strong>exposuit</strong></span> <span class='ocrx_word' id='word_1_668' title='bbox 3114 4169 3176 4222; x_wconf 83' lang='grc' dir='ltr'><strong>Β.</strong></span> <span class='ocrx_word' id='word_1_669' title='bbox 3219 4168 3476 4238; x_wconf 79' lang='lat' dir='ltr'><strong>Augusti-</strong></span> 
     </span>
    </p>
   </div>
   <div class='ocr_carea' id='block_1_90' title="bbox 1893 4258 3487 4339">
    <p class='ocr_par' dir='ltr' id='par_1_90' title="bbox 1893 4258 3487 4339">
     <span class='ocr_line' id='line_1_90' title="bbox 1893 4258 3487 4339; baseline -0.008 -14"><span class='ocrx_word' id='word_1_670' title='bbox 1893 4285 2018 4336; x_wconf 79' lang='lat' dir='ltr'><strong>nus,</strong></span> <span class='ocrx_word' id='word_1_671' title='bbox 2057 4278 2113 4332; x_wconf 91' lang='lat' dir='ltr'><strong>et</strong></span> <span class='ocrx_word' id='word_1_672' title='bbox 2148 4276 2272 4339; x_wconf 88' lang='lat' dir='ltr'><strong>post</strong></span> <span class='ocrx_word' id='word_1_673' title='bbox 2306 4282 2428 4322; x_wconf 89' lang='lat' dir='ltr'><strong>eum</strong></span> <span class='ocrx_word' id='word_1_674' title='bbox 2469 4263 2723 4334; x_wconf 83' lang='lat' dir='ltr'><strong>Prosper,</strong></span> <span class='ocrx_word' id='word_1_675' title='bbox 2769 4263 2962 4318; x_wconf 89' lang='lat' dir='ltr'><strong>deinde</strong></span> <span class='ocrx_word' id='word_1_676' title='bbox 2991 4259 3367 4317; x_wconf 87' lang='lat' dir='ltr'><strong>Cassiodorus.</strong></span> <span class='ocrx_word' id='word_1_677' title='bbox 3411 4258 3487 4313; x_wconf 89' lang='lat' dir='ltr'><strong>De</strong></span> 
     </span>
    </p>
   </div>
   <div class='ocr_carea' id='block_1_91' title="bbox 1895 4350 3487 4433">
    <p class='ocr_par' dir='ltr' id='par_1_91' title="bbox 1895 4350 3487 4433">
     <span class='ocr_line' id='line_1_91' title="bbox 1895 4350 3487 4433; baseline -0.007 -17"><span class='ocrx_word' id='word_1_678' title='bbox 1895 4377 1999 4433; x_wconf 90' lang='lat' dir='ltr'><strong>qua</strong></span> <span class='ocrx_word' id='word_1_679' title='bbox 2046 4360 2264 4420; x_wconf 84' lang='lat' dir='ltr'><strong>volucre</strong></span> <span class='ocrx_word' id='word_1_680' title='bbox 2309 4357 2443 4412; x_wconf 91' lang='lat' dir='ltr'><strong>dicit</strong></span> <span class='ocrx_word' id='word_1_681' title='bbox 2492 4357 2554 4412; x_wconf 85' lang='grc' dir='ltr'><strong>Β.</strong></span> <span class='ocrx_word' id='word_1_682' title='bbox 2604 4354 2978 4426; x_wconf 80' lang='lat' dir='ltr'><strong>Augustinus:</strong></span> <span class='ocrx_word' id='word_1_683' title='bbox 3024 4373 3041 4404; x_wconf 71' lang='grc' dir='ltr'><strong><em>ι</em></strong></span> <span class='ocrx_word' id='word_1_684' title='bbox 3080 4351 3301 4416; x_wconf 86' lang='lat' dir='ltr'><strong>Fulica,</strong></span> <span class='ocrx_word' id='word_1_685' title='bbox 3346 4350 3487 4405; x_wconf 91' lang='lat' dir='ltr'><strong>sicut</strong></span> 
     </span>
    </p>
   </div>
   <div class='ocr_carea' id='block_1_92' title="bbox 1894 4442 3484 4518">
    <p class='ocr_par' dir='ltr' id='par_1_92' title="bbox 1894 4442 3484 4518">
     <span class='ocr_line' id='line_1_92' title="bbox 1894 4442 3484 4518; baseline -0.009 -8"><span class='ocrx_word' id='word_1_686' title='bbox 1894 4468 2084 4510; x_wconf 87' lang='lat' dir='ltr'><strong>omnes</strong></span> <span class='ocrx_word' id='word_1_687' title='bbox 2114 4453 2382 4518; x_wconf 88' lang='lat' dir='ltr'><strong>novimus,</strong></span> <span class='ocrx_word' id='word_1_688' title='bbox 2416 4448 2623 4510; x_wconf 85' lang='lat' dir='ltr'><strong>marina</strong></span> <span class='ocrx_word' id='word_1_689' title='bbox 2655 4448 2772 4506; x_wconf 86' lang='lat' dir='ltr'><strong>avis</strong></span> <span class='ocrx_word' id='word_1_690' title='bbox 2800 4455 2884 4500; x_wconf 87' lang='lat' dir='ltr'><strong>est</strong></span> <span class='ocrx_word' id='word_1_691' title='bbox 2909 4462 2924 4511; x_wconf 87' lang='lat'><strong>;</strong></span> <span class='ocrx_word' id='word_1_692' title='bbox 2956 4443 3039 4498; x_wconf 90' lang='lat' dir='ltr'><strong>vel</strong></span> <span class='ocrx_word' id='word_1_693' title='bbox 3068 4443 3122 4498; x_wconf 91' lang='lat' dir='ltr'><strong>in</strong></span> <span class='ocrx_word' id='word_1_694' title='bbox 3153 4442 3357 4513; x_wconf 85' lang='lat' dir='ltr'><strong>stagnis</strong></span> <span class='ocrx_word' id='word_1_695' title='bbox 3380 4449 3484 4506; x_wconf 86' lang='lat' dir='ltr'><strong>est,</strong></span> 
     </span>
    </p>
   </div>
   <div class='ocr_carea' id='block_1_93' title="bbox 1895 4530 3488 4610">
    <p class='ocr_par' dir='ltr' id='par_1_93' title="bbox 1895 4530 3488 4610">
     <span class='ocr_line' id='line_1_93' title="bbox 1895 4530 3488 4610; baseline -0.011 -9"><span class='ocrx_word' id='word_1_696' title='bbox 1895 4545 1981 4601; x_wconf 92' lang='lat' dir='ltr'><strong>vel</strong></span> <span class='ocrx_word' id='word_1_697' title='bbox 2010 4545 2065 4600; x_wconf 95' lang='lat' dir='ltr'><strong>in</strong></span> <span class='ocrx_word' id='word_1_698' title='bbox 2095 4543 2230 4606; x_wconf 87' lang='lat' dir='ltr'><strong>mari</strong></span> <span class='ocrx_word' id='word_1_699' title='bbox 2262 4549 2364 4597; x_wconf 91' lang='lat' dir='ltr'><strong>est.</strong></span> <span class='ocrx_word' id='word_1_700' title='bbox 2394 4540 2567 4604; x_wconf 75' lang='lat' dir='ltr'><strong>liabet</strong></span> <span class='ocrx_word' id='word_1_701' title='bbox 2588 4537 2882 4610; x_wconf 87' lang='lat' dir='ltr'><strong>quamdam</strong></span> <span class='ocrx_word' id='word_1_702' title='bbox 2910 4536 3152 4599; x_wconf 91' lang='lat' dir='ltr'><strong>domum,</strong></span> <span class='ocrx_word' id='word_1_703' title='bbox 3190 4548 3295 4592; x_wconf 90' lang='lat' dir='ltr'><strong>non</strong></span> <span class='ocrx_word' id='word_1_704' title='bbox 3331 4530 3488 4586; x_wconf 80' lang='lat' dir='ltr'><strong>facile</strong></span> 
     </span>
    </p>
   </div>
   <div class='ocr_carea' id='block_1_94' title="bbox 1897 4623 3487 4700">
    <p class='ocr_par' dir='ltr' id='par_1_94' title="bbox 1897 4623 3487 4700">
     <span class='ocr_line' id='line_1_94' title="bbox 1897 4623 3487 4700; baseline -0.011 -8"><span class='ocrx_word' id='word_1_705' title='bbox 1897 4639 1952 4693; x_wconf 91' lang='lat' dir='ltr'><strong>in</strong></span> <span class='ocrx_word' id='word_1_706' title='bbox 1989 4637 2168 4691; x_wconf 91' lang='lat' dir='ltr'><strong>littore</strong></span> <span class='ocrx_word' id='word_1_707' title='bbox 2205 4645 2395 4698; x_wconf 62' lang='lat' dir='ltr'><strong>terrae,</strong></span> <span class='ocrx_word' id='word_1_708' title='bbox 2445 4640 2538 4694; x_wconf 89' lang='lat' dir='ltr'><strong>aut</strong></span> <span class='ocrx_word' id='word_1_709' title='bbox 2580 4644 2888 4700; x_wconf 89' lang='lat' dir='ltr'><strong>nunquam;</strong></span> <span class='ocrx_word' id='word_1_710' title='bbox 2934 4626 3029 4682; x_wconf 85' lang='lat' dir='ltr'><strong>sed</strong></span> <span class='ocrx_word' id='word_1_711' title='bbox 3077 4627 3128 4680; x_wconf 92' lang='lat' dir='ltr'><strong>in</strong></span> <span class='ocrx_word' id='word_1_712' title='bbox 3173 4625 3238 4681; x_wconf 79' lang='lat' dir='ltr'><strong>iis</strong></span> <span class='ocrx_word' id='word_1_713' title='bbox 3277 4637 3396 4696; x_wconf 76' lang='lat' dir='ltr'><strong>quae</strong></span> <span class='ocrx_word' id='word_1_714' title='bbox 3433 4623 3487 4684; x_wconf 81' lang='lat' dir='ltr'><strong>in</strong></span> 
     </span>
    </p>
   </div>
   <div class='ocr_carea' id='block_1_95' title="bbox 1899 4713 3489 4796">
    <p class='ocr_par' dir='ltr' id='par_1_95' title="bbox 1899 4713 3489 4796">
     <span class='ocr_line' id='line_1_95' title="bbox 1899 4713 3489 4796; baseline -0.01 -13"><span class='ocrx_word' id='word_1_715' title='bbox 1899 4727 2074 4783; x_wconf 87' lang='lat' dir='ltr'><strong>media</strong></span> <span class='ocrx_word' id='word_1_716' title='bbox 2113 4741 2251 4796; x_wconf 88' lang='lat' dir='ltr'><strong>aqua</strong></span> <span class='ocrx_word' id='word_1_717' title='bbox 2291 4733 2418 4780; x_wconf 91' lang='lat' dir='ltr'><strong>sunt</strong></span> <span class='ocrx_word' id='word_1_718' title='bbox 2455 4741 2468 4778; x_wconf 90' lang='lat'>:</span> <span class='ocrx_word' id='word_1_719' title='bbox 2513 4721 2831 4793; x_wconf 92' lang='lat' dir='ltr'><strong>plerumque</strong></span> <span class='ocrx_word' id='word_1_720' title='bbox 2873 4733 3001 4788; x_wconf 84' lang='lat' dir='ltr'><strong>ergo</strong></span> <span class='ocrx_word' id='word_1_721' title='bbox 3049 4716 3100 4769; x_wconf 91' lang='lat' dir='ltr'><strong>in</strong></span> <span class='ocrx_word' id='word_1_722' title='bbox 3144 4713 3314 4784; x_wconf 91' lang='lat' dir='ltr'><strong>petris</strong></span> <span class='ocrx_word' id='word_1_723' title='bbox 3354 4728 3489 4781; x_wconf 85' lang='lat' dir='ltr'><strong>quas</strong></span> 
     </span>
    </p>
   </div>
   <div class='ocr_carea' id='block_1_96' title="bbox 1899 4804 3485 4888">
    <p class='ocr_par' dir='ltr' id='par_1_96' title="bbox 1899 4804 3485 4888">
     <span class='ocr_line' id='line_1_96' title="bbox 1899 4804 3485 4888; baseline -0.012 -14"><span class='ocrx_word' id='word_1_724' title='bbox 1899 4834 2038 4888; x_wconf 76' lang='lat' dir='ltr'><strong>aqua</strong></span> <span class='ocrx_word' id='word_1_725' title='bbox 2067 4817 2386 4873; x_wconf 89' lang='lat' dir='ltr'><strong>circumdat.</strong></span> <span class='ocrx_word' id='word_1_726' title='bbox 2422 4833 2439 4864; x_wconf 80' lang='grc'><strong>›</strong></span> <span class='ocrx_word' id='word_1_727' title='bbox 2497 4811 2557 4868; x_wconf 88' lang='lat' dir='ltr'><strong>S.</strong></span> <span class='ocrx_word' id='word_1_728' title='bbox 2609 4825 2826 4883; x_wconf 90' lang='lat' dir='ltr'><strong>quoque</strong></span> <span class='ocrx_word' id='word_1_729' title='bbox 2875 4808 3108 4875; x_wconf 88' lang='lat' dir='ltr'><strong>Prosper</strong></span> <span class='ocrx_word' id='word_1_730' title='bbox 3143 4822 3156 4858; x_wconf 93' lang='lat'>:</span> <span class='ocrx_word' id='word_1_731' title='bbox 3205 4824 3222 4855; x_wconf 75' lang='grc' dir='ltr'>ι</span> <span class='ocrx_word' id='word_1_732' title='bbox 3253 4804 3485 4866; x_wconf 85' lang='lat' dir='ltr'><strong>Domus,</strong></span> 
     </span>
    </p>
   </div>
   <div class='ocr_carea' id='block_1_97' title="bbox 1902 4893 3489 4979">
    <p class='ocr_par' dir='ltr' id='par_1_97' title="bbox 1902 4893 3489 4979">
     <span class='ocr_line' id='line_1_97' title="bbox 1902 4893 3489 4979; baseline -0.015 -14"><span class='ocrx_word' id='word_1_733' title='bbox 1902 4910 2098 4979; x_wconf 89' lang='lat' dir='ltr'><strong>inquit,</strong></span> <span class='ocrx_word' id='word_1_734' title='bbox 2131 4907 2304 4962; x_wconf 77' lang='lat' dir='ltr'><strong>fulicae</strong></span> <span class='ocrx_word' id='word_1_735' title='bbox 2326 4920 2449 4978; x_wconf 72' lang='lat' dir='ltr'><strong>qua:</strong></span> <span class='ocrx_word' id='word_1_736' title='bbox 2486 4903 2697 4958; x_wconf 89' lang='lat' dir='ltr'><strong>marina</strong></span> <span class='ocrx_word' id='word_1_737' title='bbox 2722 4909 2806 4955; x_wconf 90' lang='lat' dir='ltr'><strong>est</strong></span> <span class='ocrx_word' id='word_1_738' title='bbox 2834 4898 2968 4957; x_wconf 83' lang='lat' dir='ltr'><strong>avis,</strong></span> <span class='ocrx_word' id='word_1_739' title='bbox 3000 4912 3104 4950; x_wconf 90' lang='lat' dir='ltr'><strong>non</strong></span> <span class='ocrx_word' id='word_1_740' title='bbox 3131 4903 3213 4948; x_wconf 92' lang='lat' dir='ltr'><strong>est</strong></span> <span class='ocrx_word' id='word_1_741' title='bbox 3239 4893 3293 4946; x_wconf 92' lang='lat' dir='ltr'><strong>in</strong></span> <span class='ocrx_word' id='word_1_742' title='bbox 3331 4901 3489 4950; x_wconf 58' lang='lat' dir='ltr'><strong>terra:</strong></span> 
     </span>
    </p>
   </div>
   <div class='ocr_carea' id='block_1_98' title="bbox 1902 4985 3486 5066">
    <p class='ocr_par' dir='ltr' id='par_1_98' title="bbox 1902 4985 3486 5066">
     <span class='ocr_line' id='line_1_98' title="bbox 1902 4985 3486 5066; baseline -0.014 -10"><span class='ocrx_word' id='word_1_743' title='bbox 1902 5000 2277 5062; x_wconf 88' lang='lat' dir='ltr'><strong>foraminibus,</strong></span> <span class='ocrx_word' id='word_1_744' title='bbox 2311 5011 2488 5066; x_wconf 89' lang='lat' dir='ltr'><strong>neque</strong></span> <span class='ocrx_word' id='word_1_745' title='bbox 2521 4995 2572 5049; x_wconf 93' lang='lat' dir='ltr'><strong>in</strong></span> <span class='ocrx_word' id='word_1_746' title='bbox 2602 4993 2769 5048; x_wconf 90' lang='lat' dir='ltr'><strong>ramis</strong></span> <span class='ocrx_word' id='word_1_747' title='bbox 2797 4989 3084 5051; x_wconf 90' lang='lat' dir='ltr'><strong>arborum,</strong></span> <span class='ocrx_word' id='word_1_748' title='bbox 3120 4985 3215 5040; x_wconf 88' lang='lat' dir='ltr'><strong>sed</strong></span> <span class='ocrx_word' id='word_1_749' title='bbox 3253 4985 3303 5038; x_wconf 90' lang='lat' dir='ltr'><strong>in</strong></span> <span class='ocrx_word' id='word_1_750' title='bbox 3337 4992 3486 5053; x_wconf 86' lang='lat' dir='ltr'><strong>petra</strong></span> 
     </span>
    </p>
   </div>
   <div class='ocr_carea' id='block_1_99' title="bbox 1902 5073 3490 5163">
    <p class='ocr_par' dir='ltr' id='par_1_99' title="bbox 1902 5073 3490 5163">
     <span class='ocr_line' id='line_1_99' title="bbox 1902 5073 3490 5163; baseline -0.013 -15"><span class='ocrx_word' id='word_1_751' title='bbox 1902 5107 2023 5163; x_wconf 74' lang='lat' dir='ltr'><strong>qua:</strong></span> <span class='ocrx_word' id='word_1_752' title='bbox 2071 5106 2209 5160; x_wconf 89' lang='lat' dir='ltr'><strong>aqua</strong></span> <span class='ocrx_word' id='word_1_753' title='bbox 2257 5090 2328 5144; x_wconf 85' lang='lat' dir='ltr'><strong>sit</strong></span> <span class='ocrx_word' id='word_1_754' title='bbox 2377 5086 2707 5146; x_wconf 82' lang='lat' dir='ltr'><strong>circumdata</strong></span> <span class='ocrx_word' id='word_1_755' title='bbox 2745 5099 2758 5137; x_wconf 88' lang='lat'><strong>:</strong></span> <span class='ocrx_word' id='word_1_756' title='bbox 2797 5089 2950 5152; x_wconf 87' lang='lat' dir='ltr'><strong>petra</strong></span> <span class='ocrx_word' id='word_1_757' title='bbox 2998 5092 3128 5131; x_wconf 85' lang='lat' dir='ltr'><strong>vero</strong></span> <span class='ocrx_word' id='word_1_758' title='bbox 3174 5073 3490 5144; x_wconf 80' lang='lat' dir='ltr'><strong>intelligitur</strong></span> 
     </span>
    </p>
   </div>
   <div class='ocr_carea' id='block_1_100' title="bbox 1901 5165 3491 5240">
    <p class='ocr_par' dir='ltr' id='par_1_100' title="bbox 1901 5165 3491 5240">
     <span class='ocr_line' id='line_1_100' title="bbox 1901 5165 3491 5240; baseline -0.013 0"><span class='ocrx_word' id='word_1_759' title='bbox 1901 5182 2171 5240; x_wconf 89' lang='lat' dir='ltr'><strong>Christus.</strong></span> <span class='ocrx_word' id='word_1_760' title='bbox 2204 5200 2221 5232; x_wconf 75' lang='grc' dir='ltr'><strong><em>ι</em></strong></span> <span class='ocrx_word' id='word_1_761' title='bbox 2256 5180 2324 5236; x_wconf 86' lang='lat' dir='ltr'><strong>Et</strong></span> <span class='ocrx_word' id='word_1_762' title='bbox 2348 5177 2702 5236; x_wconf 87' lang='lat' dir='ltr'><strong>Cassiodorus</strong></span> <span class='ocrx_word' id='word_1_763' title='bbox 2739 5190 2806 5229; x_wconf 79' lang='lat' dir='ltr'><strong>ex</strong></span> <span class='ocrx_word' id='word_1_764' title='bbox 2831 5173 2894 5230; x_wconf 84' lang='grc' dir='ltr'><strong>Β.</strong></span> <span class='ocrx_word' id='word_1_765' title='bbox 2928 5167 3213 5239; x_wconf 81' lang='lat' dir='ltr'><strong>Augustini</strong></span> <span class='ocrx_word' id='word_1_766' title='bbox 3260 5175 3316 5220; x_wconf 90' lang='lat' dir='ltr'><strong>ct</strong></span> <span class='ocrx_word' id='word_1_767' title='bbox 3355 5165 3491 5222; x_wconf 88' lang='lat' dir='ltr'><strong>Pro-</strong></span> 
     </span>
    </p>
   </div>
   <div class='ocr_carea' id='block_1_101' title="bbox 1906 5258 3491 5353">
    <p class='ocr_par' dir='ltr' id='par_1_101' title="bbox 1906 5258 3491 5353">
     <span class='ocr_line' id='line_1_101' title="bbox 1906 5258 3491 5353; baseline -0.013 -25"><span class='ocrx_word' id='word_1_768' title='bbox 1906 5274 2049 5346; x_wconf 90' lang='lat' dir='ltr'><strong>speri</strong></span> <span class='ocrx_word' id='word_1_769' title='bbox 2079 5273 2131 5332; x_wconf 92' lang='lat' dir='ltr'><strong>in</strong></span> <span class='ocrx_word' id='word_1_770' title='bbox 2159 5272 2497 5353; x_wconf 83' lang='lat' dir='ltr'><strong>expositione</strong></span> <span class='ocrx_word' id='word_1_771' title='bbox 2522 5269 2590 5322; x_wconf 88' lang='lat' dir='ltr'><strong>de</strong></span> <span class='ocrx_word' id='word_1_772' title='bbox 2616 5264 2876 5326; x_wconf 85' lang='lat' dir='ltr'><strong>Sensibus</strong></span> <span class='ocrx_word' id='word_1_773' title='bbox 2901 5279 2913 5315; x_wconf 89' lang='lat'>:</span> <span class='ocrx_word' id='word_1_774' title='bbox 2945 5279 2961 5311; x_wconf 75' lang='grc' dir='ltr'>ι</span> <span class='ocrx_word' id='word_1_775' title='bbox 2994 5258 3180 5314; x_wconf 87' lang='lat' dir='ltr'><strong>Fulica</strong></span> <span class='ocrx_word' id='word_1_776' title='bbox 3211 5263 3491 5311; x_wconf 84' lang='lat' dir='ltr'><strong>mansueta</strong></span> 
     </span>
    </p>
   </div>
   <div class='ocr_carea' id='block_1_102' title="bbox 1909 5349 3493 5435">
    <p class='ocr_par' dir='ltr' id='par_1_102' title="bbox 1909 5349 3493 5435">
     <span class='ocr_line' id='line_1_102' title="bbox 1909 5349 3493 5435; baseline -0.014 -14"><span class='ocrx_word' id='word_1_777' title='bbox 1909 5366 2026 5421; x_wconf 89' lang='lat' dir='ltr'><strong>avis</strong></span> <span class='ocrx_word' id='word_1_778' title='bbox 2057 5373 2112 5420; x_wconf 89' lang='lat' dir='ltr'><strong>et</strong></span> <span class='ocrx_word' id='word_1_779' title='bbox 2141 5349 2294 5435; x_wconf 86' lang='lat' dir='ltr'><strong>nigra</strong></span> <span class='ocrx_word' id='word_1_780' title='bbox 2325 5369 2436 5427; x_wconf 92' lang='lat' dir='ltr'><strong>est,</strong></span> <span class='ocrx_word' id='word_1_781' title='bbox 2475 5369 2634 5414; x_wconf 89' lang='lat' dir='ltr'><strong>anate</strong></span> <span class='ocrx_word' id='word_1_782' title='bbox 2660 5355 2875 5426; x_wconf 90' lang='lat' dir='ltr'><strong>quidem</strong></span> <span class='ocrx_word' id='word_1_783' title='bbox 2910 5350 3148 5423; x_wconf 79' lang='lat' dir='ltr'><strong>parvi‘or,</strong></span> <span class='ocrx_word' id='word_1_784' title='bbox 3179 5349 3272 5404; x_wconf 88' lang='lat' dir='ltr'><strong>sed</strong></span> <span class='ocrx_word' id='word_1_785' title='bbox 3304 5361 3493 5416; x_wconf 89' lang='lat' dir='ltr'><strong>corpo-</strong></span> 
     </span>
    </p>
   </div>
   <div class='ocr_carea' id='block_1_103' title="bbox 1861 5436 3496 5527">
    <p class='ocr_par' dir='ltr' id='par_1_103' title="bbox 1861 5436 3496 5527">
     <span class='ocr_line' id='line_1_103' title="bbox 1861 5436 3496 5527; baseline -0.015 -13"><span class='ocrx_word' id='word_1_786' title='bbox 1861 5436 1887 5458; x_wconf 67' lang='grc'><strong>’</strong></span> <span class='ocrx_word' id='word_1_787' title='bbox 1912 5458 1988 5513; x_wconf 90' lang='lat' dir='ltr'><strong>ris</strong></span> <span class='ocrx_word' id='word_1_788' title='bbox 2014 5456 2282 5527; x_wconf 85' lang='lat' dir='ltr'><strong>positione</strong></span> <span class='ocrx_word' id='word_1_789' title='bbox 2303 5451 2620 5514; x_wconf 88' lang='lat' dir='ltr'><strong>consimilis,</strong></span> <span class='ocrx_word' id='word_1_790' title='bbox 2648 5464 2766 5518; x_wconf 71' lang='lat' dir='ltr'><strong>quae</strong></span> <span class='ocrx_word' id='word_1_791' title='bbox 2795 5447 2847 5501; x_wconf 92' lang='lat' dir='ltr'><strong>in</strong></span> <span class='ocrx_word' id='word_1_792' title='bbox 2876 5444 3084 5514; x_wconf 89' lang='lat' dir='ltr'><strong>stagnis</strong></span> <span class='ocrx_word' id='word_1_793' title='bbox 3105 5437 3496 5496; x_wconf 91' lang='lat' dir='ltr'><strong>delectabiliter</strong></span> 
     </span>
    </p>
   </div>
   <div class='ocr_carea' id='block_1_104' title="bbox 1899 5526 3497 5608">
    <p class='ocr_par' dir='ltr' id='par_1_104' title="bbox 1899 5526 3497 5608">
     <span class='ocr_line' id='line_1_104' title="bbox 1899 5526 3497 5608; baseline -0.013 -4"><span class='ocrx_word' id='word_1_794' title='bbox 1899 5526 2300 5604; x_wconf 85' lang='lat' dir='ltr'><strong>commoratur.</strong></span> <span class='ocrx_word' id='word_1_795' title='bbox 2331 5542 2456 5598; x_wconf 72' lang='lat' dir='ltr'><strong>Haec</strong></span> <span class='ocrx_word' id='word_1_796' title='bbox 2481 5541 2548 5596; x_wconf 90' lang='lat' dir='ltr'><strong>ad</strong></span> <span class='ocrx_word' id='word_1_797' title='bbox 2578 5536 2928 5608; x_wconf 84' lang='lat' dir='ltr'><strong>baptizandos</strong></span> <span class='ocrx_word' id='word_1_798' title='bbox 2953 5535 3091 5588; x_wconf 88' lang='lat' dir='ltr'><strong>bene</strong></span> <span class='ocrx_word' id='word_1_799' title='bbox 3116 5530 3370 5592; x_wconf 91' lang='lat' dir='ltr'><strong>refertur,</strong></span> <span class='ocrx_word' id='word_1_800' title='bbox 3403 5526 3497 5596; x_wconf 90' lang='lat' dir='ltr'><strong>qui</strong></span> 
     </span>
    </p>
   </div>
   <div class='ocr_carea' id='block_1_105' title="bbox 1906 5621 3499 5702">
    <p class='ocr_par' dir='ltr' id='par_1_105' title="bbox 1906 5621 3499 5702">
     <span class='ocr_line' id='line_1_105' title="bbox 1906 5621 3499 5702; baseline -0.018 -3"><span class='ocrx_word' id='word_1_801' title='bbox 1906 5644 1961 5699; x_wconf 93' lang='lat' dir='ltr'><strong>in</strong></span> <span class='ocrx_word' id='word_1_802' title='bbox 1992 5636 2344 5697; x_wconf 88' lang='lat' dir='ltr'><strong>sacratissimi</strong></span> <span class='ocrx_word' id='word_1_803' title='bbox 2371 5633 2538 5691; x_wconf 87' lang='lat' dir='ltr'><strong>fontis</strong></span> <span class='ocrx_word' id='word_1_804' title='bbox 2563 5631 2734 5702; x_wconf 89' lang='lat' dir='ltr'><strong>gratia</strong></span> <span class='ocrx_word' id='word_1_805' title='bbox 2759 5635 3130 5700; x_wconf 88' lang='lat' dir='ltr'><strong>perseverant.</strong></span> <span class='ocrx_word' id='word_1_806' title='bbox 3168 5623 3368 5678; x_wconf 85' lang='lat' dir='ltr'><strong>florum</strong></span> <span class='ocrx_word' id='word_1_807' title='bbox 3397 5621 3499 5674; x_wconf 89' lang='lat' dir='ltr'><strong>ita-</strong></span> 
     </span>
    </p>
   </div>
   <div class='ocr_carea' id='block_1_106' title="bbox 1908 5711 3492 5814">
    <p class='ocr_par' dir='ltr' id='par_1_106' title="bbox 1908 5711 3492 5814">
     <span class='ocr_line' id='line_1_106' title="bbox 1908 5711 3492 5814; baseline -0.017 -23"><span class='ocrx_word' id='word_1_808' title='bbox 1908 5750 2014 5814; x_wconf 86' lang='lat' dir='ltr'><strong>que</strong></span> <span class='ocrx_word' id='word_1_809' title='bbox 2039 5731 2370 5798; x_wconf 85' lang='lat' dir='ltr'><strong>mansiones,</strong></span> <span class='ocrx_word' id='word_1_810' title='bbox 2402 5728 2454 5785; x_wconf 91' lang='lat' dir='ltr'><strong>id</strong></span> <span class='ocrx_word' id='word_1_811' title='bbox 2481 5735 2564 5790; x_wconf 91' lang='lat' dir='ltr'><strong>est</strong></span> <span class='ocrx_word' id='word_1_812' title='bbox 2593 5720 2935 5804; x_wconf 85' lang='lat' dir='ltr'><strong>baptismatis</strong></span> <span class='ocrx_word' id='word_1_813' title='bbox 2962 5713 3359 5794; x_wconf 83' lang='lat' dir='ltr'><strong>persevcratio,</strong></span> <span class='ocrx_word' id='word_1_814' title='bbox 3387 5711 3492 5771; x_wconf 78' lang='lat' dir='ltr'><strong>dux</strong></span> 
     </span>
    </p>
   </div>
  </div>
