4006 6338
637 296 743 354 959
820 305 835 319 '
905 299 908 302 ’
1116 329 1127 339 -
1464 292 1798 350 HINCMARI
1839 291 2053 348 RHEM.
2096 287 2416 348 ARCHIEP.
2458 285 2824 345 OPUSCULA
2866 287 3094 343 VARIA.
3701 308 3768 363 960

635 415 721 464 est
755 420 1037 479 passerum
1066 404 1157 476 qui
1192 404 1246 459 in
1288 403 1468 460 cedris
1498 404 1816 460 nidiﬁcant:
1848 405 2055 461 scilicet
2094 405 2222 476 quia
2251 403 2300 464 A
2329 409 2539 471 gravat,
2569 399 2793 455 multum
2819 401 2961 471 quod
2989 401 3150 457 levat.
3186 402 3254 456 At
3274 411 3444 461 contra
3472 412 3657 469 struthio
3678 423 3770 478 raris

636 498 880 554 omnium
910 496 1343 553 Christianorum
1373 509 1529 550 sacer
1553 493 1674 550 fons
1697 495 1805 551 dux
1834 504 1945 560 est,
1976 494 2103 550 dum
2128 510 2222 550 eos

2325 580 2509 637 volare
2543 590 2784 650 appetat,
2814 582 2928 651 ipsa
2958 596 3250 651 pennarum
3274 586 3492 654 paucitas
3514 591 3663 646 molem
3684 603 3772 656 tanti

2325 674 2569 744 corporis
2607 675 2660 729 in
2695 688 2821 728 aere
2860 689 2965 728 non
3011 675 3313 744 suspendat.
3355 675 3467 732 Haec
3500 695 3669 753 qusque
3701 688 3773 757 ipsa

2324 767 2644 821 struthionis
2670 780 2849 836 penna
2877 764 2945 819 ad
2970 780 3173 835 pennas
3195 766 3391 819 herodii
3419 776 3467 822 et
3484 784 3550 825 act
3566 773 3698 841 tpitris
3721 780 3766 831 si-

2325 856 2686 911 militudinem
2716 855 2912 911 coloris
2950 857 3135 919 habet,
3177 856 3384 910 virtutis
3416 873 3526 913 vero
3557 862 3775 920 similitudi-

636 589 705 644 ad
731 587 991 644 ctelorum
1020 600 1181 656 regna
1205 585 1474 654 perducit.
1509 604 1528 637 ι
1560 584 1617 640 ln
1648 585 1802 641 libris
1829 585 2060 656 denique
2087 586 2226 656 Phy—

634 678 896 744 sicorum,
937 676 1029 747 qui
1080 677 1147 731 de
1194 676 1404 730 naturis
1443 676 1748 743 volucrum,
1793 676 2129 744 animalium,
2169 687 2225 732 et

635 766 1000 837 serpentium,
1035 773 1090 818 et
1120 765 1374 818 arborum
1397 805 1411 828 ,
1458 774 1619 833 atque
1666 765 1959 820 herbarum
1999 765 2225 835 scripse-

635 864 783 922 runt,
815 855 883 910 de
917 854 1107 908 eadem
1140 869 1241 908 ave
1282 854 1355 907 ita
1394 854 1601 926 relegi:
1645 875 1664 906 t
1700 855 1907 921 Fuliea,
1952 857 2221 927 inquiunt,

634 950 780 1004 dicta
815 947 1068 1017 estquod
1099 963 1227 1002 caro
1272 946 1390 1016 ejus
1431 948 1728 1019 leporinum
1774 949 1968 1019 sapiat.
2015 950 2224 1020 Lagoos

634 1039 780 1096 enim
807 1039 960 1108 lepus
985 1037 1187 1092 dicitur
1212 1055 1224 1091 :
1257 1039 1396 1093 unde
1425 1047 1480 1093 et
1500 1040 1639 1108 apud
1663 1038 1880 1096 Graecos
1907 1041 2102 1114 λαγωὸς
2136 1057 2229 1094 vo-

633 1138 811 1186 catur.
860 1130 955 1184 Est
995 1130 1142 1184 enim
1184 1130 1299 1183 avis
1344 1132 1672 1201 stagnensis,
1712 1132 1919 1188 habens
1955 1133 2137 1187 nidum
2170 1133 2225 1187 in

635 1221 816 1278 medio
845 1235 1035 1290 aquze,
1076 1220 1161 1274 vel
1200 1220 1251 1273 in
1289 1220 1458 1290 petris
1497 1235 1632 1290 quas
1667 1236 1823 1291 aquae
1852 1222 2222 1289 circumdant,

634 1312 1019 1382 maritimoque
1046 1327 1260 1382 semper
1284 1313 1585 1368 delectatur
1614 1313 1879 1384 profundo
1897 1355 1911 1381 ,
1949 1330 2067 1384 qua:
2096 1317 2225 1371 dum

635 1415 1013 1477 tempestatem
1053 1408 1417 1476 persenserit,
1468 1407 1678 1477 fugiens
1726 1408 1779 1462 in
1828 1408 1964 1464 vado
2012 1410 2164 1464 ludit.
2201 1429 2219 1462 ι

639 1488 746 1555 Sed
769 1508 824 1553 et
852 1499 905 1553 in
935 1499 1139 1553 eisdem
1164 1499 1318 1554 libris
1354 1499 1459 1571 legi
1510 1516 1630 1570 quae
1669 1501 1993 1573 subjungere
2027 1518 2226 1573 procu-
2325 1497 2547 1553 neribus
2581 1511 2649 1550 ex
2684 1511 3001 1567 magnorum
3041 1496 3261 1565 scriptis
3298 1504 3476 1551 vestra:
3517 1498 3585 1579 dei

636 1589 791 1654 rabo,
841 1590 982 1644 unde
1024 1598 1176 1660 puto,
1229 1591 1369 1645 sicut
1413 1601 1467 1646 et
1512 1608 1609 1648 vos
1648 1594 1896 1662 poteritis
1937 1595 2222 1664 conjicere,
2330 1586 2952 1655 secundumjussionem
2991 1596 3231 1642 vestram
3265 1588 3486 1644 scribere
3515 1588 3674 1644 studui.
3702 1588 3777 1645 Cr
3833 1637 3836 1640 .

634 1677 760 1748 quia
803 1678 1164 1750 Symmachus
1214 1680 1432 1735 fulicam
1497 1698 1595 1751 pro
1653 1683 1875 1739 herodio
1925 1688 2222 1742 transtulit.
2329 1688 2501 1734 ternm
2536 1680 2662 1750 quia
2692 1696 2793 1736 nec
2828 1695 2925 1736 vos
2952 1679 3231 1748 iussistis,
3267 1696 3364 1736 nec
3394 1682 3640 1753 indigetiS.
3668 1697 3772 1752 quem

638 1766 897 1823 Scribunt
942 1769 1086 1823 enim
1134 1769 1295 1825 iidem
1340 1773 1589 1843 physici,
1642 1775 1881 1831 dicentes
1927 1777 2223 1835 diomedias

2332 1770 2598 1825 Dominus
2624 1770 2781 1825 docet
2814 1770 2907 1840 qui
2942 1771 3102 1826 docet
3136 1770 3400 1825 hominem
3436 1771 3778 1835 scientiam,eta

634 1872 763 1913 aves
802 1873 832 1912 a
871 1859 1037 1914 sociis
1076 1860 1347 1916 Diomedis
1386 1862 1702 1932 appellatas,
1746 1881 1881 1935 quos
1921 1865 2104 1922 ferunt
2144 1868 2224 1922 fa-
2329 1860 2486 1929 cujus
2515 1861 2655 1916 facie
2684 1870 2767 1917 est
2802 1862 3066 1930 sapientia
3109 1871 3163 1916 et
3202 1862 3518 1925 intellectus,
3546 1862 3667 1931 juxta
3694 1862 3780 1932 typi-

632 1949 773 2004 bula:
812 1951 866 2004 in
906 1953 1121 2007 easdem
1160 1952 1409 2009 volucres
1464 1952 1630 2010 fuisse
1675 1972 2001 2023 conversos,
2050 1959 2222 2015 forma
2327 1966 2449 2006 cam
2480 1950 2565 2006 vel
2598 1951 2860 2007 moralem
2890 1951 3300 2023 intelligentiam
3335 1968 3445 2022 quae
3479 1953 3585 2006 hinc
3609 1950 3778 2006 catholici

633 2036 812 2095 fulica
845 2040 1080 2107 similes,
1122 2043 1492 2113 magnitudine
1529 2059 1828 2115 agnorum,
1867 2047 2048 2103 colore
2086 2064 2219 2103 can-
2322 2041 2573 2096 doctores
2623 2050 3021 2107 tractaverunt,
3078 2043 3231 2097 vobis
3275 2041 3430 2097 latius
3474 2042 3668 2097 scribere
3708 2057 3777 2095 non

632 2120 966 2197 dido,'duris
1001 2143 1055 2187 et
1088 2135 1383 2204 grandibus
1422 2137 1633 2191 rostris.
1680 2136 1818 2192 Sunt
1860 2147 2039 2194 autem
2074 2140 2220 2195 circa
2319 2131 2670 2201 praesumpsi.
2703 2147 2772 2186 ne
2799 2131 3098 2187 referretur
3129 2132 3259 2186 mihi
3288 2131 3410 2186 illud
3436 2132 3688 2202 poeticum:

633 2222 906 2295 Apuliam,
946 2226 998 2280 in
1024 2226 1197 2281 insula
1224 2227 1500 2284 Diomedia
1535 2230 1681 2285 inter
1705 2232 1953 2302 scopulos
1976 2233 2217 2289 littorum

2474 2220 2547 2271 Tu
2572 2233 2636 2271 ne
2662 2220 2791 2272 forte
2814 2221 2945 2271 feras
2966 2223 3015 2269 in
3046 2221 3219 2271 silvam
3242 2220 3370 2282 ligna
3392 2222 3541 2273 viator.

631 2322 690 2370 et
723 2330 855 2370 saxa
894 2315 1200 2373 volitantes.
1247 2318 1499 2376 Indicant
1532 2321 1676 2377 inter
1711 2338 1839 2379 suos
1872 2334 1927 2379 et
1960 2325 2215 2382 advenas.
2320 2313 2425 2370 38d
2452 2330 2519 2371 ne
2548 2316 2602 2371 ίη
2637 2324 2808 2371 totum
2840 2315 3151 2387 Ρτωῑοτῖδεθ
3181 2315 3454 2386 mimicum
3481 2328 3657 2369 δθηθοω
3678 2311 3775 2366 VM“

629 2404 768 2460 Nam
792 2407 836 2462 si
862 2404 1082 2464 Graecus
1103 2419 1205 2476 est,
1229 2412 1452 2483 propius
1474 2413 1737 2468 accedunt
1759 2423 1814 2469 et
1834 2413 2214 2473 blandiuntur:

2325 2420 2431 2471 rer,
2467 2405 2714 2475 qumdam
2744 2407 2925 2477 potius
2955 2406 3267 2476 signiﬁcare
3290 2402 3443 2475 quam
3471 2418 3684 2474 exponere
3702 2418 3775 2457 cen-

628 2496 674 2551 si
700 2495 1023 2568 alienigena,
1051 2516 1236 2555 morsu
1267 2501 1586 2573 impugnant
1611 2512 1665 2558 et
1687 2503 2002 2570 vulnerant,
2035 2506 2215 2578 lacry-

2325 2495 2422 2549 sui.
2454 2494 2868 2562 Saturabuntnr,
2900 2497 3074 2567 inquit
3104 2495 3378 2559 Psalmus,
3419 2495 3545 2566 ligna
3569 2496 3714 2563 campi,
3743 2493 3773 2545 id

626 2589 795 2645 mosis
818 2590 970 2659 quasi
997 2592 1223 2649 vocibus
1245 2593 1490 2650 dolentes
1524 2593 1608 2650 vel
1646 2610 1797 2650 suam
1838 2597 2212 2665 mutationem,
2314 2599 2399 2644 est
2434 2589 2617 2660 plebes
2656 2590 2973 2660 populorum
2997 2630 3012 2654 ,
3053 2589 3231 2659 gratia
3264 2588 3508 2659 spiritali.
3537 2598 3579 2643 et
3609 2587 3709 2641 εεάή
3732 2584 3773 2637 ιὶ·

627 2680 710 2736 vel
736 2682 876 2753 regis
903 2683 1205 2740 interitum.
1250 2684 1388 2740 Nam
1426 2686 1713 2743 Diomedes
1748 2689 1816 2744 ab
1855 2688 2049 2760 lllyriis
2086 2690 2215 2744 inte-

2325 2681 2438 2734 bam’
2457 2721 2471 2746 ,
2504 2679 2557 2734 id
2582 2688 2664 2735 est
2691 2679 2900 2736 nobiles
2927 2687 3093 2750 atque
3118 2678 3375 2735 sublimes
3395 2678 3581 2743 mundi,
3600 2692 3695 2748 qua:
3711 2673 3774 2728 Do-

624 2782 866 2844 remptus
888 2784 994 2831 est.
1021 2774 1114 2832 liae
1137 2785 1316 2833 autem
1341 2793 1470 2834 aves
1494 2778 1687 2834 Latine
1714 2779 1993 2835 diomediae
2017 2796 2215 2835 vocan-

2325 2773 2486 2826 minus
2514 2770 2768 2843 plantavit
2796 2774 2816 2842 (
2845 2769 2990 2827 Psal.
3021 2786 3157 2838 cur,
3188 2772 3250 2827 17
3274 2771 3294 2842 )
3317 2812 3332 2836 ,
3360 2770 3446 2841 qui
3468 2770 3605 2826 etiam
3626 2768 3675 2823 de
3690 2764 3773 2820 diri-

622 2846 732 2932 tur,
766 2865 940 2923 Graeci
975 2883 1069 2924 eas
1100 2869 1354 2924 berodios
1388 2869 1595 2924 dicunt.
1638 2870 1776 2925 Hinc
1812 2871 2002 2925 beatus
2030 2870 2214 2925 Hiero-
2316 2863 2457 2919 libus
2487 2873 2541 2918 ει
2574 2864 2878 2919 ἱΙὶυεινὶῧιιε
2915 2846 3116 2919 millle
3142 2862 3480 2932 Ξυεῑίίίοίινίῐν
3511 2861 3588 2932 qui
3615 2858 3769 2912 dicm“;

621 2971 817 3027 nymus
848 2957 902 3012 in
929 2958 1152 3028 praefata
1183 2959 1409 3029 epistola
1435 2960 1503 3014 ad
1535 2959 1795 3015 Sunniam
1841 2968 1896 3015 et
1934 2961 2209 3017 Pretclam
2310 2955 2427 3025 Ipse
2450 2956 2578 3012 fecit
2602 2973 2702 3012 nos
2725 2965 2779 3012 et
2804 2971 2910 3011 non
2936 2956 3037 3022 ipsi
3068 2971 3187 3019 nos,
3214 2956 3338 3026 quia
3362 2955 3490 3011 sicut
3508 2967 3592 3009 nos
3606 2949 3770 3007 homines

620 3047 792 3103 dicit:
826 3066 846 3100 ι
872 3047 980 3103 Pro
1004 3050 1247 3115 berodio,
1283 3051 1423 3121 quod
1461 3051 1512 3105 in
1540 3050 1764 3106 Hebraeo
1802 3052 1998 3107 dicitur
2035 3054 2204 3121 asida,
2245 3115 2277 3121 Δ
2311 3054 2365 3101 et
2394 3046 2648 3111 illustres,
2679 3048 2754 3102 ita
2785 3046 3137 3102 nihilominus
3166 3045 3407 3114 etjustos
3433 3045 3558 3101 fecit.
3581 3041 3766 3106 Illicpat-

620 3138 978 3210 Symmachus
1001 3144 1202 3206 ἰκτῖνον,
1231 3143 1282 3197 id
1306 3149 1390 3197 est
1415 3142 1658 3209 milvum,
1692 3143 2076 3215 interpretatus
2098 3157 2199 3201 est.

2325 3153 2445 3192 teres
2486 3137 2828 3206 nidiﬁcabunt
2856 3177 2871 3203 ,
2915 3137 3125 3193 scilicet
3170 3139 3222 3192 in
3270 3137 3383 3193 istis
3420 3134 3573 3192 cedris
3608 3127 3766 3189 Libani,

617 3232 860 3304 Denique
886 3242 941 3290 et
965 3250 1061 3289 nos
1088 3234 1160 3289 ita
1193 3235 1803 3307 vertimusinLatinum
1833 3254 1845 3290 :
1871 3235 1955 3289 Ibi
1979 3254 2095 3292 aves
2121 3239 2203 3290 ni-

2325 3241 2443 3295 [uas
2473 3228 2646 3296 gratia
2667 3226 2761 3280 Dei
2788 3226 2998 3296 plantat
3021 3236 3078 3281 et
3107 3226 3297 3291 satiat,
3329 3225 3770 3307 nidiﬁcabuntpassev

615 3323 924 3393 diﬁcabunt,
958 3325 1100 3380 milvi
1125 3326 1266 3381 abies
1293 3327 1479 3380 domus
1506 3336 1580 3380 est
1608 3341 1627 3378 .-
1659 3328 1802 3398 quod
1831 3327 2036 3383 scilicet
2063 3343 2203 3382 sem-
2305 3331 2411 3379 res.
2436 3316 2491 3371 hi
2514 3316 2761 3371 videlicet
2784 3316 2878 3387 qui
2903 3316 3186 3386 elegerunt
3208 3305 3770 3398 ιιυηιίιίιειιθιηνθιτεὲείὲδ

615 3384 713 3485 per
736 3416 790 3470 in
817 3417 1048 3472 excelsis
1074 3427 1129 3472 et
1150 3417 1334 3472 arduis
1360 3417 1647 3472 arboribus
1678 3384 1836 3472 nidos
1868 3417 2046 3472 facere
2072 3433 2201 3473 con-
2303 3423 2424 3477 Ψιῖὲ
2450 3407 2722 3463 habebam
2747 3417 2843 3463 ³1η
2869 3409 3138 3474 νθηίὶὶιίϐν
3174 3408 3306 3464 Nihil
3334 3408 3428 3463 Sibi
3464 3407 3512 3461 ίη
3542 3406 3622 3460 hoc
3640 3384 3769 3456 Μ

615 3506 869 3561 sueverit.
917 3506 1067 3562 Unde
1096 3515 1150 3562 et
1178 3515 1329 3562 sexta
1364 3507 1531 3561 editio
1567 3505 1905 3562 manifestius
1942 3508 2203 3579 interpre—
2303 3509 2685 3566 reservatum.
2741 3501 2837 3556 θεά
2885 3500 3112 3555 diVililm
3148 3499 3551 3556 Christianorum
3598 3490 3766 3547 domum

614 3608 723 3654 tata
749 3607 831 3656 est
857 3618 870 3655 :
907 3600 1067 3656 Miluo
1094 3618 1366 3669 cupressus
1389 3602 1458 3655 ad
1485 3600 1884 3670 nidiﬁcandum.
1927 3600 2029 3656 Pro
2060 3601 2202 3655 abie-

2325 3589 2556 3660 tgrisque
2603 3590 2874 3661 susceptis
2921 3591 3251 3647 necessariis
3298 3588 3488 3645 solatiis
3521 3585 3762 3655 adjuvantur.

612 3690 759 3746 tibus
785 3700 964 3746 autem
988 3698 1039 3746 et
1069 3692 1339 3763 cupressis
1362 3693 1414 3747 in
1439 3691 1667 3747 Hebraeo
1689 3692 1910 3761 ponitur
1935 3693 2196 3760 barusim,

2325 3682 2402 3750 Qui
2437 3692 2615 3739 tamen
2646 3683 2773 3739 licet
2795 3684 2848 3738 in
2873 3684 3164 3740 cedrorum
3194 3682 3464 3738 altitudine
3483 3677 3763 3770 requiescant:

611 3785 756 3855 quod
782 3785 954 3856 magis
983 3760 1188 3842 abicies
1222 3801 1383 3856 quam
1425 3800 1711 3856 cupressos
1751 3785 2036 3857 signiﬁcat.
2068 3806 2085 3838 ι
2132 3787 2199 3841 Ει
2299 3789 2406 3830 ιιοη
2436 3774 2569 3844 iPstis
2595 3775 2774 3831 cedl'is
2805 3776 3032 3832 dilCibUS
3063 3784 3310 3841 Ulunlur,
3338 3774 3424 3830 sed
3450 3772 3610 3827 domus
3629 3760 3763 3821 δετθάίί

610 3873 738 3943 quia
784 3874 889 3929 duo
930 3883 1089 3941 sunt,
1137 3876 1277 3931 sicut
1315 3875 1470 3931 vobis
1509 3883 1639 3930 tunc
1677 3874 1809 3941 dixi,
1852 3875 2197 3932 herodiOrum
2298 3864 2405 3920 ἀυι
2438 3874 2520 3921 θδι
2546 3881 2755 3921 eorum
2791 3866 3059 3922 Ηθτοάίιιε
3083 3868 3229 3923 enim
3270 3865 3477 3935 majoris
3513 3858 3698 3951 εθυοτίετ
3727 3859 3764 3951 ¹ξ¹

609 3977 832 4035 genera,
871 3965 1242 4022 demonstrant
1269 3966 1458 4021 beatus
1487 3964 1849 4036 Hieronymus
1885 3974 2048 4037 atque
2078 3981 2198 4021 san-
2296 3955 2477 4023 verbis
2502 3956 2816 4029 Hieronymi
2840 3958 3098 4024 dilimuss
3126 3959 3301 4030 major
3320 3965 3399 4012 εει
3418 3954 3617 4011 omnium
3638 3945 3763 4000 “’hu‘

609 4060 732 4109 ctus
759 4053 1072 4126 Gregorius.
1104 4055 1283 4112 Unum
1310 4054 1558 4111 videlicet
1582 4053 1773 4122 majus,
1798 4055 1941 4125 quod
1964 4070 2108 4110 nunc
2129 4069 2197 4110 ex
2297 4045 2426 4101 lium
2444 4089 2460 4113 ,
2491 4048 2582 4117 qui
2612 4048 2881 4119 aquilam.
2913 4065 3035 4121 quae
3064 4066 3163 4106 rex
3192 4048 3474 4104 νοιέιῑῖίίιιω
3499 4037 3691 4134 diu”?

606 4144 789 4199 verbis
813 4145 1163 4216 physicorum
1193 4144 1429 4211 ostendi,
1459 4143 1526 4199 de
1548 4159 1656 4214 quo
1679 4152 1734 4199 et
1753 4145 1815 4198 B.
1841 4143 2197 4216 Hieronymus
2297 4138 2593 4194 bestiarum
2615 4179 2631 4205 ,
2661 4140 2831 4195 vincit
2856 4148 2910 4194 et
2933 4141 3194 4197 comedit.
3224 4139 3374 4210 Saepe
3397 4136 3527 4194 enim
3564 4133 3607 4186 in
3640 4127 3760 4190 ScriP'

607 4230 663 4287 in
692 4235 1029 4304 expositione
1058 4234 1219 4303 hujus
1262 4249 1455 4290 versus
1497 4234 1629 4289 dicit
1665 4247 1681 4288 :
1723 4251 1741 4285 ι
1769 4233 1900 4300 Illic,
1925 4234 2193 4304 inquiens,
2298 4230 2435 4287 turis
2478 4246 2578 4300 per
2627 4231 2867 4301 aquilam
2913 4231 3254 4302 signiﬁcatur
3297 4228 3554 4289 diabolus,
3586 4217 3760 4313 .eil'f‘“

607 4339 861 4395 passeres
885 4325 1262 4392 nidiﬁcabunt,
1287 4326 1558 4396 sapientes
1589 4324 1933 4381 aedificabunt
1960 4326 2191 4394 herodii,
2294 4321 2657 4393 evangelicam
2687 4321 2973 4377 veritatem
2992 4363 3006 4387 ,
3035 4321 3232 4378 fortem
3258 4328 3508 4377 armatum
3544 4306 3761 4370 custodiet?

606 4412 712 4468 hoc
756 4422 839 4468 est
884 4413 1091 4469 herodii
1139 4416 1331 4471 domus
1383 4415 1490 4471 dux
1534 4422 1620 4469 est
1653 4429 1862 4470 eorum.
1902 4414 2073 4487 Major
2109 4424 2193 4472 est
2220 4470 2270 4487 ﬁ
2296 4419 2404 4466 tem
2461 4412 2659 4466 atrium
2690 4404 2906 4479 ‘suum,
2960 4421 3018 4468 et
3069 4414 3123 4468 in
3163 4428 3296 4484 pace
3332 4425 3422 4466 sua
3455 4403 3759 4478 possidentem.

604 4502 750 4556 enim
779 4504 1020 4558 omnium
1049 4503 1369 4570 volatilium,
1396 4506 1489 4576 qui
1519 4504 1757 4576 aquilam
1789 4506 1959 4562 vincit
1982 4470 2053 4561 ἐι
2091 4522 2187 4563 co-
2219 4470 2273 4532 D
2296 4502 2349 4558 id
2389 4511 2474 4558 est
2519 4502 2717 4559 fortem
2762 4502 3070 4571 diabolum,
3110 4470 3368 4560 mundum
3403 4501 3486 4572 qui
3521 4499 3567 4553 in
3599 4488 3761 4576 malim

605 4592 793 4647 medit.
830 4593 1073 4648 Alterum
1108 4595 1302 4655 minus.
1345 4574 1553 4665 deiquo
1572 4574 1657 4651 est
1683 4595 1737 4649 in
1770 4595 1910 4651 libro
1929 4594 2030 4653 Job
2058 4597 2189 4653 scri—
2292 4596 2501 4664 positus
2553 4606 2667 4662 est,
2717 4612 2890 4667 usque
2942 4597 3009 4652 ad
3060 4597 3344 4652 adventum
3393 4586 3639 4650 Salvatoris
3670 4574 3759 4633 male

601 4691 795 4752 ptum:
832 4682 1013 4766 Penna
1043 4684 1349 4740 struthionis
1387 4685 1573 4740 similis
1599 4694 1674 4740 est
1702 4687 1885 4757 pennis
1910 4686 2112 4740 herodii
2137 4696 2188 4741 et
2290 4694 2484 4756 pacato
2549 4690 2845 4758 potientem
2909 4686 3168 4756 imperio,
3236 4684 3419 4741 fortior
3475 4668 3758 4766 superveni?“

600 4774 865 4845 accipitris
899 4757 1020 4845 (Job
1059 4790 1175 4840 xix,
1212 4776 1320 4846 15).
1364 4795 1383 4829 ι
1420 4775 1576 4831 Unde
1604 4775 1796 4832 beatus
1822 4777 1955 4833 dicit
1978 4777 2184 4849 Grego-
2289 4757 2740 4846 Cbristusrvicit,
2791 4786 2847 4834 et
2907 4779 3160 4834 universa
3214 4776 3329 4846 ejus
3376 4786 3511 4830 arma
3544 4768 3598 4860 Ain
3628 4757 3756 4860 αιξίιλξε

603 4868 715 4923 rius
744 4867 986 4939 (Horat,
1014 4867 1110 4925 lib.
1140 4884 1293 4936 xxxi,
1317 4884 1439 4939 cap.
1465 4869 1521 4941 5)
1549 4886 1564 4926 :
1605 4888 1624 4922 ι
1655 4869 1787 4938 Quis
1810 4870 2092 4926 berodium
2121 4879 2180 4925 et
2290 4869 2596 4925 confidebat
2642 4868 2898 4935 abstulit,
2945 4877 3001 4924 et
3051 4868 3224 4939 spolia
3266 4865 3407 4936 ejus.
3432 4858 3557 4933 quod
3580 4861 3645 4910 est
3672 4858 3757 4944 Ιιξειο

599 4958 914 5028 accipitrem
941 4958 1152 5015 nesciat
1184 4974 1312 5015 aves
1344 4959 1581 5031 reliquas
1617 4968 1819 5031 quanta
1857 4960 2067 5016 volatus
2100 4963 2185 5016 sui
2286 4975 2393 5034 gne
2421 4960 3141 5033 triumphantis,’distribuit
3169 5000 3185 5026 ,
3213 4958 3453 5029 quoniam
3478 4946 3659 5037 astutias
3678 4947 3756 5037 eius

598 5049 884 5105 velocitate
927 5050 1348 5106 transcendant?
1399 5049 1650 5106 Struthio
1697 5066 1826 5106 vero
1863 5066 2056 5120 penna:
2097 5066 2186 5107 eo-
2287 5032 2597 5119 dextruxit,
2642 5060 2700 5107 et
2743 5051 3053 5107 hominibus
3102 5049 3343 5120 deceptis
3382 5045 3445 5101 ab
3486 5054 3543 5096 e0
3576 5032 3752 5120 εθινεξιδν

598 5154 718 5193 rum
744 5138 1147 5196 similitudinem
1166 5141 1354 5207 habet,
1379 5141 1477 5197 sed
1507 5140 1716 5196 volatus
1738 5116 1925 5197 eorum
1940 5142 2184 5197 celerita-
2286 5143 2558 5214 captivam
2583 5116 2791 5198 ducens
2821 5142 3193 5212 captivitatem
3224 5116 3358 5195 dona
3384 5127 3615 5193 distribuit
3635 5116 3751 5214 (Lf‘

598 5236 706 5283 tem
735 5244 838 5283 non
867 5230 1051 5284 habet.
1080 5228 1127 5285 A
1154 5237 1298 5285 terra
1325 5206 1525 5300 quippe
1556 5228 1755 5285 elevari
1791 5244 1898 5285 non
1925 5230 2088 5298 valet,
2127 5240 2184 5287 et
2256 5206 2416 5312 an),
2471 5234 2526 5289 id
2574 5243 2659 5291 est
2685 5206 2921 5305 Spiritus
2971 5233 3144 5289 sancti
3196 5233 3364 5295 dona,
3408 5240 3514 5297 quze

597 5321 711 5376 alas
735 5321 891 5392 quasi
920 5321 988 5377 ad
1016 5321 1254 5376 volatum
1282 5322 1461 5394 specie
1490 5330 1645 5377 tenus
1667 5321 1849 5391 erigit,
1872 5321 1965 5376 sed
1997 5330 2205 5398 tamen_
2256 5306 2605 5391 enumerat,
2637 5341 2737 5397 pro
2766 5325 3192 5398 uniuscujusque
3222 5329 3376 5393 captu
3412 5306 3749 5398 donaris-Cudb

595 5388 872 5482 nunquam
909 5427 969 5468 se
1004 5428 1033 5466 a
1073 5420 1218 5469 terra
1251 5388 1485 5469 volando
1518 5388 1816 5483 suspendit.
1848 5429 1868 5464 ι
1905 5411 1975 5467 Et
2005 5412 2132 5468 item
2158 5388 2205 5468 ε’
2282 5414 2496 5471 herodii
2525 5388 2749 5483 domus,
2797 5416 2851 5472 id
2900 5388 3563 5473 est'reetores-Ecclesite.
3604 5394 3749 5450 dim"

599 5523 617 5552 α
648 5504 936 5574 Accipitris
969 5505 1169 5576 quippe
1207 5517 1265 5561 et
1300 5505 1511 5561 herodii
1550 5519 1716 5576 parva
1760 5513 1888 5561 sunt
1922 5521 2171 5576 corpora,
2283 5508 2453 5564 Paulo
2491 5524 2613 5579 quae
2662 5508 2857 5563 domus
2909 5522 3095 5563 sumus
3151 5520 3282 5569 nos,
3334 5500 3483 5555 duces
3519 5489 3745 5579 limem:

592 5568 904 5664 sedpennis
931 5568 1270 5663 densioribus
1297 5595 1462 5662 fulta,
1502 5568 1567 5652 ει.
1603 5598 1805 5655 idcirco
1833 5613 1954 5655 cum
1983 5568 2173 5655 celeri;
2280 5600 2471 5657 mundi
2508 5568 2767 5657 videlicet
2807 5606 3273 5670 contemptorum,
3321 5602 3468 5660 super
3506 5584 3681 5651 εῧε¹¹¹¹¹¹¹
3709 5568 3746 5670 ξι

593 5693 704 5740 tate
750 5688 1123 5755 transvolant,
1171 5689 1297 5757 quia
1345 5689 1423 5744 eis
1465 5703 1655 5760 parum
1703 5690 1842 5747 inest
1887 5691 2030 5761 quod
2072 5707 2166 5763 ag-
2279 5707 2578 5765 pauperem
2610 5666 3061 5765 intelligendum,
3099 5685 3393 5758 sumptibus
3423 5666 3742 5734 ευειθυυιοτω

2325 1057 2413 1098 res
2434 1049 2579 1107 sunt,
2615 1048 2670 1093 et
2701 1040 2881 1094 volatu
2913 1055 3093 1094 aerem
3123 1055 3361 1110 premere
3386 1042 3559 1097 virtute
3588 1059 3671 1099 sua:
3697 1048 3776 1101 soli-

2325 1222 2467 1286 lutaa,
2519 1231 2574 1277 et
2618 1221 2858 1275 volatum
2905 1236 3121 1277 sumere
3162 1229 3459 1291 nequeunt,
3501 1238 3590 1291 quo
3621 1225 3672 1276 ab
3703 1226 3777 1292 ipso

2325 1328 2486 1383 quem
2521 1327 2769 1382 premere
2804 1311 3103 1367 debuerant
3137 1326 3261 1366 aere
3299 1314 3732 1367 transcenduntur.»

2396 1406 2534 1461 Hinc
2567 1407 2724 1477 juxta
2761 1404 2996 1458 litteram
3033 1404 3101 1459 de
3136 1402 3294 1458 fulica
3328 1412 3380 1457 et
3414 1405 3695 1460 berodiorum
3719 1422 3776 1475 ge-

2325 1497 2547 1553 neribus
2581 1511 2649 1550 ex
2684 1511 3001 1567 magnorum
3041 1496 3261 1565 scriptis
3298 1504 3476 1551 vestra:
3517 1498 3775 1567 dominationi

2325 490 2517 560 pennis
2539 490 2799 555 induitur,
2825 499 2880 544 et
2905 491 3124 545 immani
3151 507 3368 562 corpore
3390 509 3619 566 gravatur,
3642 513 3685 557 ut
3705 512 3771 564 etsi
3874 544 3875 547 η

2324 964 2452 1004 nem
2484 964 2590 1003 non
2623 948 2806 1002 habet.
2832 946 3048 1001 Illorum
3078 963 3304 1016 namque
3327 949 3562 1004 conclusae
3577 962 3620 1006 et
3640 954 3775 1010 ﬁrmin-
3874 974 3875 1001 ι

2326 1135 2515 1189 ditatis
2540 1140 2809 1203 possunt:
2848 1142 2904 1186 at
2925 1139 3112 1187 contra
3155 1132 3456 1187 struthionis
3484 1148 3639 1204 penna:
3668 1136 3778 1191 disse
3874 1190 3875 1199 χ
