4006 6338
175 374 286 431 961

1201 369 1289 423 DE
1329 368 1485 424 FIDE
1519 368 1797 426 CAROLO
1836 369 1995 426 REGI
2036 370 2432 431 SERVANDA.

3341 388 3447 445 962

173 500 305 543 esse
348 490 666 540 noscuntur.
707 481 777 537 Et
816 496 917 539 nec
960 483 1014 537 in
1062 483 1273 539 minore
1313 484 1522 541 herodii
1564 499 1762 556 genere
1789 491 1852 565 Α.
1867 484 2168 555 deprimat,
2199 489 2366 544 multa
2397 491 2571 548 virtus
2599 492 2753 549 bona!
2789 495 3018 552 actionis
3056 501 3293 570 suppetit
3328 517 3448 573 quae

175 576 303 632 haec
352 574 706 647 intelligentia
758 576 1018 631 abhorret
1059 590 1089 630 a
1144 591 1301 642 vero,
1350 592 1474 633 cum
1525 578 1758 635 dicitur:

179 665 411 721 Herodii
438 666 626 720 domus
656 666 767 721 dua:
794 683 997 722 eorum.
1042 666 1178 736 Quia
1208 668 1365 739 juxta
1402 671 1719 742 Apostolum
1747 713 1763 739 ,

176 755 460 820 Christus,
486 771 607 811 cum
637 756 787 812 dives
814 765 960 813 esset
985 768 1206 829 propter
1246 775 1345 816 nos
1367 777 1570 831 pauper
1591 762 1767 838 factus

179 856 293 914 est,
324 856 385 903 ut
412 863 513 904 nos
538 849 708 919 ipsius
729 850 911 922 inopia
940 852 1237 907 ditaremur
1259 853 1277 925 (
1300 853 1361 908 II
1384 853 1507 909 Cor.
1533 872 1629 910 vni
1647 898 1661 920 ,
1685 855 1761 929 9).

178 939 254 995 Et
281 932 544 1012 praphcta
574 942 641 998 de
672 942 762 998 illo
789 944 922 999 dicit
950 962 963 999 :
998 944 1236 1001 Vidimus
1272 964 1390 1002 eum
1429 957 1479 1003 et
1516 965 1620 1004 non
1655 959 1767 1003 erat

180 1041 458 1103 aspectus,
491 1041 547 1088 et
585 1042 814 1100 caetera,
855 1052 1027 1106 usque
1073 1038 1234 1104 dum,
1278 1056 1372 1093 nec
1415 1026 1767 1110 reputavimus

178 1139 303 1177 eum
336 1125 353 1193 (
376 1122 486 1178 Isa.
515 1140 610 1179 Lm
631 1165 646 1191 ,
674 1124 765 1197 5).
795 1126 897 1193 Qui
930 1127 1086 1183 nobis
1116 1128 1334 1198 reliquit
1365 1130 1670 1201 exemplum
1706 1140 1767 1187 ut

179 1231 480 1285 sequamur
517 1218 748 1288 vestigia
793 1217 933 1287 ejus.
980 1218 1144 1288 Cujus
1184 1222 1394 1277 herodii
1438 1222 1630 1279 domus
1657 1224 1765 1279 dux

180 1313 269 1361 est
312 1321 635 1377 passerum,
674 1308 727 1364 id
768 1319 852 1364 est
892 1311 1074 1365 mundi
1117 1320 1593 1383 contemplorum:
1639 1315 1766 1385 quia

181 1410 331 1466 szepe
357 1396 521 1451 etiam
552 1397 606 1451 in
636 1398 1016 1465 saecularibus,
1050 1400 1101 1455 in
1131 1416 1361 1471 quorum
1390 1403 1642 1459 cordibus
1670 1420 1769 1475 per

182 1486 347 1541 tidem
376 1487 586 1542 habitat
613 1486 890 1553 Christus,
921 1498 978 1544 et
1017 1490 1070 1545 in
1115 1504 1345 1561 quorum
1387 1506 1553 1562 opere
1597 1493 1767 1563 ipsius

181 1577 366 1634 lucent
396 1579 642 1648 exempla
664 1619 680 1646 ,
709 1593 815 1634 non
846 1580 1020 1635 solum
1047 1581 1404 1637 ecclesiastici
1443 1583 1531 1638 vel
1574 1598 1765 1639 mona-

177 1669 309 1736 chi,
339 1670 393 1724 in
421 1670 652 1727 subditis
691 1671 934 1741 praelati,
966 1673 1021 1727 in
1051 1673 1276 1743 privatis
1318 1674 1466 1745 regia
1500 1682 1767 1745 potestate

186 1763 438 1834 praecelsi
459 1805 474 1830 ,
516 1763 705 1839 videre
738 1765 921 1821 valent
959 1767 1101 1837 quod
1133 1767 1416 1824 imitentur
1445 1786 1459 1823 :
1492 1784 1678 1825 verum
1710 1780 1767 1826 et

1867 574 1986 631 illos
2012 575 2064 630 in
2089 592 2322 649 superna
2348 582 2616 641 sustollat.
2646 582 2796 640 Unde
2822 601 2943 640 cum
2976 590 3213 645 maximo
3254 592 3447 650 timore

1867 681 1934 721 ac
1962 673 2196 724 tremore
2218 708 2234 734 ,
2265 685 2498 742 cumque
2525 675 2762 729 maxima
2787 675 3150 734 sollicitudine
3177 682 3439 738 continue

1867 760 2218 817 considerare
2242 772 2405 833 atque
2436 764 2627 822 timere
2657 769 2943 836 debemus,
2976 786 3045 826 ne
3074 787 3173 828 nos
3200 774 3293 843 qui
3324 774 3446 845 plus

1867 854 2080 908 caeteris
2119 853 2173 908 in
2214 854 2317 909 hoc
2359 859 2557 913 mundo
2592 862 2864 931 accepisse
2902 863 3102 934 aliquid
3144 868 3444 934 cernimur,

1868 943 1938 999 ab
1990 954 2213 1003 auctore
2257 949 2443 1002 mundi
2493 952 2713 1020 gravius
2764 954 2888 1009 inde
2925 956 3251 1025 judicemur.
3303 959 3442 1015 Cum

1868 1036 2012 1093 enim
2041 1047 2307 1109 augentur
2331 1038 2471 1093 dona
2490 1080 2503 1100 .
2539 1040 2778 1097 rationes
2805 1044 2969 1099 etiam
2998 1057 3250 1102 crescunt
3277 1050 3448 1103 dono-

1867 1142 2009 1182 rum.
2058 1125 2232 1182 Tanto
2267 1142 2399 1199 ergo
2444 1142 2566 1184 esse
2607 1130 2864 1186 humilior
2901 1141 3064 1204 atque
3102 1136 3171 1190 ad
3200 1137 3445 1192 servien-

1868 1219 1995 1274 dum
2024 1220 2325 1288 promptior
2364 1222 2595 1290 quisque
2637 1222 2797 1278 debet
2835 1239 2904 1279 ex
2948 1241 3202 1293 munere,
3245 1236 3448 1299 quanto

1869 1325 1927 1364 se
1967 1309 2341 1381 obligatiorem
2369 1326 2491 1367 esse
2521 1313 2787 1384 conspicit
2820 1314 2873 1369 in
2902 1316 3173 1372 reddenda
3214 1319 3447 1373 ratione.

1870 1400 2226 1474 Sciens,quia
2271 1405 2355 1459 cui
2381 1405 2501 1475 plus
2527 1407 2902 1474 committitur,
2929 1408 3050 1479 plus
3079 1410 3146 1465 ab
3168 1425 3234 1466 eo
3274 1410 3450 1482 exigi-

1871 1499 1980 1556 tur,
2002 1492 2221 1561 etjuxta
2246 1492 2539 1564 Scriptum
2562 1495 2884 1550 sententiam
2910 1514 2923 1551 :
2954 1497 3198 1553 Potentes
3217 1507 3451 1569 potenter

1869 1591 2130 1637 tormenta
2178 1584 2470 1653 patientur,
2508 1586 2696 1655 exiguo
2733 1586 3045 1642 concedetur
3090 1586 3452 1643 misericordia

1873 1670 2292 1743 (Sap.vt,7).

1940 1760 2187 1833 Accipite
2233 1763 2337 1818 ista
2392 1764 2719 1821 succinctius
2756 1765 2921 1822 dicta.
2973 1766 3030 1822 Si
3066 1774 3245 1823 autem
3276 1767 3451 1839 jusse-

176 1856 331 1911 unde
362 1870 423 1912 se
455 1856 850 1926 reprehendant
877 1866 934 1913 et
960 1858 1313 1923 erubescant,
1356 1861 1481 1930 quia
1521 1869 1647 1915 sunt
1684 1860 1768 1915 in-
1794 1849 1842 1909 Β
1870 1855 1991 1910 ritis
2015 1895 2030 1920 ,
2083 1865 2139 1911 et
2180 1856 2247 1912 de
2284 1857 2389 1913 hoc
2419 1866 2475 1913 et
2515 1859 2581 1914 de
2619 1859 2741 1916 aliis
2786 1859 3083 1931 Scriptum
3123 1876 3292 1917 sacrae
3329 1875 3451 1916 sen-

177 1946 404 2003 terdum
438 1947 679 2003 minores
708 1948 937 2014 merito,
969 1948 1061 2018 qui
1093 1958 1224 2005 sunt
1251 1948 1485 2018 majores
1515 1951 1764 2018 nomine,

180 2047 240 2095 et
262 2036 647 2094 laudabiliores
669 2040 975 2094 sanctitatis
1001 2039 1339 2095 inl'rnctuoso
1363 2040 1586 2096 honore.
1613 2041 1769 2098 Unde

177 2130 452 2201 prepheta
496 2130 669 2186 dicit:
720 2130 1010 2197 Erubesce,
1065 2129 1253 2188 Sidon.
1294 2130 1381 2187 Ait
1410 2133 1549 2188 enim
1588 2150 1766 2199 mare,

184 2222 446 2292 fortitudo
494 2223 660 2277 maris
701 2222 878 2277 dicens
916 2221 1073 2294 (lsa.
1101 2237 1268 2288 xxm,
1295 2222 1388 2294 4).
1439 2223 1544 2280 Per
1599 2223 1768 2281 Sidon

182 2313 417 2383 quippe,
451 2312 734 2384 religionis
760 2314 979 2368 nomine
1005 2313 1159 2384 quasi
1184 2313 1419 2383 quadam
1452 2314 1769 2373 fortitudine

186 2403 383 2458 muniti
412 2410 469 2458 et
497 2404 773 2470 decorati,
806 2419 906 2475 per
946 2418 1098 2460 mare
1138 2414 1318 2461 autem
1359 2406 1646 2463 saeculares
1684 2407 1769 2463 in-

186 2493 525 2565 telliguntur,
558 2495 649 2564 qui
681 2502 739 2550 ut
767 2509 928 2551 verus
954 2496 1210 2552 herodius
1237 2495 1526 2553 velocitate
1554 2498 1769 2555 volatus

184 2591 240 2638 et
286 2584 729 2655 magnanimitate
767 2585 1021 2651 virtutis,
1065 2587 1219 2657 quasi
1260 2587 1480 2658 capiens
1517 2588 1769 2645 volucres

185 2689 374 2731 semen
410 2675 565 2746 juxta
611 2676 754 2732 viam
812 2680 1194 2745 comendetes,
1259 2679 1313 2734 id
1367 2688 1452 2735 est
1496 2680 1768 2737 daemones

187 2765 417 2821 verbum
444 2766 511 2823 de
537 2768 702 2824 corde
727 2770 1061 2825 audientium
1092 2769 1344 2826 tollentes
1368 2785 1436 2826 ne
1478 2770 1767 2827 credentes

185 2855 320 2911 salvi
350 2855 511 2924 ﬁant,
539 2866 756 2915 coercet
783 2868 837 2915 et
863 2860 1202 2930 comprimit,
1228 2877 1296 2917 ne
1323 2871 1529 2917 tantum
1556 2862 1769 2934 possint

185 2953 400 3002 tentare
433 2948 710 3012 homines,
754 2949 901 3005 velut
928 2950 1126 3006 docet:
1160 2950 1388 3016 Discite,
1422 2952 1706 3022 inquiens,
1734 2968 1768 3007 a

184 3051 292 3100 me,
318 3037 442 3106 quia
465 3039 608 3092 mitis
631 3055 747 3093 sum
771 3048 818 3094 et
840 3039 1056 3094 Immitis
1079 3040 1235 3095 corde
1261 3040 1484 3111 (Matth.
1511 3057 1564 3097 xl
1585 3083 1599 3107 ,
1626 3040 1731 3115 29)
1750 3082 1766 3108 ,

185 3127 342 3194 parvi
365 3135 492 3181 sunt
516 3129 657 3198 apud
685 3142 744 3184 se
769 3130 822 3183 in
850 3131 1035 3196 corde,
1063 3141 1118 3186 et
1145 3130 1286 3201 apud
1313 3131 1560 3187 homines
1585 3131 1763 3187 laude.

1873 1945 2090 2010 tentiis,
2124 1954 2179 2001 et
2222 1962 2323 2017 pro
2364 1948 2618 2018 imposito
2657 1950 2991 2017 ministerio,
3033 1958 3088 2006 et
3129 1965 3229 2022 pro
3271 1949 3450 2005 debita

1869 2035 2026 2091 vobis
2087 2037 2395 2093 obedientia
2422 2078 2438 2105 ,
2494 2040 2748 2109 quoniam
2812 2040 3103 2113 apostolica
3159 2039 3453 2098 auctoritas

1842 2126 2090 2182 'obedire
2118 2126 2172 2181 in
2199 2127 2416 2184 Christo
2441 2136 2498 2184 et
2526 2129 2798 2200 subjectos
2827 2134 2942 2204 regi
2973 2148 3071 2188 nos
3102 2147 3225 2189 esse
3254 2132 3456 2188 debere

1871 2219 2219 2272 c'ommendat
2241 2259 2256 2285 ,
2307 2220 2484 2276 sciens
2534 2222 2795 2294 scriptum
2830 2226 2986 2279 vobis
3015 2242 3028 2280 :
3059 2223 3337 2296 Interroga
3359 2241 3452 2280 sa-

1870 2310 2103 2366 cerdotes
2138 2310 2300 2383 legem
2332 2330 2499 2369 meam
2533 2314 2705 2387 (Agg.
2738 2333 2812 2382 ιι,
2847 2317 2953 2388 12)
2983 2334 2998 2383 ;
3031 2324 3085 2372 et
3110 2316 3267 2372 nobis
3294 2334 3309 2370 :
3336 2316 3451 2372 Au-

1871 2402 2018 2457 diens
2052 2419 2137 2457 ‘ex
2178 2420 2267 2458 ore
2308 2421 2423 2459 meo
2468 2422 2787 2471 sermonem,
2835 2407 3101 2463 nuntiabis
3146 2408 3220 2463 eis
3263 2424 3328 2463 ea:
3370 2423 3455 2462 me

1872 2491 2108 2563 (Exerit.
2141 2510 2317 2550 xxxm
2338 2536 2354 2560 ,
2389 2495 2496 2567 7),
2528 2511 2648 2566 quae
2678 2498 2744 2551 ad
2775 2498 3001 2553 salutem
3040 2507 3095 2553 et
3132 2497 3452 2553 instructio-

1872 2599 1994 2639 nem
2023 2586 2342 2641 eruditionis
2367 2596 2563 2643 vestrae
2591 2590 2857 2659 proiicere
2892 2598 3177 2660 poterunt,
3220 2589 3457 2645 libentis-

1871 2673 2008 2729 sime
2038 2687 2299 2744 quantum
2332 2676 2447 2746 ipse
2478 2677 2719 2745 dederit,
2748 2680 2838 2750 qui
2875 2679 3014 2735 ﬁdeli
3044 2695 3203 2737 servo
3227 2679 3456 2751 promit-

1871 2763 1980 2822 tit:
2019 2762 2179 2833 Aperi
2213 2781 2270 2819 os
2306 2775 2456 2821 tuum
2480 2808 2495 2833 ,
2535 2777 2584 2822 et
2622 2786 2713 2839 ego
2754 2770 3048 2842 adimplebo
3088 2771 3222 2826 illud
3257 2769 3485 2843 (Psalr

1871 2868 2049 2917 Lxxx,
2081 2854 2138 2908 ll
2171 2854 2223 2925 ),
2265 2865 2321 2910 et
2364 2857 2549 2913 verbis
2588 2866 2639 2912 et
2680 2858 2878 2914 litteris
2921 2858 3190 2917 disserere
3217 2868 3271 2917 et
3297 2858 3455 2916 vobis

1871 2945 2165 3017 explanare
2199 2950 2422 3004 curabo.

1944 3058 2209 3136 Tempora
2233 3060 2499 3136 concedat
2526 3061 2779 3136 Christus
2803 3064 2979 3136 felicia
3004 3065 3158 3136 regni

2015 3129 2185 3201 Hujus
2214 3139 2269 3187 et
2293 3133 2479 3187 aeterni
2513 3148 2628 3198 rex,
2658 3134 2753 3189 tibi
2784 3134 2950 3190 chare
2986 3129 3137 3190 mihi.

185 3215 291 3282 Qui
319 3220 421 3273 etsi
450 3232 576 3273 cura
604 3220 680 3274 rei
709 3219 993 3276 familiaris
1023 3235 1087 3276 ac
1112 3198 1327 3276 terrena
1354 3221 1647 3294 fragilitate
1672 3237 1768 3293 ις·
1795 3224 1841 3286 C
1942 3198 2424 3294 Flerfagggerpis.
2436 3203 2930 3294 [εἶίξιξηξξξιρίεξιξῖξζ
2942 3206 3122 3294 ἀρξιξεε

190 3307 441 3375 gravati,
479 3310 715 3377 quandiu
756 3311 811 3365 in
852 3312 956 3366 hac
985 3311 1097 3366 vita
1131 3321 1259 3367 sunt
1286 3312 1405 3368 sine
1435 3312 1606 3383 culpae
1637 3327 1769 3368 con-

188 3398 336 3469 tagio
359 3412 480 3456 esse
507 3417 615 3455 non
647 3392 905 3473 possunt,
936 3412 1116 3459 tamen
1145 3420 1271 3461 cum
1314 3406 1394 3462 eis
1438 3405 1583 3462 inest
1621 3405 1765 3475 quod

2017 3269 2085 3324 Ut
2116 3271 2211 3326 tibi
2242 3282 2560 3345 permaneat
2586 3269 2724 3337 laus,
2758 3275 2952 3345 honor.
2977 3284 3139 3345 atque
3163 3273 3330 3330 salus.

1942 3340 2256 3415 Dexteraje
2279 3340 2479 3415 Christi
2501 3358 2717 3415 semper
2742 3343 2996 3415 defendat
3026 3340 3242 3415 ubique.

2018 3409 2149 3466 Vive
2178 3413 2289 3467 Deo
2320 3410 2469 3479 felix,
2500 3421 2554 3468 et
2585 3409 2703 3467 sine
2733 3413 2840 3469 fine
2866 3414 3005 3470 vale.

190 3545 3450 3577 mw

1761 3677 1868 3755 VI

428 3849 562 3976 All
620 3844 1158 3975 ΕΡΙεῦοΡθὸ
1220 3845 1351 3970 ΕΤ
1418 3843 1771 3973 PROCE]

1874 3739 1945 3971 i8
2011 3847 2603 4005 PBWINCIE
2649 3848 3225 3979 RHEMENSIS.

1222 4027 1312 4083 DE
1352 4027 1512 4082 FIDE
1549 4027 1827 4085 CAROLO
1866 4027 2028 4083 REGI
2066 4024 2433 4083 SERVANDA

353 4172 507 4235 Cum
534 4168 896 4231 Ludovicus
927 4168 1153 4230 iterum
1189 4164 1409 4227 Caroli
1441 4166 1668 4246 fratris
1704 4166 1805 4227 sui
1835 4184 2124 4245 regnum,
2159 4166 2272 4228 illo
2304 4166 2578 4242 absente,
2612 4175 2929 4247 impetere!
2964 4186 3125 4229 anno
3151 4168 3294 4231 875.

1177 4280 1342 4346 (Apud
1366 4282 1617 4344 eumdem,
1644 4294 1708 4333 ex
1736 4284 1854 4333 edit.
1908 4283 2129 4346 Hogunt.
2156 4282 2199 4332 J.
2225 4282 2433 4348 Brisaei.)

1884 4496 1951 4551 ad
1977 4494 2338 4551 Theodosium
2368 4493 2666 4561 Augustum
2707 4491 2851 4548 inter
2894 4502 3090 4549 caetera
3127 4494 3257 4550 dicit
3284 4492 3459 4567 (epist.

1882 4586 1976 4657 29)
2006 4600 2021 4640 :
2053 4604 2071 4636 ι
2102 4584 2217 4639 Non
2240 4593 2321 4640 est
2344 4583 2641 4653 imperiale,
2674 4582 2979 4639 libertatem
3003 4585 3214 4640 dicendi
3246 4602 3463 4658 negare,

264 4511 579 4567 "INCIABUS
601 4506 886 4577 episcopus
910 4517 973 4558 ac
994 4499 1166 4573 plebis
1188 4498 1282 4555 Dei
1313 4495 1545 4552 famulus
1570 4495 1778 4551 dilectis

194 4604 455 4661 fratribus
480 4596 954 4656 etvenerabilibus
989 4590 1254 4664 episcopis
1282 4588 1613 4645 Rhemorum
1643 4586 1780 4642 diu:-

194 4708 401 4750 εθεεοε,
1062 4672 1071 4677 ’
1887 4693 2060 4749 neque
2107 4675 2463 4739 sacerdotale,
2492 4675 2620 4744 quid
2672 4674 2875 4729 sentias
2923 4689 3043 4729 non:
3078 4676 3278 4731 dicere.
3321 4676 3461 4731 Nihil

267 4782 396 4840 CAP.
421 4779 464 4836 l.
496 4780 573 4834 De
601 4775 873 4833 communi
906 4774 1177 4829 anxietate
1201 4780 1407 4835 nostra,
1440 4770 1505 4824 de
1532 4782 1637 4838 qua
1667 4767 1782 4822 exi-
1884 4768 2026 4822 enim
2075 4768 2128 4820 in
2174 4767 2328 4820 vobis
2369 4764 2785 4834 imperatoribus
2828 4773 2936 4818 tam
2977 4766 3233 4833 populare
3269 4774 3327 4820 et
3355 4774 3466 4821 tam

196 4877 453 4949 guitatem
492 4886 665 4926 meam
696 4868 912 4924 dilectio
939 4873 1119 4921 vestra
1153 4862 1446 4925 consuluit,
1475 4872 1783 4931 proponens
1883 4859 2113 4914 amabile
2145 4867 2249 4949 est,
2276 4873 2459 4949 quam”
2483 4857 2784 4949 libertatem
2812 4856 2976 4949 etiam
3004 4856 3076 4949 in
3111 4857 3195 4911 his
3223 4857 3464 4949 diligere,

197 4946 333 5023 mihi
362 4966 525 5019 verba
577 4962 748 5017 sancti
795 4957 1058 5014 Bonifacii
1108 4970 1281 5027 papae,
1334 4952 1530 5023 quibus
1559 4950 1691 5007 dicit
1717 4949 1784 5004 ad
1885 4950 1977 5020 qui
2031 4948 2293 5018 obsequio
2354 4947 2559 5001 militiae
2611 4947 2766 5002 vobis
2816 4946 3015 5000 subditi
3068 4954 3213 5000 sunt.
3283 4946 3467 5016 Siqui-

199 5032 463 5113 Hilarium
508 5052 913 5107 Narbonensem
963 5046 1455 5114 archiepiscopum,
1506 5055 1785 5109 exponens
1814 5095 1860 5114 λ
1886 5041 2006 5095 dem
2034 5040 2137 5094 hoc
2198 5038 2424 5091 interest
2467 5038 2610 5091 inter
2651 5036 2822 5090 bonos
2855 5045 2911 5089 et
2956 5035 3126 5090 malos
3165 5036 3465 5106 principes,

199 5145 492 5218 capitulum
519 5141 720 5198 Nieaeni
750 5138 963 5194 concilii
1006 5137 1072 5191 de
1115 5133 1407 5206 privilegiis
1451 5130 1783 5200 singularum

198 5237 606 5312 provinciarum
649 5251 663 5288 :
701 5251 720 5285 ι
764 5231 1048 5293 Advertat,
1081 5227 1364 5298 inquiens,
1400 5224 1638 5280 charitas
1670 5231 1779 5285 tua,

201 5332 340 5386 adeo
368 5343 467 5384 nos
495 5340 759 5401 canonum
789 5330 1061 5394 praecepta
1094 5334 1343 5382 servare,
1374 5326 1434 5372 ut
1463 5318 1537 5371 ita
1578 5315 1784 5371 consti-

205 5419 342 5475 tutio
366 5430 580 5488 quoque
598 5422 784 5470 nostra
813 5410 1067 5475 diﬂiniat,
1093 5417 1360 5479 quatenus
1383 5404 1825 5488 metr0politani.

202 5510 289 5566 sui
335 5482 669 5579 unaquaeque
697 5504 974 5578 provincia
1005 5503 1058 5557 in
1094 5500 1344 5557 omnibus
1374 5499 1535 5554 rebus
1563 5482 1782 5555 ordina-

207 5602 410 5655 tionem
434 5615 645 5670 semper
672 5604 971 5667 exspectet,
1003 5614 1019 5647 ι
1057 5609 1178 5664 qua:
1206 5593 1438 5648 donante
1465 5590 1693 5645 Domino
1715 5603 1782 5644 ex

205 5690 449 5745 doctrina
491 5689 711 5744 Patrum
752 5696 1058 5744 nostrorum
1104 5685 1279 5745 sentio
1326 5682 1545 5753 scriptis
1588 5689 1783 5737 vestrae

207 5781 456 5837 charitati
489 5782 804 5851 respondeo.
856 5780 1088 5837 Sanetus
1112 5777 1430 5835 Ambrosius
1472 5777 1526 5831 in
1556 5773 1780 5845 epistola

1886 5131 2029 5202 quod
2061 5124 2537 5186 boni‘libertatem
2594 5136 2801 5193 amant,
2850 5127 3163 5181 servitutem
3212 5127 3463 5197 improbi.

1887 5223 2027 5279 Nihil
2043 5222 2203 5278 etiam
2229 5222 2280 5277 in
2305 5223 2583 5277 sacerdote
2601 5228 2708 5274 tam
2725 5218 3083 5288 periculosum
3109 5219 3248 5289 apud
3273 5219 3464 5278 Deum.

1886 5327 1994 5371 tam
2030 5324 2185 5385 turpe
2227 5314 2367 5383 apud
2408 5313 2655 5367 homines
2705 5326 2866 5380 quam
2916 5310 3059 5379 quod
3110 5310 3310 5365 sentiat
3358 5325 3467 5367 non

1885 5407 2054 5461 libere
2082 5404 2452 5477 pronuntiare.
2488 5401 2765 5472 Siquidem
2812 5402 3070 5471 scriptum
3113 5410 3234 5458 est:
3286 5399 3355 5456 Et
3384 5401 3467 5456 lo-

1887 5497 2083 5569 quebar
2117 5496 2181 5549 de
2207 5492 2511 5547 testimoniis
2543 5492 2647 5545 tuis
2668 5492 2724 5544 in
2748 5500 3026 5561 conspectu
3056 5506 3255 5561 regum,
3286 5498 3336 5544 et
3364 5506 3468 5544 non

1865 5585 2248 5658 ’confundebar
2266 5582 2439 5654 (Psal.
2467 5598 2655 5649 cxvm,
2677 5581 2786 5651 46).
2816 5581 2883 5635 Ει
2901 5580 3026 5637 alibi
3054 5599 3067 5635 :
3093 5579 3201 5635 Fili
3220 5580 3467 5645 hominis,

1887 5678 2261 5750 speculatorem
2293 5685 2342 5730 te
2368 5675 2521 5746 posui
2548 5673 2734 5727 domus
2781 5670 2953 5728 Israel
2982 5670 3197 5744 (Ezech.
3233 5687 3314 5736 ιιι,
3355 5671 3466 5742 17).

1888 5771 1945 5826 ln
1971 5784 2067 5836 eo,
2096 5767 2290 5839 inquit,
2336 5774 2394 5821 ut
2425 5764 2467 5821 si
2500 5771 2775 5820 avertatur
2814 5760 2994 5833 justus
3022 5777 3052 5816 a
3076 5760 3301 5832 justitiis
3330 5761 3465 5828 suis,
