4006 6338
500 385 504 390 .
531 330 638 386 963

1346 324 1673 380 IIINCSIAIII
1715 323 1929 378 RIIEM.
1973 322 2291 378 ARCI‘IIEP.
2334 324 2700 381 OPUSCUIA
2743 325 2975 382 VARIA.

3680 335 3775 393 964

519 449 577 494 et
607 437 798 494 fecerit
823 436 1075 492 delictum
1106 450 1230 506 quia
1259 450 1364 490 non
1387 434 1676 489 distiuxisti
1701 435 1774 499 ei,
1805 434 1857 488 id
1882 443 1966 489 est
1989 449 2096 488 non
2129 437 2172 494 Α
2205 432 2420 502 (Matth.
2451 449 2584 500 xxn,
2615 435 2728 507 21).
2761 436 2816 490 In
2849 437 3050 493 auxilio
3081 439 3246 510 igitur
3275 440 3614 511 prabeamus
3639 462 3777 503 arma

521 531 705 585 dixisti
733 529 860 598 quid
895 529 966 582 sit
997 526 1314 588 cavendum,
1347 541 1450 579 non
1485 525 1808 580 retinebitur
1839 524 2098 580 memoria

514 619 739 688 iustitiae
765 617 904 686 ejus,
934 627 988 672 et
1017 616 1330 684 sanguinem
1363 615 1478 690 ejus
1503 615 1569 669 de
1604 631 1765 669 manu
1795 624 1881 670 tua
1913 615 2104 684 exqui-

519 725 656 762 ram.
682 707 760 761 Tu
782 716 960 761 autem
989 705 1033 759 si
1064 705 1267 759 dixeris
1285 704 1433 774 justo
1457 714 1514 759 ut
1538 720 1643 759 non
1677 713 1885 773 peccet,
1909 713 1964 758 et
1988 705 2102 773 ipse

519 815 625 853 non
664 796 988 867 peccaverit,
1016 795 1194 863 justus
1223 797 1333 849 vita
1375 796 1519 850 vivet
1555 796 1680 864 quia
1718 795 1901 850 dixisti
1939 795 2010 860 ei,
2047 802 2103 848 et

520 898 575 943 tu
609 889 842 942 animam
890 895 1033 940 tuam
1067 885 1344 940 liberabis.
1395 906 1413 938 ι
1453 886 1522 940 Ει
1552 886 1812 940 Dominus
1845 886 1896 940 in
1930 886 2103 940 Evan-

518 979 694 1050 gelio:
727 976 853 1043 Qui,
877 977 1070 1046 inquit,
1109 993 1188 1031 me
1232 978 1497 1032 erubuerit
1539 987 1588 1030 et
1638 994 1776 1032 meos
1817 993 2100 1042 sermones,

499 1073 653 1125 4mm:
672 1069 844 1125 Filius
865 1069 1091 1124 hominis
1105 1070 1386 1135 erubescet,
1411 1088 1527 1124 cum
1554 1070 1743 1124 venerit
1768 1070 1819 1121 in
1837 1068 2104 1137 majestate

517 1177 636 1223 sua,
665 1171 712 1214 et
740 1160 939 1225 Patris,
968 1170 1015 1214 et
1039 1170 1340 1214 sanctorum
1368 1161 1669 1231 angelorum
1705 1159 1858 1230 (Luc.
1885 1176 1959 1222 ιχ,
1986 1158 2101 1227 26).

591 1252 719 1306 Car.
761 1251 822 1304 II.
857 1251 1022 1322 Igitur
1052 1252 1294 1305 dicamus
1322 1251 1511 1316 libere,
1541 1251 1747 1306 Domini
1773 1251 2102 1315 sacerdotes,

519 1357 641 1409 quae
691 1341 942 1394 dicuntur
988 1341 1245 1395 notabilia
1282 1349 1337 1395 et
1386 1341 1830 1411 reprehensibilia
1880 1341 1946 1394 de
1979 1355 2106 1410 rege

489 1449 496 1456 ο
521 1441 728 1496 nostro,
760 1440 814 1485 et
840 1447 958 1502 qure
999 1433 1251 1487 dicuntur
1281 1432 1566 1486 laudabilia
1609 1433 1873 1502 promissa
1898 1433 1966 1489 de
1996 1433 2109 1487 fra-

523 1531 604 1576 tre
633 1521 747 1588 ejus
773 1523 970 1576 domno
1006 1538 1131 1593 rege
1161 1522 1453 1587 Ludovico,
1481 1525 1571 1593 qui
1605 1533 1862 1578 venturus
1887 1539 2104 1579 asseve-
2174 1515 2180 1521 ’

522 1621 673 1665 ratur
708 1614 759 1666 in
793 1614 895 1667 hoc
943 1628 1164 1683 regnum
1213 1611 1400 1667 fratris
1429 1613 1532 1676 sui,
1566 1621 1623 1667 ut
1649 1628 1769 1682 quze
1798 1611 1966 1667 frater
1991 1612 2106 1682 ejus

521 1700 576 1754 in
609 1715 676 1755 eo
701 1715 982 1770 perperam
1019 1702 1128 1772 egit
1159 1701 1273 1770 ipse
1322 1703 1580 1772 corrigat,
1611 1710 1665 1757 et
1691 1704 1832 1772 quod
1870 1717 1967 1772 per
2011 1717 2104 1757 ne-

2201 522 2406 588 divina,
2442 522 2668 592 jejunia,
2711 527 3006 592 orationes,
3059 527 3350 600 lacrymas,
3384 530 3780 600 imploratioues

2200 615 2268 668 ad
2309 623 2617 671 sanctorum
2667 616 2947 688 suffragia,
2991 628 3046 673 et
3092 619 3288 674 auxilia
3334 623 3516 676 divina
3566 639 3666 693 per
3694 643 3784 684 nos

2200 715 2520 776 nostrasque
2533 709 2838 776 parochias,
2861 719 2919 763 ut
2942 725 3049 764 non
3079 708 3389 765 effundatur
3403 715 3625 785 sanguis
3641 714 3786 771 Chri-

2201 795 2410 860 stianus
2439 796 2744 851 seditionali
2773 799 3073 853 certamine
3110 800 3250 854 inter
3283 799 3485 856 fratres
3513 812 3566 856 et
3593 819 3786 876 mgna-

2204 893 2288 940 tos
2333 895 2496 956 atque
2543 889 2893 957 propinquos,
2943 890 3083 945 sicut
3123 891 3237 960 jam
3293 891 3459 948 fuisse
3508 893 3708 950 factum
3738 899 3785 952 in

2202 973 2504 1029 Fontauido
2535 976 2809 1041 dolemus,
2865 985 2921 1032 et
2969 979 3034 1032 de
3083 981 3336 1035 omnibus
3389 981 3636 1037 hostibus
3684 994 3790 1039 tam

2203 1065 2526 1120 Christianis
2570 1083 2730 1136 quam
2761 1069 3014 1138 paganis,
3047 1085 3146 1139 per
3171 1079 3487 1126 sanctorum
3519 1076 3713 1130 merita
3741 1088 3794 1132 et

2207 1155 2648 1223 intercessiones,
2682 1157 2774 1212 det
2800 1158 3059 1214 Dominus
3083 1161 3347 1230 propitius
3373 1177 3563 1231 pacem
3595 1164 3650 1218 in
3677 1167 3791 1222 die-

2204 1245 2306 1300 bus
2331 1246 2551 1310 nostris,
2577 1255 2635 1300 ut
2655 1263 2756 1316 ope
2780 1249 3162 1305 misericordia:
3185 1266 3296 1306 sua:
3319 1253 3510 1323 adjuti,
3532 1264 3590 1308 et
3609 1270 3640 1308 a
3669 1272 3792 1326 pec-

2206 1344 2327 1390 cato
2357 1336 2526 1391 simus
2551 1351 2763 1407 semper
2789 1338 2967 1404 liberi,
2997 1349 3050 1394 et
3079 1341 3147 1395 ab
3192 1342 3340 1396 omni
3387 1343 3796 1412 perturbatione

2207 1438 2405 1480 εθειπι.

2277 1513 2406 1568 CAP.
2433 1513 2498 1568 V.
2523 1513 2578 1569 Si
2603 1515 2745 1568 enim
2767 1523 2953 1571 contra
2974 1532 3214 1588 paganos
3233 1519 3429 1575 bellum
3463 1521 3796 1590 immineret,

2207 1605 2493 1660 consilium
2526 1608 2780 1662 daremus
2817 1607 3161 1664 bellatoribus
3187 1612 3416 1675 nostris,
3452 1622 3509 1666 et
3544 1613 3794 1671 hortare-

2210 1711 2334 1750 mur
2358 1712 2453 1752 eos
2481 1697 2974 1765 adhortationibus,
2999 1715 3135 1770 quas
3162 1702 3215 1754 in
3238 1701 3434 1758 litteris
3463 1705 3799 1762 ecclesiasti-

520 1789 836 1860 gligentiam
868 1789 1035 1844 frater
1063 1789 1181 1857 ejus
1217 1791 1455 1855 admisit,
1489 1791 1601 1860 ipse
1630 1806 1727 1861 per
1767 1790 2102 1860 diligentiam
2135 1789 2180 1849 Β
2209 1783 2289 1840 eis
2319 1784 2561 1856 legimus.
2595 1786 2750 1842 Nunc
2793 1797 2971 1844 autem
2993 1830 3007 1855 ,
3055 1791 3181 1860 quia
3221 1791 3400 1855 CiVile.
3427 1802 3484 1848 cl
3517 1795 3803 1867 plusquam

525 1882 816 1936 emendare
842 1890 1112 1950 procuret.
1137 1881 1414 1948 Quatenus
1436 1882 1480 1936 si
1504 1895 1600 1936 rex
1629 1891 1814 1937 noster
1833 1897 1894 1937 ea
1918 1881 2109 1952 legerit

521 1985 641 2039 quae
658 1972 723 2024 de
741 1969 830 2024 illo
854 1971 1122 2034 dicuntur,
1137 1971 1180 2026 si
1199 1986 1324 2026 vera
1347 1980 1472 2028 sunt
1494 1971 1581 2026 illa
1600 1972 1911 2043 corrigat,si
1929 1983 2108 2028 autem

526 2075 652 2114 vera
697 2075 800 2114 nou
833 2068 978 2124 sunt,
1032 2062 1096 2116 de
1130 2070 1326 2117 caetero
1371 2063 1655 2119 admittere
1683 2075 1892 2120 caveat.
1926 2065 1983 2120 Si
2013 2081 2109 2120 au-

524 2161 628 2204 tem
657 2162 709 2204 et
739 2149 904 2206 frater
929 2151 1046 2218 ejus
1073 2152 1303 2208 domnus
1329 2152 1635 2211 Ludovicus
1662 2170 1726 2210 ea
1752 2155 1960 2226 legerit,
1989 2169 2110 2226 qua:

523 2241 589 2294 de
621 2240 786 2296 fratre
813 2241 953 2297 illius
979 2243 1232 2297 dicuntur
1260 2245 1519 2298 notabilia
1567 2255 1780 2311 caveat,
1811 2253 1866 2300 et
1893 2259 2014 2314 quas
2045 2245 2112 2300 de

525 2333 615 2387 illo
640 2332 929 2387 laudabilia
958 2335 1348 2405 promittuntur
1373 2337 1594 2407 exsequi
1623 2338 1855 2393 studeat.
1886 2335 1994 2391 Nos
2015 2352 2111 2391 au-

525 2435 630 2479 tem
676 2426 911 2496 episcopi
959 2434 1013 2479 et
1050 2427 1196 2498 regni
1229 2427 1512 2496 primores,
1567 2428 1864 2483 secundum
1892 2428 2112 2483 ordines

522 2524 759 2579 nostros,
792 2515 845 2569 in
880 2515 1141 2586 majorum
1169 2516 1413 2571 doctrina
1429 2531 1525 2570 seu
1551 2517 1835 2586 exemplis,
1869 2517 2000 2586 quid
2023 2532 2114 2573 no-

523 2605 609 2659 bis
635 2605 993 2673 sequendum,
1017 2605 1212 2674 quidve
1238 2605 1538 2660 cavendum
1567 2607 1654 2668 sit,
1687 2607 2110 2677 conspiciamus.

591 2693 721 2749 CAP.
755 2693 840 2748 Ill.
871 2695 937 2749 Et
965 2696 1346 2766 praetermissis
1373 2696 1493 2752 aliis
1527 2696 1992 2754 vicissitudinibus
2035 2700 2113 2754 al-

524 2784 884 2839 tereationum
916 2785 983 2840 de
1013 2799 1210 2857 regno,
1244 2786 1387 2841 inter
1415 2787 1687 2858 principes
1733 2797 1949 2844 nostros
1978 2798 2112 2844 tem-

521 2874 743 2944 poribus
793 2875 994 2929 nostris
1042 2874 1244 2930 habitis
1293 2885 1417 2930 ante
1462 2877 1562 2932 hos
1605 2879 1880 2934 sexdecim
1919 2894 2112 2946 annos,

523 2963 739 3032 quando
767 2979 862 3018 rex
890 2972 1076 3019 noster
1098 2964 1332 3020 domnus
1349 2963 1574 3021 Carolus
1595 2978 1650 3022 et
1680 2968 1906 3024 donmus
1939 2967 2112 3024 Ludo-

525 3051 677 3104 vicus
705 3051 972 3116 cominus,
1017 3053 1332 3121 przeparatis
1371 3054 1626 3123 utrinque
1655 3064 1987 3111 armatorum
2017 3073 2113 3111 cu-

2212 1875 2372 1930 civile
2419 1876 2618 1931 bellum
2664 1878 2805 1933 inter
2849 1879 3188 1936 Christianos
3233 1883 3437 1938 instare
3493 1886 3800 1955 opinamur,

2213 1969 2434 2026 Patrum
2479 1973 2772 2030 innitentes
2815 1977 3079 2047 vestigiis,
3117 1981 3397 2038 videamus
3425 1983 3557 2053 quid
3588 1983 3656 2038 ad
3687 1985 3804 2040 hac

2212 2065 2284 2118 sit
2309 2065 2464 2120 nobis
2487 2069 2775 2138 agendum.
2801 2068 3033 2127 Sanctus
3059 2075 3376 2130 Ambrosius
3401 2077 3454 2131 in
3485 2077 3714 2148 epistola
3736 2079 3805 2133 ad

2213 2172 2456 2213 sororem
2487 2199 2501 2223 ,
2557 2175 2712 2215 suam
2761 2162 3044 2218 historiam
3101 2169 3534 2234 persecutionum
3581 2183 3807 2225 suarum
3858 2199 3868 2239 η,

2213 2263 2466 2314 narrans,
2505 2249 2646 2304 inter
2673 2259 2868 2307 caetera
2907 2254 3040 2308 dicit
3066 2256 3234 2324 (epist.
3263 2259 3352 2328 55)
3389 2277 3402 2312 :
3442 2258 3805 2325 «'Domiuica,
3866 2281 3880 2288 ·

2211 2339 2602 2408 post'lectiones
2617 2349 2777 2411 atque
2792 2352 3099 2412 tractatum,
3113 2334 3352 2404 dimiss's
3373 2351 3804 2417 catechumenis,

2214 2431 2519 2502 symbolum
2564 2433 2837 2503 aliquibus
2889 2440 3318 2507 competentibus
3366 2442 3419 2495 in
3467 2442 3809 2512 baptisteriis

2216 2523 2494 2580 tradebam
2541 2525 2800 2582 basilicze.
2850 2527 2961 2582 Illic
2990 2530 3292 2585 nuntiatum
3337 2540 3420 2587 est
3456 2533 3609 2598 mihi,
3639 2547 3804 2587 como

2215 2623 2371 2680 perto
2399 2614 2542 2682 quod
2569 2615 2635 2668 ad
2665 2613 2977 2670 Portianam
3005 2619 3282 2675 basilicam
3309 2621 3376 2676 de
3411 2621 3614 2691 palatio
3641 2621 3810 2676 deca-

2214 2719 2314 2758 nos
2343 2704 2623 2760 misissent
2651 2713 2708 2759 ut
2735 2706 2850 2760 vela
2901 2709 3313 2778 suspenderent,
3357 2709 3541 2781 pepuli
3587 2721 3810 2781 partem

2212 2811 2278 2850 eo
2299 2811 2545 2868 pergere.
2579 2799 2690 2869 Ego
2731 2810 2912 2855 tamen
2966 2803 3139 2857 mansi
3192 2804 3244 2857 in
3293 2820 3530 2870 munere,
3578 2806 3809 2860 missam

2217 2886 2398 2942 facere
2423 2887 2586 2958 cmpi.
2622 2887 2759 2944 Dum
2785 2889 2975 2957 offero,
3003 2903 3214 2963 raptum
3244 2895 3465 2965 cognovi
3524 2911 3556 2948 a
3601 2896 3810 2966 popqu

2215 2976 2499 3032 Castulum
2545 2981 2860 3050 quemdam,
2907 2998 3066 3052 quem
3122 2986 3495 3058 presbyterum
3557 2986 3812 3042 dicerent

2217 3064 2423 3120 Ariani.
2453 3065 2606 3122 Hunc
2630 3078 2812 3124 autem
2840 3071 2892 3124 iu
2928 3071 3105 3140 platea
3135 3072 3473 3129 offenderant
3516 3084 3813 3130 transeun-

526 3140 643 3194 neis
686 3147 741 3194 et
780 3141 978 3196 erectis
1010 3141 1242 3208 vexillis,
1275 3157 1432 3198 secus
1467 3144 1642 3200 locum
1670 3146 1761 3216 qui
1789 3145 1996 3202 Breona
2023 3148 2106 3202 di-
2137 3128 2180 3189 Ο
2217 3163 2318 3210 tes.
2369 3157 2724 3215 Amarissime
2773 3159 2922 3228 flere,
2969 3172 3025 3218 et
3075 3179 3233 3219 orare
3289 3166 3341 3218 in
3387 3166 3497 3236 ipsa
3527 3165 3814 3222 oblatione

524 3230 667 3283 citur
694 3240 1088 3297 convenerunt,
1137 3233 1368 3303 populus
1398 3235 1488 3304 qui
1521 3251 1642 3290 cum
1687 3237 1888 3293 domno
1920 3236 2114 3294 Carolo

526 3327 649 3372 erat
673 3333 734 3373 ex
762 3327 915 3388 parte
939 3319 1175 3374 maxima
1207 3321 1355 3375 illum
1385 3323 1622 3393 reliquit,
1651 3325 1837 3396 sicque
1863 3326 2112 3382 eumdem

526 3424 709 3480 regem
753 3409 1004 3465 Carolum
1055 3410 1228 3479 pridie
1273 3411 1396 3466 ldus
1442 3413 1760 3470 Novembris
1795 3417 1917 3472 inde
1963 3418 2115 3473 abire

526 3499 725 3567 coegit.
759 3497 943 3554 Tertio
985 3507 1164 3554 autem
1201 3515 1386 3557 mense
1419 3501 1612 3558 Carolo
1644 3515 1971 3572 revertente,
2021 3508 2115 3578 qui

527 3605 650 3643 cum
680 3590 876 3644 domno
906 3591 1180 3647 Ludovico
1210 3601 1401 3658 erant,
1441 3594 1510 3648 ab
1541 3609 1607 3649 eo
1649 3598 1900 3666 separati,
1945 3607 2000 3653 et
2026 3614 2116 3654 so-

526 3677 706 3733 litario
757 3694 892 3747 pene
945 3679 1168 3748 relicto,
1221 3682 1534 3752 insequente
1582 3684 1730 3740 illum
1785 3685 2008 3755 Carolo,
2049 3690 2117 3745 de

527 3785 665 3841 pago
699 3770 1044 3828 Laudunensi
1072 3775 1139 3829 ad
1167 3775 1385 3845 propria
1421 3777 1598 3832 redire
1643 3777 1992 3834 destitutione
2019 3795 2114 3835 sua

527 3859 791 3915 fecerunt.
836 3860 987 3918 Nunc
1017 3873 1219 3930 autem,
1251 3865 1377 3934 quia
1419 3865 1652 3923 domnus
1682 3867 1908 3924 Carolus
1931 3885 2032 3924 nos
2061 3879 2116 3926 et

532 3965 756 4020 regnum
792 3955 930 4008 istud
967 3966 1157 4024 sponte
1188 3957 1401 4027 reliquit
1428 3967 1485 4013 et
1520 3960 1574 4014 in
1607 3959 1813 4015 Italiam
1853 3963 2113 4031 perrexit,

527 4042 758 4100 domnus
789 4054 974 4101 noster
997 4045 1300 4103 Ludovicus
1329 4049 1618 4106 multorum
1645 4053 1832 4109 oribus
1865 4054 2114 4125 accipere

529 4147 754 4201 regnum
813 4135 954 4190 istud
1004 4136 1271 4193 hostiliter
1321 4149 1586 4197 venturus
1634 4153 2006 4211 asseveratur,
2060 4154 2116 4201 et

525 4220 754 4276 domnus
782 4222 1010 4278 Carolus
1033 4225 1352 4281 bellatorum
1384 4230 1553 4295 acies,
1586 4247 1722 4300 quas
1756 4233 1962 4305 vulgari
1993 4249 2110 4290 ser-

525 4323 683 4364 mone
710 4325 894 4366 scaras
923 4329 1199 4380 vocamus,
1232 4317 1519 4387 dispositas
1539 4361 1552 4386 ,
1575 4329 1633 4376 et
1659 4322 1860 4378 eisdem
1893 4324 2112 4382 aciebus

525 4400 788 4468 primores
831 4403 1113 4472 deputatas
1157 4407 1225 4460 ad
1274 4410 1634 4466 resistendum
1686 4413 1840 4469 fratri
1874 4431 1992 4481 suo,
2042 4434 2110 4473 ne

525 4502 748 4557 regnum
797 4491 935 4546 illius
965 4508 1231 4565 occupare
1261 4498 1458 4566 valeat,
1509 4501 1709 4558 habere
1755 4507 1974 4575 dicitur,
2014 4511 2103 4580 qui

519 4578 764 4647 jussione
789 4584 971 4638 uxoris
1001 4601 1129 4652 suae,
1159 4603 1280 4643 cum
1304 4589 1412 4646 ﬁlio
1435 4607 1532 4648 suo
1558 4593 1848 4664 Ludovico,
1880 4578 2102 4672 regnum

524 4683 679 4722 suum
710 4672 777 4726 ab
804 4675 1053 4731 omnibus
1081 4685 1187 4733 tam
1218 4679 1540 4740 Christianis
1569 4703 1730 4757 quam
1757 4694 1978 4763 paganis
2009 4697 2104 4751 ho‘

523 4759 716 4825 stibus,
748 4776 869 4844 cum
897 4767 1122 4822 consilio
1148 4779 1204 4824 et
1232 4772 1434 4828 auxilio
1475 4759 1850 4847 epis‘c0poruni
1898 4798 1963 4838 ac
1999 4801 2103 4840 cre-

525 4858 762 4907 terorum
819 4857 1252 4914 consiliariorum
1296 4878 1518 4918 suorum
1569 4867 1879 4938 defendant,
1931 4875 2100 4930 donec

522 4940 636 5030 ipse
663 4945 857 5015 adepto
886 4964 1051 5020 regno
1087 4953 1152 5006 ad
1187 4955 1329 5022 quod
1361 4957 1734 5027 accipiendum
1785 4963 1901 5030 ivit,
1952 4967 2106 5021 auxi-

523 5029 688 5088 liante
715 5035 941 5092 Domino
971 5050 1275 5097 revertatur
1302 5044 1355 5098 in
1385 5061 1536 5116 pace.

591 5124 720 5182 Cu.
753 5127 842 5184 IV.
872 5129 984 5198 Qua
1009 5132 1076 5186 de
1103 5149 1161 5189 re
1189 5137 1344 5192 nobis
1378 5140 1647 5211 episcopis
1673 5145 1806 5200 satis
1835 5148 2099 5215 agendum

521 5224 627 5284 est,
654 5233 724 5273 ne
753 5220 808 5275 in
831 5224 1078 5290 consilio,
1104 5229 1248 5297 quod
1276 5245 1304 5283 a
1331 5232 1486 5289 nobis
1533 5237 1842 5306 reipublicae
1870 5242 2098 5299 ministri

521 5325 818 5369 secundum
857 5315 1036 5372 domui
1083 5322 1227 5390 regis
1269 5327 1579 5382 mandatum
1631 5331 1905 5398 petierint,
1937 5350 1966 5387 a
1999 5352 2097 5391 no-

520 5411 638 5459 stro
677 5404 978 5464 ministerio
1006 5412 1335 5480 excidamus,
1373 5427 1428 5472 et
1473 5436 1542 5476 ne
1579 5421 1644 5476 de
1673 5424 1894 5490 auxilio,
1923 5441 2097 5496 quan-

523 5504 634 5551 tum
661 5499 810 5554 Deus
837 5501 1124 5573 unicuique
1151 5517 1394 5565 nostrum
1426 5527 1584 5581 posse
1628 5515 1856 5581 dederit,
1906 5519 2096 5574 absce-

519 5585 731 5654 damus,
757 5601 1042 5661 sequentes
1070 5600 1394 5655 sententiam
1429 5602 1635 5658 Domini
1667 5607 1896 5663 dicentis
1921 5628 1933 5664 :
1958 5610 2100 5664 Red-

521 5672 626 5726 dite
650 5692 765 5745 qua:
809 5691 926 5732 sunt
957 5682 1183 5742 Ca’saris
1229 5689 1448 5756 Cwsari,
1490 5705 1536 5746 et
1563 5712 1678 5760 qua:
1706 5710 1825 5751 sunt
1857 5700 1948 5754 Dei
1990 5701 2099 5756 Deo

2216 3247 2383 3304 Deum
2419 3251 2560 3321 οωρί
2594 3261 2650 3305 ut
2683 3253 3015 3319 subveniret,
3040 3271 3106 3311 ne
3135 3255 3288 3326 cujus
3312 3259 3528 3328 sanguis
3552 3258 3604 3312 in
3631 3273 3814 3314 causa

2214 3338 2468 3395 Ecclesiae
2497 3342 2836 3408 fieret,certe
2867 3353 2925 3398 ut
2951 3360 3104 3401 meus
3125 3349 3344 3419 sanguis
3369 3365 3466 3419 pro
3493 3349 3672 3404 salute
3699 3367 3814 3406 non

2216 3431 2386 3485 solum
2409 3433 2612 3502 populi,
2640 3435 2734 3489 sed
2769 3435 2933 3490 etiam
2973 3452 3072 3506 pro
3104 3438 3234 3508 ipsis
3271 3439 3448 3508 impiis
3491 3437 3810 3496 effundere-

2222 3532 2330 3579 tur.
2365 3524 2502 3592 Quid
2533 3525 2733 3580 multa?
2784 3526 2962 3583 Missis
3005 3531 3336 3602 presbyteris
3383 3540 3439 3586 et
3482 3531 3809 3588 diaconibus

2215 3616 2388 3686 eripui
2421 3614 2630 3684 injuria:
2655 3617 2854 3673 virum.
2886 3638 2905 3670 ι

2287 3705 2416 3762 ΟΜ».
2445 3706 2532 3761 Vl.
2574 3707 2733 3762 Paria
2778 3719 2834 3763 et
2871 3710 3088 3766 beatum
3123 3711 3484 3783 Augustinum
3521 3714 3588 3769 de
3617 3713 3808 3770 Dona-

2219 3795 2358 3850 tistis
2387 3795 2628 3851 fidelium
2683 3800 3119 3867 persecutoribus
3164 3801 3398 3856 sensisse
3442 3802 3694 3872 legimus.
3742 3805 3807 3860 Et

2216 3896 2436 3941 sanctus
2460 3887 2752 3959 Gregorius
2782 3889 2836 3944 in
2865 3890 3083 3946 homilia
3123 3891 3398 3964 Evangelii
3455 3894 3614 3962 (hom.
3648 3894 3726 3948 27
3754 3897 3808 3949 ῑιι

2216 3974 2448 4048 Evang.)
2502 3994 2516 4031 :
2574 3997 2592 4028 ‹
2638 3978 2777 4045 Una,
2826 3980 3124 4050 inquit,,et
3179 3997 3389 4037 summa
3429 3991 3513 4038 est
3553 3984 3806 4055 probatio

2216 4068 2520 4133 charitatis,
2568 4069 2613 4124 si
2660 4080 2714 4124 et
2743 4071 2854 4140 ipse
2882 4071 3145 4142 diligitur,
3169 4073 3260 4142 qui
3291 4075 3628 4129 adversatur.
3666 4075 3804 4134 Hinc

2214 4168 2328 4224 est,
2356 4161 2500 4231 quod
2543 4161 2657 4232 ipsa
2696 4161 2908 4219 Veritas
2937 4174 2990 4219 et
3019 4166 3198 4221 crucis
3225 4167 3521 4238 patibulum
3547 4171 3802 4236 sustinet,

2213 4257 2268 4302 et
2298 4258 2475 4304 tamen
2505 4251 2619 4321 ipse
2639 4253 2752 4308 suis
2765 4256 3200 4324 persecutoribus
3219 4257 3470 4314 allectum
3492 4260 3804 4320 dilectionis

2214 4339 2474 4410 impendit
2511 4343 2734 4399 dicens:
2761 4343 2940 4411 Pater,
2981 4348 3188 4416 ignosre
3233 4348 3361 4414 illis,
3399 4351 3526 4420 quia
3565 4355 3802 4409 nesciunt

2142 4432 2337 4531 unid
2371 4431 2572 4502 faciunt
2623 4433 2776 4506 (Luc.
2807 4436 3098 4509 amni“).
3145 4438 3282 4505 Quid
3327 4454 3458 4511 ergo
3511 4443 3713 4497 mirum
3757 4445 3800 4499 si

2213 4521 2462 4577 inimicos
2491 4523 2718 4594 diligant
2747 4525 2874 4580 dum
2901 4527 3108 4592 vivunt,
3133 4529 3349 4597 quando
3376 4539 3429 4584 et
3460 4539 3592 4586 tunc
3627 4531 3798 4604 diligit

2212 4612 2468 4682 magister
2494 4613 2739 4670 inimicos
2767 4631 2887 4670 cum
2911 4618 3214 4673 occiditur?
3250 4639 3267 4670 ι
3319 4619 3410 4675 Sic
3456 4630 3512 4675 et
3568 4621 3796 4693 Stepha-

2210 4716 2337 4754 num
2364 4699 2623 4757 Bomanze
2650 4703 2792 4758 sedis
2818 4705 3125 4773 pontificem
3151 4707 3327 4777 egisse
3369 4708 3426 4762 in
3464 4711 3639 4778 gestis
3684 4711 3792 4780 ejus

2209 4790 2455 4861 legimus,
2480 4793 2694 4861 quando
2717 4794 2785 4848 ad
2806 4794 3092 4864 Pippinum
3123 4798 3176 4850 in
3201 4797 3488 4852 Franciam
3515 4802 3667 4854 venit
3700 4818 3790 4871 pro

2210 4878 2268 4933 S.
2302 4881 2446 4936 Petri
2473 4883 2700 4952 justitiis
2749 4899 2910 4954 super
2954 4885 3333 4958 Haistulphum
3381 4904 3568 4960 regem
3611 4895 3789 4946 nefan-

2209 4967 2488 5024 dissimmn
2524 4972 2850 5028 obtinendis.
2894 4973 3029 5029 Nam
3070 4992 3193 5031 cum
3221 4978 3454 5048 inclytus
3481 4995 3576 5034 rex
3607 4980 3786 5050 Pippi-

2209 5075 2310 5114 nus
2341 5076 2440 5115 nec
2468 5064 2738 5131 precibus,
2769 5081 2871 5121 nec
2898 5081 3178 5122 munerum
3210 5069 3579 5127 oblationibus
3611 5081 3785 5142 posset

2209 5151 2452 5206 oblinere
2481 5154 2620 5221 apud
2648 5154 2930 5226 prazfalum
2975 5173 3152 5226 regem
3194 5160 3448 5228 quiddam
3495 5162 3565 5216 de
3618 5164 3781 5216 saluti

2206 5242 2356 5314 Petri
2383 5243 2627 5312 justitiis,
2655 5249 2954 5303 exercitum
2982 5252 3240 5304 adversus
3269 5267 3392 5305 eum
3443 5255 3634 5308 movit.
3685 5255 3781 5307 Sed

2137 5401 2150 5412 '
2206 5349 2342 5404 papa
2381 5345 2633 5404 sanctus,
2663 5354 2730 5393 ne
2775 5341 2994 5412 sanguis
3038 5339 3407 5397 effunderetur
3453 5343 3781 5399 Christiano-

2203 5441 2347 5491 rum,
2378 5428 2775 5485 admonitiones
2819 5439 2874 5484 et
2911 5431 3315 5488 obsecrationes
3342 5435 3665 5504 apostolicas
3693 5427 3810 5512 ero;

2203 5518 2408 5583 Itibuit,
2439 5529 2494 5575 et
2537 5523 2678 5592 apud
2731 5523 2986 5578 domuum
3035 5526 3319 5596 Pippinum
3368 5527 3620 5580 obtinuit.
3678 5527 3804 5606 Sed.

2203 5608 2499 5667 Ilaistttlfus
2551 5617 2802 5684 superbia
2858 5619 3029 5673 elatus
3075 5634 3236 5688 super
3274 5617 3534 5685 Francos,
3579 5621 3666 5690 qui
3710 5619 3769 5671 ad

2205 5703 2504 5758 custodiam
2550 5708 2890 5778 propriarum
2919 5710 3208 5764 secundum
3238 5710 3539 5781 jussionem
3573 5711 3763 5780 Pippini
