4006 6338
112 431 235 488 965
674 393 678 394 ⁷
791 425 794 428 ‘

1157 410 1244 466 DE
1284 408 1441 465 FIDE
1473 404 1752 464 CAROLO
1785 403 1953 490 REGI
1994 406 2387 467 SERVAND.\.

3301 423 3408 482 906

111 551 409 608 clusarum
434 546 713 602 venerant,
746 536 915 591 fidens
958 533 1014 589 in
1058 547 1155 587 sua
1200 527 1482 585 ferocitate
1533 525 1713 581 subito
1740 527 1792 585 Α
1817 523 2021 578 Breona
2070 543 2318 598 pergens,
2348 540 2400 585 et
2442 545 2544 585 non
2589 532 2858 589 desolatus
2903 535 3230 607 relinquens,
3285 551 3406 610 post

111 641 386 711 aperiens
431 635 631 698 clusas,
670 642 832 698 super
876 639 971 680 eos
1022 621 1256 678 diluculo
1301 637 1425 676 cum
1472 616 1718 690 plurimis

112 708 292 788 irruit
334 723 683 785 exercitibus.
732 719 839 774 Sed
873 717 1051 786 justus
1086 713 1255 768 Judex
1289 714 1545 767 Dominus
1577 708 1716 762 Deus

76 809 89 815 ’
113 835 175 880 et
212 822 472 878 Salvator
493 822 676 871 uoster
699 810 857 866 Jesus
880 807 1127 862 Christus
1175 803 1457 858 victoriam
1504 799 1717 870 paucis-

115 915 286 970 simis
343 910 450 965 illis
499 905 687 960 tribuit
735 899 980 964 Francis,
1023 907 1079 951 et
1124 893 1519 950 multitudinem
1568 890 1715 944 illam

115 975 611 1074 Longobardorum
640 1001 959 1064 superantes
1009 987 1434 1047 trucidaverunt,
1484 990 1538 1038 et
1589 981 1713 1074 lIai-

119 1073 330 1154 stulfus
366 1093 547 1162 fugam
586 1085 836 1157 arripuit,
864 1091 918 1136 et
947 1097 977 1136 a
1022 1079 1246 1150 Pippin
1287 1082 1573 1145 superatus
1605 1073 1714 1126 Deo

121 1188 354 1258 auSpice
381 1183 503 1238 fuit.

197 1279 334 1332 CAP.
367 1273 474 1331 Vll.
505 1270 868 1326 Exhibeamus
895 1265 1058 1320 etiam
1081 1260 1449 1330 unusquisque
1471 1265 1712 1312 nostrum

121 1385 228 1442 pro
256 1367 468 1424 viribus
497 1369 687 1419 contra
713 1373 904 1415 omnes
929 1358 1113 1412 hostes
1139 1364 1340 1409 sancta:
1381 1349 1634 1405 Ecclesiae
1660 1355 1716 1402 et

122 1458 394 1531 principis
419 1453 587 1510 nostri
613 1451 813 1506 milites
839 1451 906 1503 de
936 1445 1182 1503 ecclesiis
1207 1443 1428 1508 nostris,
1456 1442 1548 1512 qui
1589 1456 1710 1531 cum

123 1530 464 1618 primoribus
491 1543 557 1596 ad
585 1541 689 1595 hoc
714 1536 983 1608 deputatis
1011 1534 1284 1596 dimicent,
1329 1539 1487 1602 prout
1527 1530 1713 1585 Domi-

125 1652 233 1692 nus
263 1632 527 1690 auxilium
551 1628 778 1691 dederit,
804 1635 861 1681 et
903 1623 1181 1694 cooperari
1233 1622 1482 1693 dignatus
1529 1618 1710 1684 fuerit,

128 1727 275 1783 unde
305 1727 444 1781 sicut
467 1721 631 1776 fuerit
658 1719 905 1774 voluntas
933 1716 986 1770 in
1019 1714 1158 1770 coelo
1183 1714 1262 1769 sic
1286 1713 1397 1766 fiat.
1416 1709 1712 1766 Consilium

127 1826 314 1872 autem
346 1815 400 1868 in
436 1809 738 1879 hujusmodi
771 1806 1174 1878 congressione,
1204 1804 1247 1858 si
1286 1818 1316 1856 a
1351 1801 1504 1856 nobis
1534 1799 1714 1869 requi-

1821 615 2036 686 aliquod
2074 627 2283 697 tempus
2319 637 2566 679 reversus
2605 624 2706 680 fuit
2741 645 2754 681 :
2788 627 2913 682 licet
2935 644 3098 683 causa
3141 641 3325 690 nostra
3371 650 3404 688 a

1820 721 1980 761 causa
2013 707 2246 775 illorum,
2293 728 2428 780 quos
2479 723 2602 770 tunc
2645 718 2944 789 redarguit,
2977 721 3110 775 satis
3141 723 3408 778 habeatur

1819 798 2113 854 dissimilis.
2146 800 2278 855 Nam
2314 821 2410 858 nos
2435 823 2754 878 quacunque
2784 811 2930 864 ducti
2971 812 3284 882 cupiditate,
3318 815 3402 868 vel

1820 888 1959 958 turpi
1994 890 2143 943 lucro
2169 891 2352 956 illecti,
2385 909 2560 964 regem
2588 897 2751 950 alium
2785 899 2837 952 in
2864 916 3084 971 regnum
3114 901 3292 967 istud,
3330 905 3404 958 si-

1816 989 1904 1031 cut
1935 979 2006 1032 illi
2037 980 2296 1045 fecerunt,
2342 999 2447 1037 non
2477 985 2844 1054 iuvitavimus,
2880 1006 3055 1061 neque
3090 1008 3269 1065 regem
3312 1011 3403 1050 no-

1817 1076 1985 1122 strum
2025 1070 2370 1140 reliquimus,
2411 1083 2464 1128 et
2493 1076 2647 1131 alteri
2698 1095 2796 1134 nos
2833 1082 3036 1151 absque
3075 1088 3402 1144 necessitate

1817 1160 2160 1226 contulimus,
2189 1164 2281 1217 sed
2317 1180 2347 1218 a
2381 1182 2505 1237 rege
2537 1178 2721 1224 nostro
2750 1171 2942 1238 relicti,
2971 1186 3025 1230 et
3051 1177 3274 1234 alterius
3307 1197 3401 1250 p0-

1817 1253 2000 1306 testati
2032 1256 2294 1323 expositi,
2320 1273 2419 1312 nos
2440 1257 2645 1326 judicio
2674 1263 2816 1334 regis
2853 1279 3038 1336 regum
3070 1282 3396 1339 exspectan-

1816 1353 1898 1396 tes
1946 1345 2337 1402 commisimus.
2396 1347 2502 1403 Sed
2552 1351 2693 1406 inter
2739 1355 2852 1410 lucc
2912 1365 2968 1410 et
3019 1360 3253 1428 undique
3304 1377 3403 1418 nos

1816 1435 2173 1491 circumstant
2195 1440 2476 1510 angustiae.
2509 1441 2564 1496 Si
2604 1445 2746 1498 enim
2778 1447 2952 1502 relicti
2993 1465 3024 1504 a
3064 1466 3188 1522 rege
3215 1462 3402 1511 nostro

1815 1527 2244 1595 supervenientis
2297 1531 2440 1601 regis
2501 1536 2758 1602 potestati
2817 1553 2916 1593 nos
2969 1541 3400 1610 contulerimus,

1813 1631 1960 1671 mors
1994 1617 2148 1673 nobis
2169 1627 2285 1686 est;
2314 1621 2359 1674 si
2381 1629 2561 1675 autem
2579 1638 2685 1678 non
2715 1627 3006 1697 egerimus,
3033 1630 3404 1692 Ecclesiarum

1815 1716 2120 1765 nostrarum
2159 1719 2214 1766 et
2248 1712 2430 1768 ovium
2473 1717 2630 1771 nobis
2674 1720 3089 1777 commissarum
3146 1727 3406 1784 custodite

1820 1799 2101 1869 invigilare
2131 1805 2492 1874 nequibimus,
2518 1816 2574 1862 et
2596 1817 2691 1864 aut
2715 1827 2861 1867 nunc
2887 1812 2941 1868 in
2965 1829 3183 1869 manum
3212 1832 3403 1888 super-

127 1908 323 1964 sierint
345 1904 614 1976 primores
643 1898 1049 1968 acierum,quia
1077 1896 1338 1966 scriptum
1361 1902 1444 1948 est
1477 1910 1490 1946 :
1527 1890 1707 1944 Domi-
1740 1882 1786 1942 Β
1813 1895 2026 1949 venturi
2061 1896 2225 1966 regis,
2266 1905 2360 1952 aut
2405 1899 2449 1954 si
2489 1915 2584 1954 rex
2614 1910 2798 1957 noster
2824 1918 3076 1965 reversus
3127 1882 3311 1974 fuerit,
3345 1909 3402 1965 in

127 2021 225 2060 nus
252 2001 474 2069 dissipat
501 1994 718 2051 consilia
745 1993 998 2064 gentium,
1031 1989 1268 2060 reprobat
1306 1997 1480 2041 autent
1514 1984 1714 2056 cogita-

124 2096 294 2148 tiones
350 2085 683 2159 populorum,
734 2091 782 2137 et
837 2080 1076 2152 reprobat
1131 2079 1350 2133 consilia
1394 2077 1710 2147 principum,

124 2179 404 2236 consilium
430 2183 606 2230 autem
648 2171 860 2226 Domini
904 2169 960 2223 in
1003 2178 1255 2223 aeternum
1308 2174 1481 2220 manet
1538 2162 1710 2236 (Psal.

123 2287 302 2337 χχιιι,
333 2269 442 2338 10),
469 2265 613 2337 quod
643 2261 914 2320 salubrius
945 2259 1050 2315 illis
1076 2256 1364 2314 consilium
1411 2256 1540 2312 dare
1588 2269 1714 2326 pos—

119 2366 318 2429 simus,
347 2375 511 2432 quam
547 2357 692 2428 quod
719 2354 980 2410 Dominus
1008 2353 1062 2408 in
1103 2350 1392 2419 Evangelio
1423 2357 1710 2416 monstrat,

122 2456 372 2514 invenire
399 2451 703 2522 nequimus.
736 2448 888 2514 Quis,
925 2446 1122 2516 inquit,
1155 2461 1248 2499 rea;
1280 2445 1450 2497 iturus
1477 2442 1714 2496 commit-

123 2560 232 2603 tere
259 2545 448 2602 bellum
471 2544 725 2605 adversus.
750 2540 914 2594 alium
941 2553 1131 2608 regem,
1161 2551 1330 2590 nonne
1357 2534 1540 2588 sedens
1564 2533 1712 2602 prius

124 2649 411 2712 computat,
443 2639 489 2692 si
525 2637 686 2707 possit
711 2650 829 2688 cum
858 2633 1029 2686 decem
1059 2628 1288 2683 millibus
1316 2642 1586 2681 occurrere
1629 2623 1709 2690 ei,

126 2737 216 2806 qui
238 2749 356 2786 cum
389 2730 568 2800 viginti
605 2725 832 2780 millibus
863 2724 996 2777 venit
1025 2721 1092 2775 ad
1121 2721 1216 2774 se?
1260 2717 1493 2788 alioquin
1538 2716 1712 2770 adhuc

126 2825 219 2880 illo
256 2823 405 2892 longe
451 2828 632 2891 agente
678 2816 987 2889 legationem
1029 2813 1236 2866 mittens
1289 2819 1440 2881 rogat
1480 2827 1540 2864 ea
1593 2824 1712 2879 qua:

124 2919 270 2988 pacis
299 2924 419 2970 sunt
450 2912 600 2983 (Luc.
628 2925 737 2973 xtv,
762 2907 873 2976 3i).

196 3005 326 3060 CAP.
371 3002 497 3056 \‘lll.
535 2999 670 3068 Quia
701 2997 858 3068 longe
893 3003 1017 3050 ante
1055 3008 1154 3048 nos
1195 2993 1260 3046 de
1293 2992 1380 3046 his
1407 2989 1499 3060 qui
1526 2987 1712 3044 anxie-

127 3096 332 3154 tatibus
361 3101 414 3147 et
448 3090 755 3162 ingentibus
801 3085 957 3141 malis
1002 3093 1343 3154 premuntur,
1375 3081 1539 3136 etiam
1570 3079 1711 3149 apud

126 3187 375 3244 nationes
405 3184 591 3238 tritum
621 3179 761 3251 vulgi
813 3192 1062 3233 sermone
1113 3174 1453 3246 proverbium
1497 3189 1510 3226 :
1563 3170 1712 3225 Inter

127 3278 370 3334 malleum
397 3283 583 3330 suntet
611 3271 872 3335 incudem,
900 3268 1147 3339 legimus,
1165 3275 1220 3321 et
1246 3279 1344 3319 nos
1372 3264 1438 3318 de
1460 3261 1710 3331 frequen-

132 3371 272 3426 tibus
295 3378 629 3439 paganorum
661 3358 1094 3416 infestationibus
1123 3367 1178 3410 et
1216 3354 1429 3410 caeteris
1467 3353 1714 3406 anxieta-

132 3461 295 3524 tibus,
327 3456 524 3526 quibus
553 3452 754 3508 diutius
779 3447 1099 3520 premimur,
1130 3445 1310 3500 verbis
1337 3454 1634 3508 taceamus,
1657 3449 1714 3496 et

132 3547 419 3621 gemitibus
444 3559 508 3598 ac
537 3541 783 3610 suspiriis
812 3537 1194 3593 exclamemus.
1226 3534 1370 3589 Inter
1401 3533 1537 3587 duos
1561 3545 1715 3601 reges
1743 3529 1753 3538 ’

135 3655 295 3697 carne
323 3637 544 3700 fratres,
574 3635 639 3688 de
683 3633 787 3687 hoc
835 3645 1003 3699 regno
1044 3629 1096 3683 in
1143 3643 1250 3698 quo
1297 3625 1543 3698 degimus
1572 3631 1717 3678 sata-

134 3733 403 3806 gentibus,
433 3728 575 3784 velut
616 3727 761 3782 inter
808 3723 1058 3778 malleum
1085 3729 1142 3776 et
1169 3721 1419 3775 incudem
1438 3760 1454 3784 ,
1478 3718 1716 3790 episcopi

136 3838 343 3879 sumus.
390 3819 448 3876 Si
495 3818 662 3882 enim,
705 3815 832 3886 quia
884 3812 1108 3869 secessit
1162 3811 1374 3882 longius
1404 3811 1458 3866 in
1491 3824 1715 3880 regnum

137 3914 280 3969 aliud
332 3926 426 3966 rex
483 3916 689 3972 noster,
739 3906 792 3959 in
837 3903 1073 3958 adventu
1128 3900 1504 3972 superventuri
1552 3900 1717 3970 regis,

138 4003 395 4060 ecclesias
417 4008 630 4056 nostras
649 4009 1080 4068 quaquaversum
1103 3992 1318 4048 nemine
1338 3999 1716 4061 persequente,

139 4098 222 4154 vel
243 4093 634 4166 praeiudicium,
659 4099 716 4143 ut
740 4088 958 4153 dicitur,
985 4085 1183 4141 inferre
1214 4083 1489 4149 moliente,
1514 4082 1721 4154 fugien-

142 4196 220 4242 tes
252 4182 678 4245 discesserimus,
708 4187 764 4235 et
810 4192 911 4234 nos
959 4177 1026 4232 ad
1071 4173 1446 4244 superventuri
1499 4171 1719 4227 tutelam

143 4277 284 4346 regis
312 4290 418 4329 non
443 4270 853 4334 contulerimus,
880 4267 1179 4338 praesertim
1204 4307 1219 4331 ,
1251 4279 1373 4320 cum
1419 4277 1718 4333 superven-

139 4377 294 4422 turus
319 4380 434 4429 rex,
459 4371 519 4418 ut
546 4361 741 4427 fertur,
773 4360 916 4416 dicat
947 4373 1007 4412 se
1039 4373 1145 4411 non
1182 4355 1371 4410 venire
1397 4353 1464 4408 ad
1494 4368 1719 4423 regnum

142 4455 527 4522 invadendum,
573 4452 666 4509 sed
716 4452 785 4506 ad
841 4451 1160 4506 destitutum
1221 4444 1614 4503 restituendum
1667 4453 1723 4500 et

1737 3231 1782 3292 C

1813 1999 2008 2041 manus
2030 1985 2178 2042 illius
2201 1988 2520 2045 incidemus.

1880 2073 2008 2130 CAP.
2043 2076 2109 2132 X.
2138 2077 2206 2132 Et
2229 2077 2359 2148 quid
2390 2080 2456 2136 ad
2479 2083 2703 2151 apostoli
2733 2083 2956 2142 Joannis
2985 2087 3150 2144 verba
3181 2105 3404 2161 respon-

1812 2165 2056 2223 debimus
2086 2168 2314 2224 dicentis
2355 2188 2368 2224 :
2408 2170 2513 2237 Qui
2550 2173 2674 2228 dicit
2719 2191 2774 2230 se
2813 2177 2870 2230 in
2914 2176 3124 2233 Christo
3165 2196 3400 2248 manere,
3471 2228 3490 2243 .

1811 2257 1958 2312 debet
1976 2260 2111 2312 sicut
2137 2260 2225 2315 ille
2253 2261 2534 2318 ambulavit
2556 2274 2605 2318 et
2637 2266 2748 2336 ipse
2777 2267 3048 2323 ambulare
3075 2268 3125 2341 (I
3148 2269 3292 2326 Joan
3335 2288 3398 2341 ll,

1812 2349 1888 2419 6);
1926 2352 2018 2421 qui
2047 2353 2180 2408 dicit
2213 2371 2226 2408 :
2259 2355 2408 2410 Sicut
2441 2358 2581 2412 novit
2608 2375 2688 2412 me
2725 2359 2919 2424 Pater,
2957 2371 3005 2416 et
3047 2378 3142 2432 ego
3171 2381 3404 2434 agnosco

1813 2438 2047 2509 Patrem,
2064 2454 2113 2498 et
2135 2446 2364 2499 animant
2383 2463 2548 2501 meam
2563 2464 2697 2517 pono
2719 2465 2813 2522 ρῳ
2827 2451 3006 2504 ovibus
3027 2453 3194 2506 meis?
3217 2453 3398 2523 (Joan.

1815 2550 1870 2598 x,
1901 2534 2012 2605 15.)
2057 2534 2136 2589 Ac
2176 2535 2221 2590 si
2261 2548 2479 2605 aperte,
2515 2539 2688 2606 inquit
2726 2539 3018 2611 Gregorius
3049 2543 3210 2613 (hom.
3248 2543 3315 2596 14
3347 2545 3402 2600 in

1811 2622 2064 2695 Evang.),
2091 2626 2235 2681 dicat
2272 2644 2287 2681 :
2317 2627 2374 2681 In
2398 2627 2499 2683 hoc
2529 2636 2743 2684 constat
2769 2630 2893 2700 quia
2919 2638 2975 2685 et
2997 2645 3268 2702 cognosco
3297 2631 3403 2687 Pa-

1815 2725 1950 2771 trem
1973 2726 2339 2788 etcognoscor
2364 2733 2393 2772 a
2430 2718 2611 2783 Patre,
2633 2722 2758 2790 quia
2784 2722 3021 2776 animam
3053 2737 3228 2778 meam
3257 2739 3402 2793 pono

1811 2823 1910 2877 pro
1934 2808 2125 2864 ovibus
2149 2810 2301 2873 meis,
2343 2811 2393 2866 id
2419 2821 2522 2876 est,
2553 2828 2615 2868 ea
2642 2813 2925 2877 charitate,
2955 2828 3060 2884 qua
3086 2829 3186 2886 pro
3209 2815 3404 2870 ovibus

1812 2899 2049 2965 morior,
2078 2908 2341 2971 quantum
2364 2901 2579 2958 Patrem
2604 2904 2820 2974 diligam
2849 2904 3098 2959 ostendo.
3147 2905 3213 2959 Et
3257 2905 3400 2960 idem

1775 3014 1791 3025 -
1810 2989 2067 3060 praefatus
2081 2991 2356 3062 apostolus
2369 2991 2605 3048 Joannes
2617 2993 2748 3049 dicit
2771 2992 2822 3066 (1
2845 2993 3007 3048 Joan.
3032 2992 3096 3065 ιι)
3115 3008 3130 3047 :
3149 2993 3252 3060 Qui
3276 2995 3402 3048 dicit

1810 3097 1866 3134 se
1889 3097 2039 3135 nosse
2064 3081 2254 3148 Deum,
2282 3091 2328 3136 et
2353 3084 2603 3136 mandata
2627 3085 2739 3153 ejus
2771 3101 2872 3138 non
2895 3085 3153 3148 custodit,
3177 3085 3404 3139 mendam

1812 3182 1909 3226 est.
1945 3171 2133 3227 Melius
2156 3181 2240 3228 est
2281 3173 2448 3242 igitur
2494 3189 2592 3229 nos
2631 3175 2871 3230 incidere
2913 3175 2968 3229 in
3011 3190 3203 3230 manus
3229 3174 3407 3229 homi-

1815 3281 1966 3330 num,
1985 3265 2028 3320 si
2046 3265 2188 3320 Deus
2209 3266 2280 3320 ita
2299 3266 2623 3336 permiserit,
2638 3282 2800 3337 quam
2815 3266 3190 3336 derelinquere
3209 3265 3404 3337 legem,

1817 3357 1870 3412 id
1898 3365 1980 3412 est
2001 3357 2314 3411 mandatum
2345 3357 2470 3422 Dei,
2504 3365 2566 3410 ut
2603 3371 2709 3411 non
2741 3357 3056 3412 deseramus
3081 3371 3212 3411 oves
3249 3355 3406 3411 nobis

1816 3462 1848 3501 a
1876 3447 1986 3502 Deo
2007 3446 2324 3502 commissas
2343 3486 2358 3513 ,
2387 3447 2478 3515 qui
2500 3447 2736 3502 animam
2770 3461 2926 3503 suam
2951 3447 3132 3517 posuit
3156 3460 3256 3516 pro
3285 3447 3406 3504 ovi-

1815 3537 1918 3593 bus
1954 3539 2088 3593 suis.
2135 3539 2193 3592 lu
2219 3553 2326 3608 quo
2360 3547 2578 3594 ostensa
2608 3548 2692 3593 est
2728 3538 2885 3594 nobis
2921 3539 3032 3606 via,
3071 3553 3177 3609 qua
3207 3554 3408 3610 sequa-

1817 3645 1972 3695 mur,
2021 3631 2264 3702 apposita
2331 3629 2502 3685 forma
2554 3631 2641 3686 cui
2693 3631 3086 3702 imprimamur.
3139 3632 3406 3690 Debemus

1818 3736 1946 3791 ergo
1969 3730 2024 3776 et
2059 3735 2160 3776 nos
2183 3761 2198 3785 ,
2231 3720 2275 3775 si
2307 3736 2527 3777 necesse
2557 3721 2758 3787 fuerit,
2787 3737 2888 3792 pro
2915 3722 3178 3780 fratribus
3205 3725 3408 3780 nostris

1819 3811 2031 3866 animas
2079 3820 2293 3866 nostras
2333 3826 2533 3882 ponere
2605 3820 2660 3866 et
2708 3828 2814 3867 non
2867 3827 2996 3869 oves
3046 3822 3260 3870 nostras
3313 3814 3408 3870 de-

1820 3915 2024 3956 serere.
2609 3887 2612 3891 ’
3397 3943 3400 3946 ί

1890 3991 2038 4047 CAP.‘
2061 3989 2153 4045 XI.
2193 3989 2350 4048 Nunc
2379 4002 2561 4048 autem
2585 3993 2819 4064 qualiter
2837 4009 3062 4064 regnum
3087 3995 3230 4050 istud
3255 3997 3409 4052 undi-

1822 4097 1926 4151 que
1941 4098 1970 4136 a
1983 4081 2216 4153 Paganis
2234 4093 2290 4137 et
2313 4082 2465 4139 falsis
2485 4084 2826 4149 Christianis,
2844 4086 3050 4141 scilicet
3071 4086 3406 4153 Britonibus,

1822 4174 1894 4228 sit
1918 4174 2411 4247 circumscriptum,
2438 4184 2498 4230 et
2520 4185 2578 4230 ut
2595 4177 2666 4230 ita
2692 4177 2957 4242 dicamus,
2980 4178 3229 4232 viscerali
3261 4193 3406 4234 com-

1824 4265 2063 4322 motione
2095 4267 2161 4321 de
2189 4267 2273 4322 his
2307 4267 2399 4337 qui
2430 4266 2740 4337 aliquandiu
2773 4269 2827 4322 in
2849 4283 2914 4324 eo
2944 4270 3128 4325 lideles
3156 4286 3221 4326 ac
3246 4271 3407 4328 utiles

1824 4357 1924 4413 visi
1955 4357 2170 4412 fuerant
2198 4357 2488 4421 exstitisse,
2517 4359 2974 4428 sitperturbatum
3003 4377 3016 4413 :
3045 4369 3098 4413 et
3130 4375 3250 4429 quae
3278 4376 3406 4416 cou-

1824 4446 1958 4502 ditio
1999 4446 2067 4502 de
2094 4447 2276 4519 regnis
2313 4456 2569 4516 nepOtum
2597 4462 2817 4502 suorum
2848 4447 2991 4504 inter
3017 4448 3166 4503 illum
3191 4459 3252 4508 .et
3289 4448 3402 4504 fra-

141 4546 561 4612 defendendum,
583 4552 636 4599 et
655 4557 843 4614 pacem
870 4539 1218 4611 aejustitiam
1249 4539 1302 4594 in
1329 4552 1394 4593 eo
1424 4551 1721 4639 procuran-
1744 4577 1798 4639 Β
1829 4544 1961 4591 trem
2004 4536 2122 4607 ejus
2155 4536 2224 4592 sit
2262 4545 2603 4592 sacramento
2635 4538 2864 4602 firmata,
2900 4539 3106 4594 utinam
3139 4548 3231 4595 aut
3257 4541 3407 4612 igno-

142 4645 288 4708 dam,
316 4648 371 4695 et
397 4646 598 4695 sancta:
636 4634 894 4690 Ecclesia:
923 4647 988 4688 ac
1013 4631 1130 4702 ejus
1166 4628 1542 4686 sacerdotibus
1568 4625 1719 4682 debi-

144 4747 258 4793 tum
287 4736 546 4789 honorem
575 4744 638 4784 ac
665 4725 1034 4783 defensionem
1061 4722 1438 4787 exhibendam,
1467 4730 1523 4777 et
1542 4735 1640 4776 nos
1665 4726 1720 4775 et

143 4841 273 4883 oves
322 4822 478 4880 nobis
532 4820 836 4876 commissae
889 4815 1184 4886 periclitari
1238 4811 1560 4868 videbimur.
1610 4811 1719 4866 Nos

143 4915 380 4987 quidem,
407 4911 534 4984 quia
559 4926 664 4966 non
705 4917 950 4980 pastores
979 4906 1071 4962 sed
1105 4905 1448 4970 mercenarii,
1483 4911 1539 4958 et
1578 4903 1720 4972 apud

147 5013 310 5067 Deum
327 5020 381 5064 et
399 5008 538 5080 apud
562 5008 804 5063 homines
820 5005 1184 5076 judicabimur
1199 5021 1213 5057 :
1229 5018 1358 5060 oves
1372 5013 1550 5058 autem
1565 5003 1720 5059 nobis

147 5102 468 5166 commissa,
497 5101 621 5170 quia
659 5101 776 5154 sine
819 5107 1035 5168 pastore
1081 5097 1339 5151 errabunt
1381 5094 1464 5150 vel
1516 5095 1722 5164 disper-

148 5202 362 5264 gentur,
389 5200 442 5247 et
463 5191 744 5246 facultates
765 5188 1169 5253 ecclesiastica},
1204 5187 1400 5258 quibus
1427 5187 1720 5241 sustentari

150 5284 362 5347 debent,
388 5281 534 5336 velut
560 5280 761 5335 relicta:
798 5280 912 5333 sine
938 5277 1272 5343 custodibus,
1305 5277 1629 5346 diripientur
1657 5293 1722 5333 ac

147 5373 518 5434 vastabuntur,
550 5371 593 5426 si
625 5369 853 5424 defuerit
885 5368 1055 5423 virtus
1084 5368 1361 5438 principis,
1393 5368 1544 5438 cujus
1570 5376 1722 5438 pote-

149 5473 288 5520 state
317 5462 690 5525 defendantur,
719 5461 797 5516 vel
847 5459 1119 5524 custodes,
1151 5458 1239 5527 qui
1279 5473 1378 5527 pro
1425 5458 1618 5513 ovibus
1666 5469 1721 5514 et

148 5568 334 5610 earum
391 5551 660 5606 alimoniis
714 5550 944 5621 principi
991 5558 1048 5606 et
1113 5549 1384 5606 defensori
1437 5564 1501 5606 ac
1555 5551 1720 5606 tutori

149 5644 402 5703 Ecclesia:
426 5653 732 5714 suggerant.

219 5735 347 5792 ΟΑΡ.
386 5733 477 5790 IX.
519 5734 577 5789 Si
605 5742 782 5789 autem
819 5749 914 5789 rex
941 5741 1126 5789 noster
1155 5748 1405 5789 reversus
1431 5733 1612 5800 fuerit,
1643 5734 1724 5790 in-

156 5820 428 5884 ﬁdelitatis
452 5841 552 5883 nos
585 5834 792 5898 arguet,
823 5827 958 5882 sicut
983 5825 1245 5889 quosdam
1272 5825 1418 5892 fecit,
1446 5828 1663 5897 quando
1693 5846 1723 5884 a

1822 4634 2055 4692 raretur,
2106 4634 2199 4680 aut
2243 4626 2383 4682 inter
2427 4642 2520 4683 eos
2567 4629 2682 4698 ipsa
2719 4629 2956 4684 conditio
2995 4641 3323 4698 servaretur,
3355 4641 3406 4688 et

1821 4732 1997 4786 neque
2035 4717 2301 4773 discordia
2344 4718 2706 4774 Ecclesiarum
2739 4721 3018 4791 prtesules,
3057 4733 3111 4778 et
3154 4727 3296 4780 servi
3343 4741 3407 4781 ac

1821 4808 2032 4866 ancillae
2058 4809 2270 4864 Domini
2301 4810 2762 4880 inquietarentur,
2789 4822 2845 4869 et
2867 4813 3208 4870 Christianus
3235 4832 3407 4885 popu-

1820 4901 1905 4956 lus
1949 4900 2292 4972 alﬂigeretur,
2337 4918 2400 4956 ac
2447 4903 2588 4957 inter
2627 4904 2775 4975 regni
2830 4905 3096 4974 primores
3145 4906 3407 4960 viseerale

1822 4992 2017 5047 bellum
2039 4992 2363 5064 insurgeret,
2383 5001 2436 5048 et
2459 4994 2662 5063 rapina:
2685 5010 2752 5049 ac
2775 4994 3199 5063 depraedationes
3224 5010 3403 5050 rermn

1823 5089 2316 5145 ecclesiasticarum
2342 5130 2356 5154 ,
2384 5097 2546 5160 atque
2582 5090 2805 5144 divitum
2829 5105 2921 5144 seu
2944 5104 3240 5159 pauperum
3275 5105 3403 5145 cou-

1822 5181 2132 5254 ﬂagrarent.
2169 5182 2240 5237 At
2275 5182 2318 5238 si
2357 5199 2453 5253 pro
2490 5183 2573 5236 liis
2597 5181 2752 5236 dictis
2783 5183 2923 5250 (qua:
2954 5196 3060 5235 non
3092 5195 3189 5249 pro
3218 5177 3404 5236 inﬁde-

1823 5274 1975 5330 litate
1995 5275 2297 5344 principum
2321 5283 2626 5328 nostrorum
2651 5273 2717 5327 ad
2741 5271 3167 5342 suggillationem
3191 5287 3400 5336 eormn,

1822 5366 1914 5420 sed
1946 5381 2044 5435 pro
2085 5365 2322 5436 periculo
2347 5378 2534 5419 eorum
2561 5377 2683 5416 cum
2711 5362 2894 5417 dolore
2931 5376 2995 5417 ac
3030 5364 3230 5432 gemitu
3266 5362 3404 5418 dici-

1829 5458 1972 5530 mus)
2021 5458 2174 5512 nobis
2217 5455 2588 5511 sacerdotibus
2633 5455 2715 5508 vis
2764 5453 2943 5522 aliqua
2998 5469 3026 5507 a
3081 5466 3405 5523 quocunque

1829 5551 1994 5606 fuerit
2037 5549 2214 5612 illata,
2259 5548 2400 5602 sicut
2445 5545 2660 5615 quidam
2711 5543 2942 5615 Sapiens
2967 5544 3122 5608 di-xit,
3167 5545 3406 5599 feramus

1828 5658 1983 5714 aequo
2010 5642 2208 5705 animo,
2237 5649 2293 5695 et
2319 5647 2536 5693 utamur
2567 5635 2684 5692 foro
2704 5677 2718 5702 ,
2749 5636 2918 5692 donec
2947 5636 3148 5692 invicta
3177 5635 3406 5694 felicitas

1831 5737 1992 5792 linem
2020 5732 2176 5787 malis
2205 5732 2466 5801 imponat.

1901 5829 2027 5884 Car.
2069 5823 2182 5878 Xll.
2225 5821 2437 5878 Scimus
2457 5819 2598 5874 enim
2621 5821 2832 5876 dicente
2854 5820 3126 5891 Apostolo,
3149 5820 3406 5890 quoniam
