4010 6330
586 338 688 395 967

1404 334 1735 392 HINCMARI
1770 333 1987 390 RHEM.
2024 331 2343 399 ARCHIEP.
2384 331 2747 388 OPUSCULA
2795 333 3026 390 VARIA.

3737 338 3833 396 968

571 451 765 510 Omnes
804 451 893 524 qui
923 451 1005 521 pie
1044 449 1218 505 volunt
1249 450 1412 505 vivere
1441 449 1849 521 persecutionem
1885 449 2158 519 patiamur
2183 449 2231 508 Α
2262 456 2347 500 tor
2368 462 2472 501 non
2494 446 3255 518 denuntiassesutquovcllem
3271 448 3839 519 pergerem.Quotidie

568 541 655 613 (ll
692 541 827 596 Tim.
862 556 940 601 ιιι.
980 540 1089 611 12).
1119 539 1223 594 Sed
1257 538 1427 608 (Rom.
1456 556 1568 601 vm,
1610 539 1698 604 18)
1744 554 1847 592 non
1882 545 2001 592 sunt
2028 552 2151 590 con-

567 632 740 704 digna:
785 632 1051 702 passiones
1093 629 1253 700 hujus
1298 632 1543 699 temporis
1598 629 1667 682 ad
1723 638 2150 697 superventuram

567 721 809 793 gloriam,
845 736 962 792 qua:
990 718 1301 773 revelabitur
1327 721 1380 773 in
1402 718 1571 773 nobis.
1607 719 1673 772 Et
1693 719 1950 773 Dominus
1976 717 2149 769 beatos

565 826 662 868 eos
682 812 812 867 dicit
830 812 921 881 qui
944 811 1349 880 persecutionem
1369 811 1641 881 patiuntur
1664 820 1872 880 propter
1888 808 2151 878 justitiam

567 901 783 971 (Matth.
835 915 890 965 v,
930 900 1039 971 10).
1086 899 1269 970 Neque
1311 901 1457 955 enim
1501 901 1850 973 dubitandum
1898 909 1981 954 est
2025 898 2148 967 quia

564 991 756 1046 beatus
781 988 1017 1045 Joannes
1054 989 1295 1061 Baptism
1315 1031 1330 1057 ,
1367 1001 1427 1045 ut
1452 1006 1548 1060 pro
1578 990 1953 1067 Redemptoris
1979 988 2148 1043 nostri

564 1094 725 1149 quem
755 1080 1121 1150 praecurrebat
1160 1080 1489 1146 testimonio,
1520 1094 1797 1135 carcerem
1840 1087 1895 1133 et
1935 1077 2150 1133 vincula

564 1172 843 1237 sustinuit,
871 1186 969 1240 pro
997 1170 1114 1241 ipso
1139 1180 1193 1226 et
1224 1172 1457 1225 animam
1481 1171 1679 1242 posuit,
1711 1170 1797 1226 cui
1824 1186 1930 1225 non
1955 1176 2039 1224 est
2063 1169 2149 1224 di-

564 1272 715 1317 ctum
751 1279 783 1317 a
808 1273 1155 1334 persecutore
1183 1271 1243 1319 ut
1268 1262 1541 1318 Christum
1569 1271 1810 1333 negaret,
1838 1262 1931 1317 sed
1956 1263 2151 1316 verita-

564 1359 672 1407 tem
698 1352 982 1417 reticeret,
1020 1359 1076 1405 et
1110 1358 1291 1406 tamen
1332 1366 1432 1421 pro
1460 1350 1678 1407 Christo
1708 1351 1983 1406 occubuit.
2012 1350 2149 1418 Quia

562 1443 707 1499 enim
743 1442 991 1498 Christus
1026 1441 1141 1511 ipse
1163 1441 1278 1495 ait:
1310 1442 1421 1512 Ego
1457 1458 1572 1496 sum
1606 1440 1796 1495 veritas
1818 1439 2000 1512 (Joan.
2033 1455 2147 1508 xxv,

561 1534 641 1606 6),
666 1534 788 1589 ideo
814 1534 999 1603 utique
1026 1548 1126 1604 pro
1154 1532 1391 1600 Christo,
1418 1535 1544 1604 quia
1565 1549 1663 1605 pro
1684 1534 1913 1588 veritate
1939 1532 2153 1605 sangui-

561 1639 686 1679 nem
709 1622 868 1690 fudit,
896 1631 1212 1678 constanter
1236 1624 1420 1679 dicens
1451 1624 1563 1694 regi
1591 1641 1603 1678 :
1636 1623 1761 1678 Non
1785 1622 1903 1677 licet
1931 1623 2022 1676 tibi
2054 1623 2150 1676 ha-

561 1715 678 1770 bere
708 1731 923 1769 uxorem
965 1716 1197 1771 viventis
1245 1715 1428 1785 fratris
1471 1715 1548 1769 tui
1577 1714 1771 1787 (Marc.
1818 1731 1893 1781 v1,
1930 1714 2035 1786 18).
2083 1713 2150 1767 Et

560 1819 682 1870 nos,
726 1804 773 1858 si
819 1803 946 1873 quia
986 1802 1235 1869 dicimus,
1266 1804 1409 1873 quod
1452 1811 1506 1858 et
1557 1818 1587 1857 a
1626 1802 1850 1872 plebeiis
1889 1803 2146 1871 conqueri
2180 1791 2223 1850 Β

561 1894 827 1966 audimus,
868 1894 1122 1963 quoniam
1162 1909 1269 1948 non
1314 1900 1628 1962 oportuerat
1671 1908 1852 1967 regem
1900 1901 2145 1947 nostrum

560 1999 787 2056 regnum
816 1984 990 2049 istud,
1025 1999 1057 2038 a
1093 1983 1320 2055 paganis
1353 1984 1588 2053 undique
1627 1982 2052 2046 circumdatum,
2093 1989 2149 2036 et

560 2075 703 2131 intra
738 2082 1069 2130 commotum
1099 2083 1156 2130 et
1195 2090 1302 2129 non
1343 2074 1594 2139 solidum,
1629 2073 1929 2128 inconsulte
1959 2072 2144 2127 diruit-

559 2175 705 2232 tere,
747 2180 813 2220 ac
841 2180 979 2235 quos
1023 2165 1286 2237 regendos
1327 2174 1381 2220 et
1427 2163 1792 2220 defendendos
1817 2162 2023 2234 judicio
2047 2162 2144 2219 Dei

562 2256 821 2326 suscepit,
848 2265 902 2311 et
930 2256 1023 2326 qui
1065 2258 1133 2310 ad
1158 2256 1262 2311 hoc
1303 2255 1379 2310 illi
1407 2269 1465 2310 se
1493 2255 2036 2319 commendaverunt,
2064 2269 2146 2309 re-

559 2347 805 2417 linquere
847 2362 912 2403 ae
970 2349 1244 2413 deserere,
1286 2356 1341 2403 et
1393 2348 1517 2417 quia
1561 2347 1820 2411 dicimus,
1884 2362 1989 2402 non
2048 2349 2141 2402 dc-

559 2439 689 2494 bere
732 2438 956 2494 fratrem
1018 2450 1199 2494 suum.
1233 2454 1455 2507 regnum
1508 2438 1660 2509 ejus,
1728 2447 1849 2509 post
1904 2440 2142 2509 praestita

558 2529 702 2583 illle
728 2542 823 2583 COS
853 2536 1194 2582 sacramenta
1213 2568 1227 2593 ,
1265 2544 1385 2597 quae
1414 2543 1508 2582 rex
1532 2538 1746 2594 noster,
1787 2536 2046 2598 quantum
2075 2542 2144 2583 ex

559 2617 677 2687 ipso
698 2623 801 2681 est,
833 2630 1052 2671 servare
1081 2630 1139 2671 se
1166 2614 1304 2672 velle
1337 2616 1486 2682 dicit,
1513 2615 2026 2684 invadere,'aliquod
2054 2616 2139 2669 in-

556 2704 900 2761 commodum
924 2704 1072 2774 passi
1096 2703 1378 2770 fuerimus,
1402 2704 1673 2776 patienter
1700 2704 1847 2758 illata
1870 2714 2144 2774 portemus

557 2807 657 2864 pro
681 2792 918 2858 Christo,
940 2794 1066 2864 quia
1092 2809 1191 2864 pro
1212 2794 1438 2849 veritate
1465 2793 1553 2847 illa
1581 2793 1992 2858 sustinebimus,
2017 2795 2139 2848 imi-

558 2892 762 2939 tatores
777 2900 875 2953 pro
897 2884 1113 2939 modulo
1136 2893 1322 2939 nostro
1341 2899 1529 2940 eorum
1557 2884 1646 2953 qui
1668 2884 1812 2937 ibant
1837 2883 2139 2954 gaudentes,

556 2976 802 3047 quoniam
824 2976 969 3045 digni
1006 2975 1170 3028 habiti
1198 2985 1318 3029 sunt
1356 2991 1451 3045 pro
1482 2974 1692 3028 nomine
1720 2973 1849 3028 Jesu
1872 2984 2147 3055 contume:

559 3067 684 3120 liam
714 3068 822 3136 pati
844 3067 981 3136 (Act.
1011 3081 1075 3132 v,
1102 3067 1213 3137 41).

2254 537 2553 608 prodibant,
2574 553 2731 592 nemo
2745 553 2829 593 me
2846 538 3177 593 asservabat.
3193 537 3431 593 Debuisti
3447 554 3536 595 me
3548 555 3661 611 quo
3674 542 3839 598 volue-

2253 644 2342 684 ras
2356 629 2806 699 destinare,quem
2825 632 2939 701 ipse
2951 631 3203 685 omnibus
3213 630 3526 687 olferebam.
3545 632 3705 688 Nunc
3717 637 3837 691 mihi

2253 734 2283 773 a
2316 719 2687 775 sacerdotibus
2720 721 2933 784 dicitur,
2969 736 3077 776 non
3101 721 3325 776 multum
3353 722 3645 787 interesse,
3673 733 3839 780 utrum

2254 810 2438 865 volens
2461 811 2735 881 relinquas
2760 827 2826 865 an
2853 810 3034 867 tradas
3067 812 3241 868 altare
3267 811 3469 867 Christi
3502 832 3516 866 :
3549 830 3680 869 cum
3706 817 3840 870 enim

2252 901 2555 971 reliqueris,
2590 903 2784 957 trades.
2818 922 2835 954 ι
2877 903 2943 956 Ει
2973 903 3097 957 hinc
3125 903 3177 956 in
3207 918 3457 958 sermone
3484 905 3553 958 ad
3586 905 3838 975 populum

2254 991 2310 1045 in
2333 991 2571 1047 Ecclesia
2590 991 2764 1062 (Orat.
2781 992 2835 1046 in
2850 991 3304 1063 Auxentium,|lib.
3327 992 3575 1063 vEpist.)
3606 1013 3626 1045 ι
3650 992 3842 1050 :Vidco

2251 1098 2348 1139 vos
2378 1094 2575 1154 praeter
2596 1083 2812 1139 solitum
2839 1085 3014 1139 subito
3039 1099 3159 1138 esse
3190 1085 3436 1140 turbatos
3458 1092 3628 1155 atque
3656 1086 3842 1141 obser-

2251 1182 2442 1229 vantes
2471 1174 2597 1228 mei.
2646 1173 2813 1229 Miror
2842 1174 2972 1244 quid
3011 1175 3112 1229 hoc
3153 1175 3244 1240 sit,
3279 1175 3380 1229 nisi
3411 1175 3555 1231 forte
3593 1176 3725 1247 quia
3752 1192 3846 1246 per

2254 1265 2496 1319 tribunos
2535 1279 2621 1319 me
2660 1265 2869 1320 vidistis
2909 1274 3005 1319 aut
3033 1265 3259 1319 audistis
3287 1265 3554 1335 imperiali
3591 1268 3845 1322 mandato

2250 1366 2371 1408 esse
2398 1363 2718 1409 conventum
2743 1394 2757 1418 ,
2795 1361 2854 1407 ut
2880 1369 2987 1423 quo
3017 1353 3208 1408 vellem
3243 1354 3449 1408 abirem
3495 1355 3667 1421 hinc,
3718 1365 3773 1410 et
3798 1357 3842 1412 si

2251 1445 2344 1514 qui
2374 1444 2571 1499 vellent
2596 1444 2854 1514 sequendi
2893 1451 3215 1515 potestatem
3248 1444 3529 1500 haberent.
3573 1445 3840 1505 Metuisti:

2248 1549 2376 1606 ergo
2413 1550 2481 1589 ne
2533 1533 2825 1589 Ecelesiam
2866 1534 3170 1589 desererent
3199 1573 3215 1599 ,
3263 1544 3315 1589 et
3343 1534 3471 1589 dum
3515 1534 3682 1590 saluti
3712 1552 3842 1591 mere

2253 1625 2434 1691 timeo,
2461 1628 2556 1679 v'os
2590 1624 2986 1694 relinquerem?
3027 1623 3134 1679 Sed
3160 1624 3289 1694 quid
3316 1632 3370 1679 et
3403 1625 3519 1694 ipse
3545 1628 3842 1682 mandave-

2253 1716 2353 1769 rim
2398 1715 2650 1785 potuistis
2695 1714 3008 1780 advertere,
3048 1715 3361 1770 deserenda:
3400 1716 3661 1772 Ecclesia:
3709 1720 3841 1773 mihi

2250 1806 2578 1860 voluntatem
2626 1807 2849 1861 subesse
2882 1819 2989 1859 non
3016 1819 3199 1874 posse,
3227 1805 3351 1874 quia
3389 1806 3509 1875 plus
3546 1806 3841 1864 Dominum

2250 1896 2470 1961 mundi,
2501 1911 2663 1965 quam
2702 1895 2883 1951 saeculi
2927 1897 3088 1967 hujus
3134 1896 3511 1965 imperatorem
3563 1900 3839 1955 timerem.

2250 1982 2392 2039 Sane
2418 1985 2462 2039 si
2491 1999 2576 2039 me
2603 1986 2686 2040 vis
2707 1985 2882 2054 aliqua
2909 1985 3196 2039 abduceret
3223 1985 3293 2039 ab
3314 1985 3579 2053 Ecclesia,
3608 2004 3837 2044 carnem

2246 2090 2425 2129 meam
2452 2075 2723 2130 exturbari
2754 2089 2912 2145 posse
2934 2115 2947 2140 ,
2998 2089 3104 2129 non
3152 2083 3387 2129 mentem
3421 2094 3436 2129 :
3465 2086 3719 2146 paratum
3751 2094 3838 2135 me

2246 2178 2385 2229 esse,
2414 2172 2475 2220 ut
2502 2165 2547 2219 si
2581 2165 2668 2220 ille
2694 2164 2896 2220 faceret
2925 2165 3068 2235 quod
3095 2166 3231 2219 solet
3255 2181 3374 2221 esse
3401 2168 3562 2238 regia:
3595 2178 3838 2237 potesta-

2248 2254 2318 2310 tis
2342 2295 2357 2320 ,
2404 2270 2505 2326 ego
2549 2256 2786 2310 subirem
2832 2255 2981 2324 quod
3030 2256 3325 2311 sacerdotis
3368 2270 3488 2312 esse
3524 2260 3833 2313 consuevit.

2247 2342 2384 2411 Quid
2409 2360 2535 2413 ergo
2560 2344 2884 2399 turbamini?
2911 2342 3106 2399 Volens
3130 2360 3403 2413 nunquam
3427 2361 3521 2401 vos
3541 2347 3832 2409 deseram,

2246 2448 2463 2489 coaetus
2491 2450 2791 2504 repugnare
2834 2450 2941 2490 non
2987 2435 3146 2500 novi;
3190 2435 3370 2490 dolere
3402 2446 3611 2506 potero,
3634 2447 3833 2508 potero

2243 2524 2393 2588 ﬂere,
2426 2533 2611 2594 potero
2639 2538 2857 2595 gemere
2887 2541 2902 2577 :
2934 2524 3193 2579 adversus
3224 2540 3403 2589 arma,
3447 2524 3643 2581 milites
3663 2566 3681 2591 ,
3722 2526 3833 2581 Go-

2194 2608 2197 2613 ’
2247 2614 2367 2667 thos
2408 2628 2641 2682 quoque,
2674 2613 2927 2684 lacryma:
2976 2628 3109 2667 meae
3135 2628 3286 2667 arma
3315 2622 3482 2668 sunt:
3514 2614 3637 2668 talia
3674 2616 3830 2670 enim

2242 2702 2574 2757 munimenta
2605 2710 2733 2757 sunt
2775 2701 3095 2758 sacerdotis.
3140 2701 3311 2757 Aliter
3353 2717 3452 2773 nec
3496 2703 3694 2767 debeo,
3726 2719 3831 2759 nec

2241 2808 2458 2863 possum
2488 2794 2771 2860 resistere;
2814 2793 2997 2865 fugere
3024 2803 3202 2849 autem
3228 2801 3282 2849 et
3306 2792 3607 2864 relinquere
3630 2794 3832 2851 Ecde-

2242 2887 2376 2941 siam
2400 2902 2504 2940 non
2534 2886 2702 2951 soleo,
2729 2902 2795 2940 ne
2821 2886 2942 2957 quis
2968 2871 3232 2957 gravioris
3256 2900 3429 2954 poenae
3454 2895 3593 2941 metu
3614 2885 3827 2941 facium

2243 2975 2646 3045 interpretetur.
2680 2973 2843 3030 Scitis
2870 2982 2926 3030 et
2960 2989 3055 3029 vos
3084 2974 3205 3044 ipsi,
3239 2974 3381 3043 quod
3411 2973 3608 3028 soleam
3639 2960 3829 3046 impe-

2242 3066 2514 3120 ratoribus
2552 3063 2784 3130 deferre,
2814 3079 2920 3119 non
2964 3064 3157 3118 cedere
3191 3079 3205 3116 :
3237 3062 3505 3134 suppliciis
3529 3077 3613 3119 me
3639 3062 3827 3120 liben-

628 3156 757 3212 C.u>.
794 3156 929 3209 Xlll.
975 3154 1204 3222 Verum,
1252 3156 1414 3227 quia,
1459 3164 1520 3211 ut
1573 3155 1948 3226 praediximus,
2000 3150 2214 3214 iuterC
2246 3166 2327 3211 ter
2369 3154 2582 3212 oﬁ‘erre.
2622 3175 2641 3208 ι
2689 3156 2755 3210 Ει
2794 3163 2918 3226 post
2958 3155 3231 3225 aliquanta
3264 3172 3279 3209 :
3315 3174 3334 3206 ι
3371 3155 3557 3211 Petrus
3598 3170 3832 3227 quoque

558 3248 807 3304 malleum
856 3256 911 3302 et
948 3248 1195 3305 incudem
1243 3249 1399 3319 positi
1447 3264 1657 3314 sumus,
1701 3258 1757 3303 et
1804 3249 1946 3320 quod
2000 3250 2140 3304 inter

558 3340 809 3395 malleum
836 3347 890 3393 et
923 3339 1173 3395 incudem
1204 3340 1437 3409 ponitur,
1478 3347 1572 3394 aut
1608 3338 1875 3410 frangitur
1901 3340 1988 3394 vel
2013 3356 2140 3396 con-

557 3440 868 3502 quassatur,
914 3432 999 3486 vel
1036 3434 1353 3502 producitur
1377 3440 1432 3486 et
1457 3431 1743 3495 formatur,
1767 3431 1908 3485 sicut
1935 3431 1989 3484 in
2018 3430 2135 3484 Nu-

559 3541 831 3581 merorum
863 3525 1001 3579 libro
1031 3524 1259 3594 legimus
1285 3524 1608 3594 praecepisse
1646 3522 1930 3577 Dominum
1971 3523 2137 3593 Moysi

559 3614 750 3686 (Num.
776 3632 828 3680 ιι,
854 3615 930 3687 1),
953 3622 1011 3668 ιιι
1027 3615 1227 3670 faceret
1249 3616 1405 3670 tubas
1428 3624 1711 3685 argenteas
1734 3615 1872 3668 inter
1889 3613 2139 3669 malleum

557 3716 614 3760 et
640 3707 886 3761 incudem
919 3706 1265 3775 productiles,
1298 3722 1418 3776 qua:
1446 3705 1697 3776 clangore
1722 3720 1820 3761 suo
1849 3706 1915 3760 ad
1942 3706 2140 3761 solem-

560 3797 758 3851 nitates
789 3797 879 3851 Dei
910 3795 1164 3865 populum
1201 3797 1593 3859 exercitarent,
1620 3804 1781 3863 atque
1806 3796 2138 3851 audientium

559 3886 877 3940 auimos'ad
920 3885 1117 3939 bellum
1167 3886 1547 3940 accenderent.
1597 3884 1662 3939 Et
1711 3894 1930 3939 sanctus
1969 3884 2139 3939 David

556 3974 690 4029 dicit
715 3994 729 4028 :
752 3974 971 4029 Psallite
992 3973 1216 4028 Domino
1234 3975 1288 4027 in
1311 3972 1446 4026 tubis
1466 3971 1744 4025 ductilibus
1768 3970 1940 4044 (l’sal.
1974 3987 2134 4037 xcvtt,

564 4065 640 4137 6).
673 4064 741 4118 Et
773 4064 1064 4135 Apostolus
1091 4064 1225 4118 dicit
1265 4079 1279 4116 :
1315 4061 1647 4132 Quacunque
1675 4066 1865 4132 scripta
1891 4074 2032 4127 sunt,
2069 4062 2139 4116 ad

559 4164 791 4210 nostram
831 4153 1129 4206 doctrinam
1158 4153 1353 4221 scripta
1381 4160 1522 4215 sunt,
1552 4163 1607 4204 ut
1641 4166 1731 4220 per
1754 4150 2056 4220 patientiam
2090 4160 2137 4204 et

556 4242 961 4297 consolationem
1004 4240 1400 4310 Scripturarum
1437 4248 1579 4309 spem
1622 4239 1906 4293 habeamus
1956 4239 2134 4311 (Rom.

557 4354 649 4402 xv,
682 4338 760 4408 4).
790 4337 856 4390 Et
885 4351 900 4389 :
942 4334 1252 4389 Mementote
1281 4334 1680 4404 prwpositorum
1708 4345 2022 4401 vestrorum,
2049 4337 2137 4407 qui

558 4429 697 4484 vobis
727 4427 887 4480 locuti
915 4435 1034 4480 sunt
1054 4425 1261 4479 verbum
1280 4425 1395 4489 Dei,
1419 4441 1638 4495 quarunt
1662 4426 1917 4480 intuentes
1940 4427 2135 4480 exitum

2241 3246 2513 3318 apostolus
2539 3246 2736 3317 (Actor.
2753 3246 2852 3315 xu)
2877 3245 3155 3315 utriusque
3180 3245 3259 3300 rei
3285 3244 3434 3299 vobis
3459 3244 3601 3299 dedit
3626 3251 3836 3301 exent-

2236 3338 2407 3410 plum.
2441 3337 2572 3391 Nam
2602 3337 2691 3390 ubi
2722 3351 2845 3391 eum
2878 3336 3116 3391 Herodes
3144 3335 3393 3404 quaesivit
3425 3343 3476 3389 et
3500 3335 3693 3404 coepit,
3738 3351 3833 3392 re-

2238 3430 2381 3500 cepit
2405 3429 2456 3482 in
2481 3442 2775 3483 carcerem.
2799 3427 2914 3483 Non
2938 3428 3081 3482 enim
3106 3434 3405 3482 recesserat
3423 3426 3517 3480 Dei
3540 3427 3829 3493 servulus,

2238 3522 2332 3577 sed
2359 3529 2584 3576 steterat
2610 3520 2821 3575 timoris
2850 3521 3089 3590 ignarus.
3121 3518 3325 3575 Orabat
3348 3534 3444 3589 pro
3465 3535 3529 3574 eo
3553 3519 3825 3585 Ecclesia.

2242 3616 2338 3669 sed
2364 3613 2650 3684 Apostolus
2681 3614 2733 3668 in
2766 3626 2986 3669 carcere
3022 3612 3356 3682 quiescebat,
3393 3610 3531 3680 quod
3562 3620 3649 3665 est
3680 3612 3828 3667 indi-

2237 3707 2381 3762 cium
2410 3722 2516 3762 non
2547 3706 2806 3762 timentis.
2840 3706 3031 3761 Missus
3057 3715 3141 3760 est
3166 3703 3384 3775 angelus
3418 3703 3511 3773 qui
3538 3703 3826 3758 dormien-

2238 3805 2348 3851 tem
2378 3798 2659 3860 excitaret,
2687 3811 2784 3866 per
2810 3811 2972 3866 quem
3000 3795 3193 3850 Petrus
3218 3795 3510 3865 productus
3536 3809 3569 3849 e
3593 3809 3828 3851 carcere

2237 3895 2468 3941 mortem
2495 3888 2563 3941 ad
2592 3896 2803 3957 tempus
2841 3888 3032 3943 evasit.
3062 3886 3207 3943 Idem
3235 3886 3423 3942 Petrus
3456 3895 3639 3957 postea
3672 3887 3826 3942 victo

2239 3976 2478 4043 Simone,
2509 3992 2629 4032 cum
2662 3987 2927 4049 praecepta
2961 3979 3054 4033 Dei
3084 3978 3277 4049 populo
3313 3978 3625 4042 seminaret,
3657 3977 3826 4034 doce~

2238 4076 2321 4122 ret
2346 4070 2743 4136 castimoniam,
2769 4071 3025 4126 excitavit
3054 4072 3264 4127 animos
3297 4072 3598 4140 gentilium,
3623 4073 3826 4143 quibus

2237 4170 2360 4211 eum
2390 4161 2756 4227 quaerentibus
2787 4160 3109 4215 Christiana:
3136 4161 3326 4215 animae
3355 4160 3665 4231 deprecata:
3698 4173 3825 4219 sunt

2237 4259 2296 4303 ut
2321 4251 2594 4321 paulisper
2623 4252 2839 4306 cederet
2870 4270 2883 4306 :
2914 4261 2970 4309 et
2996 4254 3242 4321 quamvis
3269 4262 3409 4308 esset
3438 4254 3674 4322 cupidus
3697 4270 3823 4326 pas-

2238 4340 2405 4395 sionis
2433 4379 2450 4406 ,
2494 4348 2671 4395 tamen
2722 4341 3172 4410 contemplatione
3206 4340 3385 4411 populi
3434 4343 3717 4410 precantis
3745 4344 3824 4399 in.

2238 4434 2409 4488 [lenis
2454 4442 2556 4489 est.
2607 4432 2918 4507 Rogahatur
2942 4436 3088 4491 enim
3126 4445 3184 4489 ut
3215 4437 3282 4491 ad
3328 4436 3728 4493 instituendum
3770 4448 3824 4493 et

557 4519 959 4573 conversationis
991 4518 1270 4571 imitamini
1298 4516 1455 4585 ﬁdem
1478 4516 1635 4587 (Heb.
1667 4533 1787 4582 xm,
1812 4518 1886 4588 7).
1919 4517 2135 4585 Quaera-
2160 4498 2212 4558 Ῑ)
2238 4523 2661 4578 confirmandum
2690 4498 2942 4595 populum
2975 4541 3034 4581 se
3060 4534 3381 4581 reservaret.
3432 4525 3579 4592 Quid
3610 4528 3822 4582 multa?

559 4624 680 4663 mus
711 4607 863 4661 tubas
891 4615 1172 4677 argenteas
1204 4607 1343 4660 inter
1364 4607 1619 4661 malleum
1646 4616 1701 4661 et
1730 4607 1979 4663 incudem
2008 4623 2135 4678 pro-

556 4699 777 4762 ductas,
820 4697 871 4751 id
909 4705 992 4751 est
1032 4696 1240 4767 eloquia
1280 4696 1520 4763 Domini,
1554 4698 1696 4767 quod
1737 4707 1819 4752 est
1862 4707 2132 4768 argentum

556 4793 675 4861 igne
698 4790 1088 4854 examinatum,
1122 4798 1402 4859 purgatum
1430 4787 1722 4858 septuplum
1753 4788 1923 4859 (Psal.
1955 4804 2029 4855 xt,
2054 4790 2130 4861 7),

558 4885 859 4940 relucentes
893 4891 949 4937 et
973 4883 1175 4936 virtute
1218 4883 1494 4952 vigentes,
1527 4897 1754 4953 quorum
1793 4883 2037 4936 doctrina
2066 4883 2133 4937 ad

558 4974 756 5032 bellum
791 4973 1153 5028 necessarium
1192 4981 1248 5026 et
1289 4971 1578 5025 imminens
1614 4971 1885 5026 discamus
1928 4971 1981 5025 in
2013 4985 2136 5041 per-

558 5064 881 5121 turbationis
908 5073 1108 5118 nostrae
1145 5076 1344 5131 angore
1387 5061 1516 5131 quid
1554 5061 1707 5115 nobis
1740 5062 2004 5133 agendum
2040 5062 2131 5127 sit,

558 5174 626 5213 ne
651 5159 793 5211 inter
818 5155 1065 5210 malleum
1087 5163 1142 5209 et
1168 5153 1413 5207 incudem
1431 5152 1746 5220 frangamur
1772 5154 1855 5208 vel
1875 5168 2133 5223 conquas-

557 5264 767 5315 semur,
791 5248 884 5302 sed
909 5246 1273 5317 producamur
1300 5255 1462 5314 atque
1487 5242 1800 5309 formemur,
1833 5252 1893 5297 ut
1917 5259 2016 5313 per
2041 5259 2133 5299 eo-

556 5355 677 5393 rum
738 5338 965 5409 vestigia
1017 5335 1281 5391 inoffenso
1334 5335 1470 5405 pede
1522 5335 1831 5405 gradientes
1877 5350 1984 5389 non
2036 5335 2131 5390 ab-

555 5444 819 5487 erremus.

624 5525 757 5580 CAP.
793 5523 930 5578 XIV.
971 5521 1205 5577 Sanctus
1261 5518 1580 5574 Ambrosius
1637 5518 1689 5572 in
1745 5517 1924 5573 libello
1971 5531 2132 5587 quem

554 5614 751 5671 obtulit
766 5612 1461 5681 Valentinianoimperatori
1482 5618 1669 5665 contra
1683 5610 2030 5675 Auxentium,
2052 5609 2131 5665 in-

559 5710 844 5760 tercietera
863 5703 934 5757 ita
948 5702 1080 5757 dicit
1095 5702 1160 5757 ad
1173 5701 1349 5758 locum
1364 5700 1463 5771 (ep.
1481 5701 1571 5771 52)
1592 5698 1612 5754 ε’
1628 5720 1645 5751 ι
1677 5700 1890 5758 Utinam
1907 5701 2133 5771 impera-

1656 5825 1695 5849 δ

2236 4612 2404 4668 Nocte
2448 4629 2604 4667 muro
2651 4615 2832 4683 egredi
2868 4615 3069 4684 etrapit,
3104 4625 3161 4669 et
3205 4615 3395 4669 videns
3439 4615 3546 4669 sibi
3583 4615 3640 4670 in
3670 4624 3820 4687 porta

2234 4702 2507 4759 Christum
2535 4718 2845 4769 occurrere,
2869 4706 3167 4774 urbemque
3192 4703 3423 4774 ingredi,
3440 4704 3553 4758 ait:
3576 4705 3818 4769 Domine,

2235 4810 2343 4866 quo
2372 4794 2555 4849 vadis?
2593 4795 2890 4864 Respondit
2927 4794 3176 4849 Christus
3209 4811 3223 4848 :
3264 4792 3433 4849 Venio
3464 4793 3701 4849 Romam
3730 4795 3819 4851 ite-

2236 4903 2357 4941 rum
2384 4885 2643 4957 cruciligi.
2674 4885 2941 4941 lntellexit
2969 4886 3162 4940 Petrus
3196 4885 3264 4940 ad
3297 4899 3451 4939 suam
3481 4900 3709 4941 crucem
3739 4884 3817 4939 di-

2241 4977 2425 5032 vinum
2448 4977 2721 5047 pertinere
2748 4992 3086 5048 responsum.
3125 4976 3372 5032 Christus
3399 4976 3552 5031 enim
3587 4993 3695 5033 non
3726 4992 3818 5047 po—

2244 5075 2385 5122 terat
2433 5067 2624 5121 iterum
2668 5067 2942 5139 cruciﬁgi,
2978 5066 3071 5137 qui
3101 5080 3316 5122 carnem
3346 5067 3608 5136 passione
3634 5082 3813 5123 susce-

2239 5168 2344 5228 pta:
2372 5159 2562 5214 mortis
2589 5168 2831 5215 exuerat.
2866 5159 3018 5225 Quod
3046 5161 3181 5214 enim
3216 5167 3453 5212 mortuus
3476 5169 3576 5225 est,
3608 5169 3810 5230 peccato

2239 5262 2473 5305 mortuus
2497 5260 2571 5305 est
2592 5251 2747 5306 semel
2771 5267 2789 5306 :
2809 5252 2947 5323 quod
2970 5263 3139 5306 autem
3172 5251 3313 5317 civit,
3335 5252 3453 5305 vivit
3479 5250 3591 5306 Deo
3636 5252 3806 5323 (Rom.

2240 5357 2313 5406 vt,
2338 5340 2444 5413 10).
2485 5341 2752 5397 lntellexit
2785 5357 2915 5414 ergo
2942 5343 3135 5398 Petrus
3170 5342 3313 5412 quod
3342 5343 3539 5397 iterum
3569 5341 3807 5399 Christus

2239 5428 2630 5499 cruciﬁgendus
2656 5439 2798 5486 esset
2825 5432 2878 5485 in
2908 5431 3139 5486 servulo.
3169 5430 3354 5500 Itaque
3383 5439 3579 5500 sponte
3605 5446 3805 5486 remes-

2237 5521 2343 5586 vit,
2377 5521 2830 5592 interrogantibus
2865 5522 3187 5578 Christianis
3212 5536 3531 5591 responsura
3560 5521 3803 5583 reddidit,

2237 5612 2528 5681 statimque
2556 5620 2835 5683 correptus
2867 5628 2964 5682 per
2997 5617 3211 5667 crucem
3242 5625 3397 5666 suam
3434 5609 3802 5665 honoriﬁrarit

2239 5699 2521 5755 Dominum
2542 5699 2743 5756 Iesum.
2771 5701 2975 5757 Videtis
2998 5701 3182 5773 igitur,
3203 5700 3346 5770 quod
3367 5699 3421 5755 in
3446 5699 3675 5755 servulis
3696 5696 3797 5752 suis
