4010 6330
154 374 253 431 969

1128 375 1216 432 DE
1253 374 1407 430 FIDE
1441 371 1714 430 CAROLO
1753 371 1912 430 REGI
1950 371 2336 429 SERVANDA.

3277 381 3382 437 970

151 489 253 560 pati
277 485 406 541 velit
428 484 696 541 Christus.
727 501 747 536 ι
792 483 860 539 Et
884 483 1045 555 paulo
1072 493 1234 555 post:
1273 504 1293 538 ι
1322 485 1434 555 Ego
1461 484 1574 553 ipse
1600 498 1708 537 non
1734 481 1905 545 Ased
1951 487 2134 537 tamen
2175 497 2270 538 eos
2307 482 2503 538 vestris
2541 483 2807 538 contineri
2871 497 3210 554 summopere
3258 484 3417 540 hor--

151 577 376 648 quotidie
397 576 480 628 vel
509 574 758 629 visitandi
787 575 958 644 gratia
984 575 1284 644 prodibam,
1313 574 1396 630 vel
1426 572 1714 644 pergebam

150 669 215 723 ad
245 667 534 739 martyres?
568 683 678 720 non
705 667 906 734 regiam
933 666 1118 736 palatii
1149 665 1508 736 praetexebam
1536 663 1714 719 eundo

149 769 306 829 atque
334 757 640 812 redeundo?
668 763 723 811 et
753 765 931 811 tamen
959 771 1117 812 nemo
1141 771 1228 812 me
1252 755 1441 819 tenuit,
1469 769 1589 811 cum
1619 768 1716 809 ex-

150 847 395 904 turbandi
431 862 518 901 me
552 847 814 902 haberent
849 855 912 902 ut
939 846 1290 916 prodiderunt
1313 853 1497 916 postea
1525 843 1714 898 volun-

147 946 310 992 tatem
335 977 352 1003 ,
383 935 623 991 dicentes
655 953 668 989 :
701 935 802 989 Exi
831 937 898 990 de
943 935 1192 1000 civitate,
1230 941 1286 989 et
1316 933 1452 988 vade
1477 945 1584 1002 quo
1607 931 1710 986 vis.

146 1026 556 1096 Exspectabam,
584 1024 776 1090 fateor,
802 1039 1058 1094 magnum
1084 1024 1283 1093 aliquid
1310 1041 1326 1080 :
1355 1030 1450 1076 aut
1478 1021 1713 1090 gladium

143 1133 244 1187 pro
271 1117 468 1172 Christi
512 1117 762 1180 nomine,
806 1124 899 1170 aut
924 1117 1246 1172 incendium.
1295 1115 1365 1169 At
1395 1115 1468 1170 illi
1498 1115 1714 1170 delicias

143 1208 276 1261 mihi
305 1222 401 1276 pro
427 1207 764 1276 passionibus
790 1207 1098 1261 obtulerunt
1124 1225 1137 1259 :
1163 1205 1254 1261 sed
1285 1206 1483 1260 athleta
1513 1205 1713 1260 Christi

146 1313 253 1351 non
270 1297 510 1362 delicias,
535 1297 628 1351 sed
644 1296 914 1366 passiones
925 1311 1051 1352 suas
1069 1295 1253 1365 exigit.
1276 1294 1443 1350 Nemo
1464 1309 1590 1364 ergo
1619 1309 1715 1349 vos

146 1389 346 1449 turbet,
367 1386 511 1455 quod
539 1393 632 1439 aut
654 1399 870 1438 carrum
898 1393 1332 1454 pra-paraverant
1356 1390 1450 1436 aut
1475 1383 1627 1448 dura,
1655 1391 1714 1436 ut

144 1477 424 1531 videbatur
448 1475 570 1538 sibi,
595 1475 842 1528 Auxentii
866 1473 1033 1544 ipsius
1055 1474 1144 1542 qui
1168 1488 1226 1528 se
1246 1473 1375 1527 dicit
1398 1471 1712 1542 episcopum

144 1581 239 1620 ore
260 1566 483 1635 jactata.
511 1563 759 1631 Plerique
790 1563 1082 1617 narrabant
1105 1576 1452 1630 percussores
1473 1561 1714 1631 pmmis—

144 1673 254 1719 sos,
287 1669 500 1725 poenam
523 1654 721 1708 mortis
757 1668 877 1708 esse
912 1653 1202 1708 decretam.
1246 1651 1357 1707 Nec
1398 1652 1485 1706 illa
1525 1653 1712 1716 timeo,

137 1759 197 1804 et
223 1750 321 1802 ista
352 1763 456 1802 non
483 1747 691 1801 desero.
712 1745 834 1811 Quo
855 1746 997 1799 enim
1025 1745 1206 1809 abibo,
1235 1743 1322 1798 ubi
1350 1745 1528 1799 omnia
1559 1743 1712 1814 plena

1814 577 2012 624 tamur.
2067 589 2086 620 ι
2157 569 2400 638 Qualiter
2443 573 2649 638 etiam,
2706 573 2789 629 vel
2844 590 2943 644 pro
3012 574 3205 644 quibus
3256 591 3385 631 cau-

1813 661 1888 716 sis
1917 661 2151 731 episcopi
2179 661 2448 718 Ecclesias
2488 677 2616 718 suas
2663 664 2780 718 sine
2821 665 3143 719 detrimento
3174 665 3383 720 ordinis

1813 766 1878 806 ac
1903 751 2097 807 anima:
2137 766 2250 806 suae
2275 753 2344 807 ad
2370 759 2582 822 tempus
2609 755 2857 810 deserere
2885 755 3117 820 valeant,
3164 766 3387 831 sanctus

1811 839 2144 910 Augustinus
2199 841 2257 896 in
2314 841 2540 912 epistola
2579 843 2646 896 ad
2700 843 3028 899 Honoratum
3075 846 3387 915 episcopum
3480 893 3487 926 η

1812 930 1916 1002 (ep.
1948 930 2051 987 l80
2077 931 2133 985 in
2167 932 2415 1004 princip.)
2464 933 2607 988 inter
2631 942 2827 989 etetera
2865 936 3116 1000 ostendit,
3159 937 3383 992 dicens:
3482 938 3490 994 ξ

1819 1040 1839 1073 ι
1877 1022 2065 1077 Restat
2088 1031 2146 1076 ut
2185 1039 2303 1088 nos,
2337 1038 2565 1093 quorum
2606 1025 2960 1080 ministerium
2990 1027 3388 1095 quantulaecuno

1813 1128 1918 1183 que
1962 1115 2104 1185 plebi
2143 1116 2236 1169 Dei
2280 1115 2367 1169 ubi
2411 1132 2597 1171 sumus
2641 1117 2876 1172 manenti
2920 1119 2993 1171 ita
3024 1119 3385 1174 necessarium

1813 1212 1913 1268 est,
1946 1212 2004 1258 ut
2032 1204 2149 1260 sine
2176 1205 2280 1259 hoc
2307 1220 2426 1259 eam
2472 1220 2576 1259 non
2620 1214 2866 1274 oporteat
2908 1222 3210 1272 remanere,
3242 1208 3388 1264 dica-

1815 1310 1937 1349 mus
1966 1296 2192 1350 Domino
2217 1315 2229 1349 :
2261 1295 2388 1351 Esto
2419 1298 2564 1352 nobis
2592 1298 2646 1352 in
2671 1299 2841 1352 Deum
2871 1308 3233 1367 protectorem,
3254 1310 3300 1353 et
3330 1300 3390 1353 in

1812 1383 1985 1440 locum
2025 1389 2281 1440 munitum
2329 1385 2500 1458 (Psal.
2528 1404 2656 1453 xxx,
2700 1389 2776 1458 5).
2821 1387 2926 1444 Sed
2975 1389 3076 1443 hoc
3104 1389 3388 1443 consilium

1813 1484 2099 1544 propterea
2132 1477 2225 1531 tibi
2257 1493 2363 1531 non
2406 1475 2603 1532 sufﬁcit
2630 1489 2687 1532 ut
2717 1478 2930 1545 scribis,
2962 1494 3028 1534 ne
3057 1488 3244 1534 contra
3286 1477 3391 1533 Do-

1814 1565 1944 1618 mini
1973 1575 2296 1634 prarceptum
2327 1566 2408 1621 vel
2437 1567 2739 1636 exemplum
2786 1567 2963 1623 facere
3003 1568 3260 1632 nitamur,
3295 1568 3391 1623 ubi

1815 1651 2126 1722 fugiendum
2163 1669 2282 1709 esse
2309 1655 2373 1709 de
2401 1656 2622 1712 civitate
2653 1656 2704 1710 in
2746 1657 3012 1712 civitatem
3045 1666 3243 1712 monet.
3285 1657 3397 1711 ηε·-

1815 1742 2043 1796 colimus
2083 1743 2225 1797 enim
2246 1745 2410 1798 verba
2439 1745 2666 1800 dicentis
2691 1763 2702 1799 :
2730 1745 2859 1800 Cum
2887 1755 3057 1799 autem
3083 1763 3390 1818 persequen-

143 1839 375 1909 gemitus
402 1837 510 1891 sint
535 1845 699 1905 atque
723 1835 1120 1905 lacrymarum?
1145 1854 1164 1888 ι
1204 1835 1261 1889 ln
1285 1835 1507 1889 historia
1538 1833 1713 1888 Theo-
1741 1841 1786 1899 Β
1814 1841 1900 1886 tur
1921 1850 2006 1887 vos
2029 1834 2084 1888 in
2105 1835 2308 1888 civitate
2336 1837 2459 1902 ista,
2486 1837 2650 1907 fugite
2675 1839 2728 1892 in
2755 1838 2914 1892 aliam
2942 1838 3157 1909 (illattlt.
3186 1854 3238 1901 ιι,
3269 1839 3388 1923 εὸξ

142 1928 305 1981 doriti
347 1926 460 1995 (lib.
494 1941 568 1989 Ix,
600 1940 650 1979 c.
683 1924 774 1993 20)
815 1925 1008 1996 legitur
1045 1924 1190 1994 quia,
1219 1925 1346 1979 dum
1385 1925 1450 1979 de
1476 1922 1716 1978 Ecclesia

143 2016 457 2070 Ambrosius
478 2014 759 2082 juberetur
781 2015 930 2069 exire
957 2015 1034 2068 ait
1061 2031 1075 2067 :
1110 2014 1222 2083 Ego
1249 2021 1440 2083 sponte
1479 2015 1582 2068 hoc
1609 2028 1718 2068 non

139 2121 265 2176 ago,
294 2119 360 2158 ne
391 2104 529 2173 lupis
571 2104 751 2158 ovium
789 2113 939 2172 septa
972 2104 1322 2168 contradere,
1353 2111 1445 2158 aut
1472 2101 1719 2172 blasphe-

143 2197 415 2250 mantibus
449 2195 616 2248 Deum
649 2193 853 2247 videar.
911 2193 1010 2248 Hic
1053 2194 1097 2248 si
1143 2193 1318 2264 placet
1350 2191 1554 2248 occide.
1601 2191 1718 2246 Hoc

138 2285 266 2339 loco
294 2293 520 2338 mortem
547 2297 715 2353 prona
747 2281 984 2352 suscipio
1010 2281 1330 2337 voluntate;

215 2373 343 2426 CAP.
378 2371 492 2424 XV.
522 2370 689 2439 Igitur
715 2370 870 2424 nobis
905 2384 1011 2423 non
1037 2369 1210 2424 solum
1240 2368 1594 2438 sequendum,
1621 2370 1718 2423 sed

137 2475 201 2519 et
221 2464 648 2534 amplectendum
673 2471 758 2516 est
783 2475 882 2532 pro
911 2460 1015 2516 fide
1041 2476 1104 2516 ac
1135 2461 1378 2525 veritate,
1410 2462 1455 2515 si
1481 2460 1719 2531 contige-

142 2556 232 2615 r—it,
263 2552 406 2620 quod
450 2559 517 2605 de
563 2563 626 2604 se
666 2551 856 2605 beatus
893 2549 1023 2604 dicit
1048 2549 1368 2605 Ambrosius
1395 2548 1617 2617 loquens
1649 2547 1718 2602 ad

144 2646 442 2700 Ecclesium
484 2659 636 2699 suam
677 2644 836 2714 (orat.
864 2642 920 2696 in
946 2642 1195 2714 Auxent.)
1235 2659 1249 2696 :
1296 2660 1317 2694 ι
1349 2641 1547 2696 Volens
1582 2654 1720 2694 nun-

135 2735 308 2805 quam
349 2750 445 2790 vos
491 2734 738 2789 deseram
764 2773 780 2797 ,
828 2742 1049 2788 coactus
1089 2744 1389 2802 repugnare
1427 2744 1534 2784 non
1571 2728 1714 2783 novi.

144 2829 337 2882 Dolore
366 2834 580 2895 potero,
620 2833 808 2893 potero
843 2822 999 2886 flere,
1041 2831 1229 2891 potero
1268 2833 1514 2890 gemere;
1563 2818 1720 2872 aliter

144 2935 245 2972 nec
276 2918 475 2981 debeo,
507 2930 605 2969 nec
636 2929 849 2982 possum
887 2913 1161 2969 resistere.
1203 2913 1414 2982 Fugere
1451 2919 1629 2965 autem
1660 2918 1722 2964 et

146 3010 452 3077 relinquere
474 3005 773 3061 Ecclesiam
803 3020 909 3060 non
935 3003 1101 3060 soleo.
1138 3023 1158 3057 ι
1205 3002 1298 3059 Sic
1325 3003 1468 3058 enim
1495 3007 1722 3072 egerunt

143 3100 323 3155 sancti
383 3098 806 3168 prmdecessores
857 3097 1066 3162 nostri,
1120 3103 1182 3151 ut
1232 3096 1287 3151 in
1337 3094 1721 3151 ecclesiasticis

1819 1920 1951 1988 Quis
1989 1929 2167 1977 autem
2201 1922 2386 1977 credat
2431 1925 2503 1978 ita
2549 1926 2652 1981 hoc
2682 1927 2964 1980 Dominum
2993 1926 3108 1981 ﬁeri
3135 1920 3386 1989 voluisse,

1817 2020 1877 2066 ut
1911 2013 2218 2068 necessario
2260 2014 2584 2081 ministerio,
2614 2017 2730 2072 sine
2756 2032 2863 2087 quo
2893 2019 3069 2073 vivere
3093 2028 3389 2088 nequeunt,

1817 2102 2139 2157 deserantur
2181 2118 2370 2173 greges
2393 2119 2533 2175 quos
2580 2121 2678 2162 suo
2721 2108 2982 2178 sanguine
3030 2110 3394 2178 comparavit?

1816 2189 2065 2260 Nunquid
2089 2191 2194 2246 hoc
2216 2193 2343 2247 fecit
2373 2194 2507 2264 ipse,
2533 2196 2746 2265 quando
2776 2196 3114 2265 portantibus
3152 2199 3393 2268 parenti-

1816 2279 1916 2336 bus
1947 2281 1999 2335 in
2032 2280 2323 2352 Egyptum
2348 2283 2600 2354 parvulus
2625 2285 2760 2355 fugit
2789 2285 3001 2357 (Matth.
3028 2286 3115 2357 ιι),
3135 2287 3230 2356 qui
3252 2301 3391 2342 non-

1818 2369 1945 2425 dum
1976 2369 2246 2426 Ecclesias
2282 2381 2722 2442 congregaverat,
2765 2389 2899 2444 quas
2929 2375 2997 2431 ab
3035 2390 3100 2430 eo
3154 2376 3395 2431 desertas

1816 2457 1983 2514 fuisse
2005 2459 2282 2515 dicamus?
2311 2460 2560 2531 Nunquid
2605 2466 2818 2533 quando
2859 2465 3131 2535 apostolus
3171 2465 3389 2530 Paulus,

1816 2562 1888 2602 ne
1917 2548 2062 2602 illum
2083 2551 2568 2620 comprehenderet
2595 2553 2866 2619 inimicus,
2892 2569 2989 2624 per
3018 2555 3306 2610 fenestram
3336 2556 3388 2612 in
3481 2623 3487 2630 ε

1817 2645 2000 2704 sporta
2044 2638 2340 2693 submissus
2370 2647 2454 2694 est
2501 2639 2639 2710 (Act.
2701 2641 2803 2713 ix),
2862 2651 2916 2697 et
2964 2642 3150 2714 effugit
3199 2659 3392 2700 manus

1817 2723 1956 2794 ejus,
1985 2726 2199 2782 deserta
2225 2735 2310 2782 est
2351 2744 2476 2799 quae
2522 2730 2594 2784 ibi
2641 2741 2761 2785 erat
2810 2731 3046 2787 Ecclesia
3089 2735 3394 2789 necessario

1818 2817 2138 2882 ministerio,
2166 2827 2220 2872 et
2243 2833 2351 2874 non
2379 2819 2447 2874 ab
2475 2819 2872 2877 aliisfratribus
2901 2823 3100 2878 ibidem
3125 2825 3390 2880 constitu-

1819 2906 1888 2962 tis
1935 2907 2078 2976 quod
2107 2908 2398 2980 oportebat,
2418 2908 2690 2979 impletum
2732 2919 2815 2965 est
2857 2909 2947 2982 (Il
2974 2910 3094 2966 Cor.
3140 2913 3258 2984 xi)?
3301 2914 3396 2970 Eis

1819 2999 2016 3069 quippe
2036 2998 2339 3056 volentibus
2375 3001 2480 3057 hoc
2509 3002 2797 3073 Apostolus
2822 3003 3042 3069 fecerat,
3073 3012 3134 3058 ut
3159 3005 3392 3075 seipsum

1819 3100 2062 3146 servaret
2113 3093 2365 3150 Ecclesiae
2390 3135 2406 3160 ,
2450 3111 2609 3165 quem
2657 3097 2871 3168 preprie
2935 3110 3253 3169 persecutor
3305 3101 3396 3156 ille

146 3191 389 3245 historiis
431 3190 678 3260 legimus,
709 3189 899 3243 beatus
935 3187 1170 3242 Hilarius
1198 3186 1549 3248 Pictavensis,
1580 3185 1719 3239 Pau-
1745 3180 1790 3242 C
1821 3183 2116 3250 quaerebat.
2141 3182 2370 3254 Fugiant
2395 3185 2614 3240 omnino
2644 3188 2709 3242 de
2751 3188 2970 3244 civitate
3005 3190 3058 3245 in
3095 3190 3391 3258 civitatem,

145 3280 290 3334 linus
328 3277 706 3342 Treverensis,
746 3277 1032 3347 Dionysius
1070 3276 1513 3338 Mediolanensis,
1550 3275 1721 3330 Euse-

144 3371 270 3424 bius
296 3366 682 3431 Vercellensis,
708 3366 942 3422 Joannes
973 3365 1629 3434 Constantinopolitanus,
1666 3373 1722 3421 et

143 3458 300 3512 multi
328 3456 442 3522 alii,
471 3471 698 3526 quorum
729 3457 872 3510 dicta
914 3466 968 3512 et
995 3457 1238 3527 exempla
1275 3471 1447 3526 usque
1474 3457 1634 3512 hodie
1664 3457 1718 3510 in

142 3561 332 3604 sancta
359 3547 553 3604 ﬂorent
575 3548 835 3611 Ecclesia,
861 3562 1112 3616 quorum,
1134 3547 1288 3616 juxta
1316 3547 1465 3602 Pauli
1507 3544 1715 3610 vocein,

143 3641 416 3695 lntuentes
437 3640 636 3694 exitum
659 3639 1062 3692 conversationis
1085 3638 1282 3691 imitari
1299 3637 1541 3691 debemus
1561 3637 1720 3705 ﬁdem

139 3743 303 3800 atque
342 3728 574 3798 exempla
615 3725 770 3795 (Heb.
802 3741 933 3791 xm,
969 3727 1042 3790 7).
1085 3725 1154 3779 Et
1188 3726 1254 3780 de
1301 3725 1376 3778 ita
1413 3725 1650 3794 expulsis
1687 3739 1717 3778 a

141 3821 368 3876 sedibus
413 3820 529 3874 suis
573 3817 838 3886 episcopis
877 3830 978 3886 pro
1023 3815 1126 3870 ﬁde
1175 3823 1232 3871 et
1279 3817 1541 3879 veritate,
1581 3815 1720 3870 sicut

137 3909 358 3979 praefati
385 3908 557 3963 sancti
595 3907 833 3977 episcopi
862 3906 1070 3975 expulsi
1110 3905 1371 3974 imperiali
1403 3906 1719 3959 crudelitate

138 4000 384 4064 fuerunt,
407 3999 544 4053 sacri
575 4012 807 4052 canones
831 3995 1182 4052 Sardieenses
1209 3996 1394 4050 dicunt
1422 3997 1560 4066 (can.
1585 3996 1674 4067 ‘21)
1699 4013 1714 4050 :

144 4108 164 4139 ι
209 4087 283 4143 Ut
311 4088 357 4142 si
385 4088 578 4156 aliquis
605 4087 887 4156 episcopus
923 4087 1033 4140 vim
1065 4099 1352 4156 perpessus
1380 4093 1484 4150 est,
1508 4093 1566 4139 et
1610 4084 1716 4138 ini-

136 4193 250 4246 que
278 4178 533 4246 expulsus
555 4192 655 4248 pro
680 4177 956 4248 disciplina
987 4187 1042 4232 et
1070 4176 1332 4232 catholica
1358 4175 1716 4241 confessione,

135 4271 226 4325 vel
255 4287 360 4342 pro
385 4269 692 4326 defensione
722 4271 986 4336 veritatis,
1016 4268 1274 4339 effugiens
1297 4268 1537 4339 pericula
1567 4269 1718 4321 inno-

134 4379 272 4419 cens
317 4373 372 4418 et
418 4364 639 4418 devotus
688 4363 756 4417 ad
805 4363 966 4417 aliam
1010 4363 1221 4417 venerit
1263 4362 1570 4426 civitatem,
1609 4375 1717 4414 non

132 4456 495 4528 prohibeatur
536 4453 842 4520 immorari,
888 4454 1127 4524 quandiu
1167 4462 1260 4508 aut
1303 4453 1480 4508 redire
1524 4451 1712 4521 possit,

1819 3275 2035 3342 quando
2079 3289 2264 3329 eorum
2295 3277 2580 3346 quisquam
2633 3279 2942 3349 specialiter
2976 3296 3006 3336 a
3029 3284 3395 3352 persecutori-

1819 3362 1921 3418 bus
1947 3364 2225 3432 quzeritur,
2255 3373 2315 3418 ut
2343 3364 2412 3418 ab
2441 3365 2579 3430 aliis,
2617 3367 2707 3436 qui
2755 3367 2828 3422 ita
2872 3383 2980 3424 non
3023 3371 3393 3441 requiruntur,

1818 3468 1926 3508 non
1962 3453 2242 3509 deseratur
2270 3453 2534 3521 Ecclesia,
2563 3457 2656 3512 sed
2697 3459 2977 3528 praebeant
3010 3461 3220 3516 cibaria
3260 3477 3394 3518 con—

1818 3543 1991 3598 servis
2017 3544 2153 3609 suis,
2183 3559 2317 3614 quos
2358 3545 2516 3600 aliter
2549 3546 2731 3602 vivere
2770 3563 2876 3604 non
2917 3565 3079 3620 posse
3107 3563 3393 3609 noverunt.

1818 3633 1950 3689 Cum
1976 3645 2157 3690 autem
2187 3636 2452 3702 omnium,
2478 3636 2533 3692 id
2552 3645 2662 3703 est,
2686 3638 3065 3709 episcoporum
3089 3651 3143 3696 et
3167 3642 3395 3699 clerico-

1819 3739 1938 3778 rum
1984 3732 2068 3779 est
2114 3739 2400 3780 commune
2441 3728 2760 3796 periculurn,
2803 3729 2838 3783 ii
2865 3731 2956 3800 qui
2979 3731 3132 3787 aliis’
3155 3733 3396 3805 indigent

1819 3827 1926 3867 non
1953 3813 2273 3867 deserantur
2292 3812 2360 3867 ab
2386 3815 2469 3869 his
2499 3815 2694 3884 quibus
2721 3817 2981 3888 indigent.
3003 3820 3110 3874 Aut
3137 3820 3302 3891 igitur
3327 3823 3396 3878 ad

1819 3903 1935 3957 loca
1964 3904 2168 3956 munita
2197 3919 2385 3959 omnes
2427 3913 2726 3972 transeant,
2763 3917 2855 3961 aut
2881 3909 2972 3977 qui
3000 3910 3199 3965 habent
3223 3927 3397 3967 rema-

1820 3993 1979 4046 nendi
2015 3993 2416 4058 necessitatem,
2468 4009 2574 4050 non
2631 3995 3008 4066 relinquantur
3045 4000 3113 4054 ab
3160 4001 3257 4065 eis,
3298 4016 3398 4072 per

1819 4095 1956 4149 quos
1985 4080 2195 4134 illorum
2242 4090 2326 4136 est
2365 4081 3052 4158 ecclesiasticarsupplenda
3082 4090 3393 4158 necessitas,

1819 4179 1879 4224 ut
1905 4178 2000 4224 aut
2021 4172 2228 4240 pariter
2253 4173 2457 4237 vivant,
2482 4181 2576 4228 aut
2601 4157 2808 4244 pariter
2829 4175 3105 4244 sufferant,
3135 4180 3276 4250 quod
3301 4157 3396 4237 eos

1817 4261 2209 4333 paterfamilias
2253 4265 2396 4320 volet
2441 4266 2670 4336 perpeti.
2706 4266 2860 4334 Quod
2908 4268 2955 4324 si
2996 4270 3303 4340 contigerit,
3335 4281 3398 4328 ut

1819 4356 1934 4410 sive
1976 4355 2066 4409 alii
2120 4355 2319 4423 majus,
2364 4357 2455 4412 alii
2503 4359 2701 4424 minus,
2735 4360 2846 4416 sive
2887 4375 3072 4417 omnes
3116 4364 3396 4432 aequaliter

1816 4449 2112 4518 patiantur,
2167 4449 2258 4519 qui
2310 4465 2496 4505 eorum
2526 4451 2635 4506 sint
2663 4452 2755 4522 qui
2804 4467 2904 4523 pro
2945 4453 3066 4509 aliis
3117 4456 3396 4525 patiuntur

131 4525 234 4602 aut
268 4546 468 4615 injuria
507 4547 624 4616 ejus
655 4545 948 4600 remedium
989 4545 1276 4615 acceperit,
1300 4544 1468 4598 etiam
1493 4552 1547 4598 et
1573 4543 1716 4612 larga
1746 4525 1796 4584 Ῑ)
1820 4547 2061 4608 apparet,
2095 4537 2169 4592 illi
2207 4539 2454 4606 scilicet,
2503 4541 2595 4610 qui
2649 4558 2771 4597 cum
2820 4558 2880 4599 se
2933 4552 3153 4614 possent
3197 4545 3394 4604 talibus

132 4636 480 4706 benignitate
506 4636 810 4690 humanitas
835 4635 886 4688 ei
916 4642 1001 4689 est
1033 4634 1352 4689 exhibenda.
1379 4654 1400 4688 ι

203 4725 346 4780 Car.
400 4723 536 4779 XVI.
601 4724 670 4778 Et
716 4724 838 4779 hinc
888 4733 1106 4778 sanctus
1153 4723 1445 4794 Gregorius
1495 4723 1625 4795 (lib.
1669 4741 1712 4790 ι,

125 4817 294 4887 epist.
341 4815 450 4886 45)
507 4815 573 4869 ad
622 4814 905 4869 universos
947 4815 1226 4883 episcopos
1253 4829 1352 4884 per
1399 4814 1710 4885 Illyricum:

133 4926 153 4958 ι
191 4906 442 4971 Fratres,
475 4905 667 4974 inquit,
700 4904 1149 4974 coepiscoposque
1191 4915 1407 4959 nostros
1427 4942 1442 4969 ,
1487 4918 1624 4972 quos
1657 4913 1719 4959 et

125 4995 478 5066 captivitatis
527 4994 971 5062 diversarumque
1021 4993 1400 5047 necessitatum
1455 4993 1714 5062 angustia:

122 5087 541 5156 comprimunt,
590 5085 798 5139 debetis
861 5083 1214 5139 consolandos
1265 5083 1716 5154 convicturosque

121 5176 425 5230 vobiscum
466 5176 519 5229 in
556 5174 938 5230 ecclesiasticis
974 5173 1452 5229 sustentationibus
1488 5174 1718 5230 libenter

120 5268 422 5335 suscipere
454 5284 467 5320 :
501 5283 605 5322 non
650 5268 866 5335 quidem
910 5272 970 5321 ut
1010 5280 1107 5336 per
1140 5267 1571 5323 communionem
1603 5268 1719 5338 epi-

122 5357 382 5427 scopalis
421 5358 598 5412 throni
639 5357 869 5424 dignitas
899 5356 1189 5422 dividatur,
1227 5357 1320 5412 sed
1345 5365 1407 5412 ut
1439 5359 1506 5413 ab
1532 5358 1718 5415 Eccle-

119 5453 213 5505 sia
238 5450 404 5520 juxta
423 5450 834 5520 possibilitatem
863 5447 1195 5504 suﬂicientiae
1217 5448 1447 5504 debeant
1464 5451 1716 5506 alimenta

119 5540 444 5610 percipere.
473 5538 565 5594 Sic
584 5539 728 5594 enim
750 5547 805 5594 et
828 5538 1127 5608 proximum
1159 5539 1210 5594 in
1237 5540 1369 5605 Deo,
1397 5548 1452 5595 et
1475 5541 1641 5595 Deum
1663 5541 1718 5596 in

119 5631 396 5699 proximo
435 5630 658 5700 diligere
701 5630 1130 5698 comprobamur.
1175 5628 1384 5684 Nullam
1414 5630 1610 5699 quippe
1637 5631 1719 5687 eis

121 5733 238 5773 nos
312 5718 369 5772 in
433 5717 629 5774 vestris
673 5717 928 5772 Ecclesiis
977 5718 1353 5774 auctoritatem
1409 5718 1715 5786 tribuimus,

557 5808 834 5869 Parnm.
880 5808 1136 5872 CXXV.

1818 4628 1977 4682 malis
2003 4627 2213 4697 eripere
2237 4628 2516 4698 fugiendo,
2541 4645 2611 4686 ne
2643 4630 2870 4686 aliorum
2892 4634 3268 4689 necessitatem
3296 4636 3393 4691 de-

1819 4726 2062 4774 sererent
2087 4733 2308 4774 manere
2333 4719 2657 4775 maluerunt.
2689 4721 2826 4778 Hinc
2865 4723 3099 4778 maxime
3135 4726 3395 4792 probatur

1817 4809 1907 4864 illa
1955 4809 2216 4875 Charitas,
2263 4825 2424 4878 quam
2470 4810 2705 4867 Joannes
2747 4810 3021 4882 apostolus
3055 4818 3395 4870 commendat

1817 4900 2001 4955 dicens
2053 4899 2107 4970 (I
2133 4899 2297 4954 Joan.
2325 4915 2414 4967 ιιι,
2449 4901 2538 4973 15)
2594 4921 2607 4957 :
2659 4902 2813 4959 Sicut
2861 4903 3107 4960 Christus
3155 4906 3389 4962 animam
3443 4889 3449 4892 ’

1817 5006 1969 5046 suam
1993 5006 2095 5060 pro
2120 4991 2276 5047 nobis
2301 4995 2498 5062 posuit,
2539 4995 2618 5050 sic
2653 5005 2709 5050 et
2751 5011 2851 5051 nos
2880 4997 3137 5052 debemus
3183 5000 3392 5054 animas

1815 5095 1916 5152 pro
1939 5079 2198 5137 fratribus
2224 5098 2445 5153 ponere.
2477 5083 2610 5137 Nam
2644 5085 2736 5154 qui
2767 5083 2994 5154 fugiunt,
3024 5084 3109 5138 vel
3139 5085 3250 5141 suis
3292 5087 3389 5142 de-

1817 5173 1983 5228 vincti
2010 5175 2422 5230 necessitatibus
2447 5175 2632 5246 fugere
2657 5189 2761 5230 non
2802 5185 3049 5245 possunt,
3073 5177 3117 5232 si
3139 5192 3390 5246 compre-

1819 5263 1973 5319 hensi
2001 5265 2294 5334 patiuntur,
2336 5280 2434 5334 pro
2464 5265 2656 5334 seipsis
2695 5281 2802 5319 non
2834 5281 2931 5335 pro
2972 5265 3231 5323 fratribus
3283 5269 3393 5321 uti-

1821 5369 1924 5424 que
1967 5356 2265 5424 patiuntur.
2307 5356 2408 5423 Qui
2450 5371 2579 5413 vero
2626 5366 2912 5429 propterea
2939 5359 3218 5429 patiuntur
3263 5360 3392 5430 quia

1822 5445 2035 5511 fratres,
2069 5447 2160 5517 qui
2188 5448 2268 5503 eis
2291 5447 2360 5502 ad
2387 5446 2747 5503 Christianam
2791 5449 3016 5505 salutem
3059 5448 3392 5520 indigebant,

1822 5534 2076 5592 deserere
2120 5536 2426 5605 noluerunt,
2479 5539 2597 5596 sine
2648 5539 2810 5596 dubio
2862 5555 2986 5598 suas
3035 5540 3246 5596 animas
3294 5554 3396 5612 pro
3449 5535 3454 5556 ⁵

1821 5628 2080 5684 fratribus
2105 5637 2330 5699 ponunt.
2364 5649 2384 5682 ι

1895 5718 2025 5775 Car.
2057 5717 2214 5774 X-Vll.
2242 5719 2332 5776 Sic
2376 5721 2519 5776 enim
2549 5721 2677 5778 fecit
2718 5731 2938 5780 sanctus
2975 5721 3214 5779 Nicasius
3250 5721 3398 5777 Rhe-

2845 5815 2919 5876 31
