4010 6330
559 383 657 457 an

1369 367 1697 428 IIINCMARI
1736 365 1953 423 RHEM.
1995 364 2314 423 ARCIIlEP.
2355 367 2720 428 OPUSGULA
2760 373 2993 430 VARIA.

3707 376 3808 434 οτι

559 511 770 560 mentm
823 495 1142 564 episcopus,
1201 491 1294 563 qui
1363 499 1603 560 tempore
1655 488 2019 544 Vandalerum
2075 485 2129 540 in
2157 488 2208 545 A
2234 483 2521 540 utilitatem
2565 487 2890 556 pertinuisse
2929 487 3277 557 cognoscitis,
3303 498 3363 543 ut
3399 488 3550 544 salva
3574 488 3809 546 clemen-

558 586 933 657 persecutione
962 581 1199 654 generali
1230 596 1382 637 suam
1413 595 1519 636 non
1558 579 1799 634 deseruit
1835 577 2128 644 civitatem,

560 686 616 745 et
655 675 793 735 intra
820 673 1056 741 parietes
1083 670 1324 727 ecclesia:
1351 668 1612 739 martyrio
1634 668 1833 724 meruit
1858 667 2129 724 coronari.

562 765 653 820 Sic
684 764 870 819 eodem
905 771 1144 832 tempore
1164 768 1385 816 sanctus
1403 758 1666 826 Anianus,
1695 759 1835 814 sicut
1862 759 1916 813 in
1962 757 2134 813 sacris

560 855 801 912 historiis
826 854 1041 923 legitur.
1071 851 1164 908 Sic
1183 852 1381 908 beatus
1398 850 1604 921 Lupus,
1631 860 1691 905 ut
1717 849 1769 906 in
1793 847 1910 918 ejus
1934 849 2134 918 hymno

558 948 805 1004 canitur:
835 947 971 1001 Dum
994 944 1132 1001 bella
1155 952 1347 999 cuncta
1375 944 1684 1014 perderent,
1705 941 1912 1023 orando
1931 939 2135 995 Treeas

560 1035 774 1092 muniit.
806 1033 897 1090 Sic
921 1041 1141 1089 sanctus
1157 1031 1435 1103 Remigius
1464 1030 1791 1085 Rhemorum
1828 1029 2131 1098 episcOpus,

559 1125 1064 1198 supervenientibus
1092 1123 1320 1180 Francis
1358 1120 1580 1193 paganis
1608 1121 1659 1175 in
1688 1118 1956 1190 Belgicam
1997 1118 2133 1172 dite-

558 1232 745 1277 ceseos
782 1231 894 1272 sua:
937 1215 1291 1286 provinciam,
1321 1211 1615 1268 Ecclesiam
1647 1224 1799 1265 suam
1840 1224 1947 1262 non
1975 1208 2133 1262 dese-

560 1309 688 1375 ruit,
724 1306 818 1364 sed
858 1305 1215 1369 orationibus,
1243 1312 1301 1360 et
1341 1302 1543 1359 sanctis
1574 1300 1837 1370 exemplis
1882 1298 2134 1354 ferocita-

558 1410 669 1455 tem
716 1398 892 1470 gentis
926 1396 1251 1468 perdomuit,
1299 1403 1355 1452 et
1404 1394 1458 1451 in
1508 1393 1692 1451 verbis
1741 1393 1855 1449 suis
1894 1402 2135 1448 monstra

560 1488 791 1556 placavit
822 1504 837 1542 :
873 1494 928 1544 et
972 1502 1078 1541 non
1107 1485 1277 1541 solum
1310 1483 1642 1555 provinciam
1673 1497 1826 1538 suam
1877 1497 1908 1536 a
1954 1482 2135 1553 gladio

558 1579 743 1648 gentili
776 1578 993 1648 eripuit,
1037 1590 1223 1632 verum
1254 1585 1311 1630 et
1347 1584 1559 1646 gentem
1586 1589 1851 1645 paganam
1877 1573 1944 1628 ad
1975 1572 2135 1627 Iidem

563 1666 789 1732 Christi,
815 1674 1137 1736 cooperante
1187 1665 1383 1735 gratia,
1407 1663 1694 1726 convertit,
1733 1670 1789 1716 et
1833 1661 1935 1716 tria
1962 1661 2134 1716 millia

557 1770 887 1827 paganorum
931 1768 1035 1808 una
1076 1768 1196 1808 cum
1230 1767 1355 1823 rege
1386 1752 1438 1806 in
1474 1750 1655 1822 vigilia
1701 1749 1872 1805 sancti
1912 1748 2134 1805 Pascha:

2236 579 2325 634 tite
2350 587 2541 635 vestrae
2564 580 2721 636 venia
2743 619 2760 645 ,
2805 579 3056 636 eharitati
3093 594 3181 635 me
3214 588 3275 635 et
3314 578 3569 649 precibus
3614 580 3811 637 civium

2233 686 2342 733 non
2376 661 2653 739 negarem,
2681 677 2787 726 etc.
2827 689 2846 721 ι
2899 669 2967 725 Et
3012 671 3065 724 in
3110 668 3334 737 epistola
3376 669 3444 725 ad
3485 667 3813 726 Martiarum

2232 760 2535 831 Augustum
2592 758 2776 830 (epist.
2805 758 2951 832 ii):
2983 777 3003 811 ι
3048 758 3368 814 Sacerdotes
3407 758 3815 828 provinciarum

2234 849 2476 907 omnium
2522 849 2838 921 congregari
2885 848 3168 919 praesentis
3211 848 3471 918 temporis
3520 849 3819 909 necessitas

2233 942 2378 998 nulla
2428 941 2640 999 ratione
2669 941 2956 1012 permittit,
2985 941 3242 1010 quoniam
3271 940 3376 999 illa:
3398 940 3717 1010 provinciae,
3751 941 3819 997 de

2233 1033 2430 1102 quibus
2456 1032 2690 1088 maxime
2719 1040 2845 1088 sunt
2867 1031 3150 1097 evocandi,
3194 1030 3530 1100 inquietante
3554 1031 3722 1095 bello,
3751 1032 3821 1085 ab

2232 1120 2492 1177 Ecclesiis
2521 1121 2634 1177 suis
2678 1136 2773 1176 eos
2815 1136 2922 1177 non
2963 1121 3243 1190 patiuntur
3285 1120 3601 1176 abscedere.
3649 1120 3716 1174 Et
3764 1120 3821 1174 in

2234 1209 2542 1265 Canonibus
2592 1208 2791 1266 Africae
2823 1210 3115 1280 provincia:
3156 1209 3305 1280 (cap.
3334 1208 3426 1275 57,
3464 1209 3532 1262 de
3563 1207 3822 1277 episcopis

2236 1298 2485 1368 Numid.)
2533 1299 2762 1371 legimus
2805 1301 3087 1371 episcopos
3130 1300 3199 1355 de
3250 1298 3501 1355 Numidia
3541 1299 3823 1370 provincia

2228 1391 2377 1462 juste
2405 1399 2462 1446 et
2502 1390 2899 1448 rationabiliter
2955 1399 3264 1459 excusatus,
3309 1392 3437 1462 quia
3494 1392 3703 1463 legatos
3752 1391 3825 1446 ad

2233 1481 2540 1538 universale
2565 1483 2852 1538 concilium
2877 1483 3043 1538 etiam
3089 1497 3189 1553 pro
3223 1482 3604 1537 communibus
3628 1491 3684 1535 et
3728 1495 3825 1534 ec-

2234 1571 2559 1628 clesiasticis
2583 1571 2816 1642 negotiis
2841 1587 2948 1628 non
2974 1572 3261 1636 miserunt,
3299 1571 3556 1641 quoniam
3588 1570 3825 1625 tumultu

2238 1661 2472 1717 tironum
2512 1661 2746 1731 propriis
2778 1661 3192 1717 necessitatibus
3234 1660 3291 1715 in
3329 1660 3641 1716 civitatibus
3677 1660 3823 1723 suis,

2235 1758 2330 1807 aut
2356 1750 2620 1820 impediti,
2650 1758 2743 1805 aut
2770 1752 3009 1807 excusati
3038 1760 3433 1806 remanserunt.
3469 1769 3490 1803 ι

558 1822 891 1917 advgratiam
922 1842 1174 1915 baptismi
1202 1822 1476 1913 perduxit,
1502 1840 1605 1894 rite
1649 1841 1944 1894 observans
1985 1837 2129 1907 quod
2158 1822 2207 1882 Β
2300 1841 2431 1897 CAP.
2459 1840 2601 1896 XIX.
2646 1839 2784 1896 Hinc
2818 1856 2949 1912 ergo
2985 1850 3073 1896 est
3112 1841 3492 1911 colligendum,
3538 1842 3586 1897 si
3626 1856 3815 1897 causa

557 1925 777 1988 afﬂictus
830 1930 1122 2002 Gregorius
1172 1931 1225 1985 in
1271 1929 1491 1985 homilia
1522 1926 1822 1983 Ezechielis
1859 1925 2132 1995 propheta:

558 2023 793 2079 Daniclis
836 2036 1111 2092 exponens
1134 2019 1459 2076 sententiam
1506 2018 1667 2082 (hom.
1698 2015 1732 2070 5
1769 2016 1826 2069 in
1854 2011 2074 2085 Ezech.)
2109 2030 2126 2069 :

560 2113 802 2167 Throuus
832 2111 946 2181 ejus
970 2113 1184 2179 ﬂamma
1215 2110 1372 2180 ignis,
1396 2118 1523 2162 rota:
1549 2106 1664 2176 ejus
1691 2105 1824 2175 ignis
1858 2119 2128 2159 accensus.

566 2219 597 2271 ι⁵
623 2201 685 2256 Ili
721 2200 886 2264 enim,
917 2198 1109 2269 inquit,
1139 2199 1229 2268 qui
1257 2197 1560 2252 animarum
1614 2193 1866 2250 custodes
1902 2200 2048 2257 sunt,
2077 2200 2134 2247 et

558 2291 810 2363 pascendi
838 2290 1020 2362 gregis
1042 2305 1209 2345 onera
1239 2294 1615 2357 susceperunt,
1649 2295 1860 2340 mutare
1884 2284 1999 2339 loca
2034 2282 2134 2338 mi-

558 2383 704 2457 nime
728 2380 1116 2450 permittuntur
1144 2394 1158 2431 :
1200 2379 1295 2435 sed
1337 2378 1462 2450 quia
1491 2391 1600 2432 uno
1624 2376 1677 2430 in
1703 2375 1823 2429 loco
1861 2373 2021 2442 positi
2050 2374 2133 2429 di-

556 2470 803 2525 vinitatis
825 2469 876 2524 in
905 2483 964 2524 se
993 2467 1335 2537 prteseutiam
1359 2472 1574 2539 portant
1597 2473 1654 2519 et
1678 2462 1887 2527 ardent,
1904 2463 2132 2518 thronus

558 2561 653 2616 Dei
697 2558 913 2613 ﬂamma
947 2558 1084 2629 ignis
1109 2558 1329 2612 dicitur.
1366 2575 1386 2608 ι
1437 2556 1502 2610 Et
1544 2555 1672 2613 hinc
1698 2561 1917 2609 sanctus
1944 2552 2129 2624 Augu-

556 2654 731 2708 stinus
756 2655 808 2707 in
837 2650 1057 2723 praefata
1088 2649 1314 2720 epistola
1356 2647 1422 2702 ad
1452 2646 1782 2701 Honoratum
1817 2645 2129 2714 episcopum

555 2745 724 2814 (epist.
762 2742 883 2814 I80)
927 2741 994 2797 ad
1021 2741 1195 2795 locum
1229 2739 1402 2794 dicit:
1439 2756 1459 2790 ‹
1496 2736 1606 2793 Cur
1628 2736 1773 2792 enim
1804 2735 1907 2790 sibi
1934 2742 2130 2805 putant

555 2832 923 2889 iudilI‘erenter
965 2830 1320 2887 obedientium
1370 2834 1656 2898 praecepto,
1705 2825 1795 2880 ubi
1839 2824 2025 2895 legunt
2062 2824 2131 2880 de

554 2919 775 2975 civitate
827 2919 882 2975 in
923 2918 1195 2973 civitatem
1236 2931 1358 2971 esse
1407 2914 1738 2986 fugiendum,
1764 2922 1820 2970 et
1846 2928 2125 2969 mercem-

553 3007 694 3062 rium
724 3022 829 3062 non
855 3006 1169 3071 cxborrent,
1198 3005 1287 3075 qui
1320 3003 1467 3058 videt
1509 3004 1691 3073 lupum
1738 3004 2043 3061 venientem
2073 3010 2129 3058 et

555 3096 713 3166 fugit,
755 3095 1007 3165 quoniam
1055 3110 1162 3149 non
1212 3103 1296 3150 est
1334 3094 1385 3151 ei
1435 3110 1564 3149 cura
1615 3093 1683 3148 de
1731 3094 2005 3149 evibus‘h
2059 3095 2130 3151 Et

552 3185 716 3258 paulo
740 3194 862 3256 post
895 3203 908 3238 :
959 3204 978 3237 ι
1013 3183 1172 3255 Fugit
1198 3178 1507 3256 Apostolus,
1537 3201 1659 3241 cum
1707 3200 1737 3240 a
1783 3195 2128 3256 persecutore

555 3280 773 3357 proprie
823 3279 934 3348 ipse
974 3287 1329 3348 quaereretur,
1377 3277 1497 3333 aliis
1533 3277 1720 3347 utique
1748 3279 2128 3335 necessitatem

554 3369 784 3429 similem
816 3384 921 3424 non
954 3368 1296 3433 habentibus,
1328 3382 1359 3421 a
1393 3367 1588 3437 quibus
1622 3366 1731 3422 illic
1770 3368 2129 3423 ministerium

552 3450 692 3514 absit
747 3468 807 3513 ut
859 3458 1202 3514 desereretur
1250 3457 1527 3513 Ecclesize.
1579 3457 1669 3514 Sic
1722 3459 1858 3528 I‘ugit
1912 3468 2130 3517 san‘ctus

553 3550 885 3607 Athanasius
922 3550 1265 3606 Alexandriae
1306 3550 1623 3622 episcopus,
1672 3565 1794 3606 cum
1840 3565 1964 3608 eum
2006 3569 2129 3623 spe-

553 3629 763 3700 cialiter
816 3643 1220 3721 apprehendere
1277 3639 1625 3699 Constantius
1679 3651 1900 3714 cuperet
1959 3644 2129 3715 impe-

554 3744 722 3791 rator.
768 3751 787 3786 ι

622 3825 751 3882 CAP.
793 3824 978 3881 XVIII:
1018 3824 1271 3895 Legimus
1310 3825 1477 3881 etiam
1532 3824 1587 3881 in
1638 3825 1880 3896 epistolis
1946 3827 2127 3898 magni

551 3914 749 3983 Leonis
801 3931 984 3986 papae,
1041 3917 1183 3986 quod
1233 3932 1357 3972 cum
1419 3918 1751 3989 Eutychiana
1802 3920 2026 3975 haeresis
2072 3922 2127 3975 in

551 4004 919 4062 Orientalibus
969 4007 1212 4077 partibus
1259 4006 1639 4076 conﬂagraret,
1687 4010 1754 4064 ab
1802 4009 2127 4078 imperatore

552 4100 692 4155 idem
733 4100 1058 4171 apostolicus
1094 4100 1358 4171 pontifex,
1388 4101 1484 4156 sed
1512 4110 1567 4156 et
1592 4100 1973 4171 Ilesperiarum
2004 4117 2127 4171 par-

552 4188 688 4243 tium
733 4188 1017 4259 pontiﬁces
1067 4188 1134 4243 ad
1200 4186 1564 4243 nitiversalem
1615 4190 1874 4260 synodum
1927 4188 2129 4245 fuerint

548 4281 782 4355 evocati.
816 4279 971 4335 Unde
996 4280 1137 4335 idem
1172 4289 1392 4337 sanctus
1434 4279 1651 4345 Leo,.ut
1696 4280 1913 4351 proprie
1958 4281 2127 4351 ipsius

547 4370 714 4427 verba
762 4384 1046 4439 ponamus,
1092 4370 1234 4424 inter
1271 4380 1465 4424 cmtera
1498 4371 1774 4438 rescripsit
1798 4370 1866 4427 ad
1889 4370 2126 4426 Theodo-

2230 1934 2354 1991 Iidei
2378 1942 2436 1991 et
2468 1932 2706 2004 generali
2731 1933 3225 1990 ecclesiasticarum
3244 1931 3620 1987 deﬁnitionum
3646 1947 3823 2003 nego-

2230 2024 2308 2079 tio
2339 2023 2537 2078 civium
2560 2022 2833 2088 charitas,
2860 2037 2983 2092 quae
3024 2029 3311 2078 attestante
3353 2022 3612 2094 Apostolo
3635 2022 3823 2091 major

2229 2123 2317 2170 est
2353 2113 2460 2170 ﬁde
2489 2112 2541 2185 (Ι
2585 2111 2708 2169 Cor.
2755 2113 2898 2185 nu),
2932 2112 3174 2183 przeponi
3217 2111 3401 2178 debet,
3446 2113 3589 2169 sicut
3627 2114 3821 2168 verbis

2230 2205 2406 2265 sancti
2449 2205 2648 2262 Leonis
2673 2214 2731 2260 et
2767 2218 3049 2260 sacrorum
3093 2218 3358 2260 canonum
3386 2204 3818 2267 demonstratur,

2229 2305 2411 2352 utrum
2457 2310 2559 2366 pro
2605 2308 2926 2364 quacunque
2950 2292 3057 2348 alia
3087 2308 3246 2349 causa
3290 2292 3563 2349 Ecclesias
3591 2302 3646 2347 et
3684 2307 3823 2346 oves

2229 2386 2387 2441 nobis
2411 2385 2731 2441 commissas
2771 2384 2891 2439 sine
2932 2382 3170 2454 periculo
3201 2381 3478 2437 valeamus
3509 2376 3816 2443 dimittere,

2228 2482 2285 2530 et
2331 2474 2386 2529 in
2429 2472 2566 2529 alias
2617 2486 2962 2543 quascunque
3002 2478 3188 2541 partes
3232 2470 3505 2526 secedere.
3562 2470 3815 2540 Denique

2229 2578 2352 2619 cum
2376 2571 2583 2632 partem
2611 2561 2825 2631 Imperii
2853 2570 3043 2618 contra
3081 2560 3438 2615 Theodosium
3475 2568 3534 2615 et
3566 2559 3816 2617 Valenti-

2227 2653 2448 2710 nianum
2485 2651 2752 2710 Maximus
2778 2651 3058 2721 usurpavit
3081 2661 3136 2706 et
3161 2658 3382 2721 cogeret
3407 2649 3697 2720 episcopos
3727 2654 3815 2708 vel

2227 2751 2416 2801 contra
2447 2742 2608 2798 Iidem
2638 2757 2822 2813 agere,
2849 2741 2935 2796 vel
2960 2740 3231 2801 Ecclesias
3261 2755 3389 2800 suas
3414 2741 3688 2807 deserere,
3722 2752 3819 2797 aut

2227 2833 2334 2889 alio
2359 2833 2601 2903 quolibet
2627 2833 2786 2888 modo
2812 2832 3099 2903 persequi,
3120 2838 3343 2887 sanctus
3369 2830 3628 2887 Martinus
3648 2832 3811 2902 ejus.

2228 2926 2348 2981 dem
2393 2922 2612 2979 Maximi
2648 2924 2993 2993 praesentiam
3040 2931 3096 2978 et
3135 2921 3461 2991 colloquium
3498 2937 3606 2979 non
3638 2925 3812 2978 decli-

2225 3014 2392 3080 navit,
2416 3014 2641 3069 minime
2666 3021 2845 3068 autem
2880 3011 3181 3069 Ecclesiam
3221 3027 3375 3068 suam
3404 3011 3660 3068 desiverit.
3700 3012 3817 3068 Sed

2153 3139 2198 3203 Ο
2228 3122 2351 3163 cum
2380 3106 2568 3203 plures
2587 3120 2650 3163 ex
2696 3104 2926 3203 diversis
2960 3105 3204 3173 partibus
3227 3103 3477 3203 episcopi
3523 3104 3593 3158 ad
3633 3103 3818 3159 laxi-

2230 3213 2376 3255 mum
2403 3196 2602 3254 ferocis
2631 3196 2829 3268 ingenii
2857 3196 3033 3255 virum
3060 3203 3116 3251 et
3156 3195 3416 3251 bellorum
3453 3196 3697 3253 civilium
3732 3197 3815 3251 vi-

2228 3288 2396 3344 ctoria
2422 3287 2622 3343 elatum
2656 3287 3052 3353 convenissent,
3077 3296 3133 3342 et
3156 3285 3297 3341 {teda
3326 3284 3470 3341 circa
3503 3285 3815 3356 principem

2225 3383 2467 3440 omnium
2497 3383 2737 3438 adulatio
2764 3391 3062 3448 notaretur,
3095 3381 3149 3435 in
3173 3380 3289 3436 solo
3322 3379 3552 3435 Martiae
3592 3389 3815 3448 aposto-

2226 3471 2329 3528 lica
2359 3471 2656 3528 auctoritas
2681 3469 3051 3540 permanebat.
3094 3468 3230 3523 Nam
3275 3469 3377 3523 etsi
3408 3483 3508 3538 pro
3541 3468 3813 3538 aliquibus

2225 3561 2635 3633 supplicandum
2682 3559 2798 3630 regi
2827 3559 2943 3622 fuit,
2977 3557 3265 3629 imperavit
3288 3557 3466 3628 potius
3505 3571 3808 3627 quamno-

2225 3652 2394 3724 gavit,
2425 3660 2481 3706 et
2518 3665 2551 3705 a
2592 3651 2840 3707 convivio
2865 3650 2984 3720 ejus
3010 3648 3324 3718 frequenter
3370 3655 3592 3717 rogatus
3638 3646 3808 3701 absti-

2225 3742 2363 3806 nuit,
2383 3741 2570 3796 dicens
2587 3753 2646 3796 se
2670 3753 2871 3794 mensa:
2887 3738 3005 3809 ejus
3022 3736 3336 3809 participem
3354 3750 3476 3793 esse
3492 3751 3604 3791 non
3624 3751 3807 3806 posse,

2224 3834 2316 3904 qui
2362 3834 2735 3904 imperatores,
2767 3847 2936 3887 unum
2982 3836 3176 3902 regno,
3204 3831 3432 3886 alterum
3470 3830 3583 3885 vita
3630 3846 3805 3900 expu-

2224 3924 2395 3981 lisset.
2425 3925 2705 3980 Postremo
2729 3964 2746 3991 ,
2776 3939 2898 3980 cum
2926 3922 3192 3978 Maximus
3220 3937 3281 3978 se
3304 3938 3411 3978 non
3439 3932 3633 3993 sponte
3664 3938 3807 3978 sum-

2222 4013 2399 4082 psisse
2438 4013 2723 4084 imperium
2768 4011 3078 4077 aIIirmaret,
3124 4011 3218 4066 sed
3262 4011 3573 4080 impositam
3621 4012 3731 4068 sibi
3775 4026 3806 4064 a

2225 4104 2489 4159 militibus
2555 4103 2739 4158 divino
2803 4111 2936 4157 nutu
3006 4101 3157 4174 regni
3212 4102 3593 4157 necessitatem
3646 4102 3811 4157 armis

2226 4193 2563 4259 defendisse,
2600 4201 2659 4249 et
2698 4208 2806 4248 non
2847 4193 3079 4247 alienam
3123 4192 3191 4248 ab
3235 4205 3302 4248 eo
3347 4190 3443 4246 Dei
3474 4192 3809 4248 voluntatem

2224 4282 2418 4347 videri,
2459 4296 2625 4351 penes
2652 4296 2814 4351 quem
2858 4289 2967 4336 tam
3013 4280 3311 4336 incredibili
3342 4291 3542 4335 eventu
3588 4283 3807 4338 victoria

2225 4368 2436 4435 fuisset,
2465 4369 2777 4438 nullumque
2804 4384 2871 4423 ex
2900 4370 3224 4424 adversariis
3262 4369 3364 4423 uisi
3407 4370 3462 4424 in
3505 4371 3627 4426 acie
3655 4386 3810 4427 ocat-

550 4461 688 4519 sium
742 4460 1044 4529 Augustum
1092 4461 1261 4531 (epist.
1295 4460 1382 4532 17)
1440 4476 1453 4513 :
1510 4479 1529 4511 ι
1565 4460 1821 4526 Quamvis
1866 4461 1934 4515 ad
1979 4461 2123 4517 diem
2154 4462 2429 4532 Dbuisse,
2478 4461 2696 4517 tandem
2739 4460 2914 4517 victus
2959 4460 3045 4516 vel
3090 4460 3300 4517 ratione
3332 4459 3418 4516 vel
3453 4462 3717 4530 precibus
3743 4463 3807 4518 ad

551 4549 765 4617 concilii
796 4549 1151 4620 episcopalis,
1197 4565 1356 4619 quem
1401 4551 1574 4620 pietas
1606 4559 1783 4606 vestra
1822 4552 2121 4618 constituit,

520 4654 838 4720 (occurrere
866 4655 951 4695 me
976 4640 1111 4695 ratio
1137 4640 1281 4695 nulla
1308 4640 1608 4710 permittat,
1643 4656 1765 4696 cum
1805 4656 1907 4697 nec
1945 4641 2123 4712 aliqua

548 4744 617 4786 ex
639 4730 742 4791 hoc
768 4729 1015 4800 exempla
1038 4730 1431 4800 praecesserint,
1463 4738 1519 4786 et
1544 4729 1856 4799 temporalis
1888 4731 2127 4787 necessi-

550 4828 636 4899 tas
678 4835 766 4881 me
805 4836 912 4877 non
957 4823 1194 4892 patiatur
1245 4820 1493 4876 deserere
1546 4820 1841 4883 civitatem.
1881 4838 1901 4871 ι
1942 4820 2011 4881 Et
2054 4821 2122 4877 ad

545 4914 886 4979 Puleberiam
916 4914 1212 4985 Augustam
1247 4910 1418 4984 (epist.
1457 4910 1545 4981 I5)
1587 4928 1601 4964 :
1658 4928 1679 4962 ι
1721 4909 1877 4976 Nam,
1924 4911 2121 4980 inquit,

546 5004 676 5063 illud
692 5004 839 5083 quod
864 5003 1037 5079 pietas
1072 4999 1413 5071 imperatoris
1440 4999 1603 5054 etiam
1634 5014 1719 5054 me
1761 4999 1988 5054 credidit
2031 5001 2121 5054 de.

545 5097 674 5155 be-e
715 5095 974 5157 interesse
1017 5091 1264 5154 concilio,
1312 5091 1527 5145 etiamsi
1568 5088 1861 5144 secimdum
1906 5088 2121 5158 aliquod

544 5184 852 5255 praedans
882 5184 1193 5254 exigeretur
1235 5179 1568 5250 exemplum,
1617 5193 1761 5232 nunc
1806 5186 1985 5233 tatuen
2026 5192 2122 5233 ne—

543 5289 814 5349 quaquam
856 5281 1039 5345 posset
1084 5271 1316 5342 impleri,
1369 5271 1496 5340 quia
1539 5284 1722 5345 rerum
1762 5266 2119 5340 praesentium

545 5368 708 5431 animis
758 5366 963 5429 incerta
1008 5363 1250 5423 conditio
1297 5377 1330 5418 a
1378 5370 1543 5419 tanta
1588 5362 1737 5417 urbis
1774 5349 1986 5433 populis
2032 5376 2118 5417 me

543 5460 870 5529 abesse-non
910 5456 1133 5522 sineret,
1180 5464 1234 5513 et
1266 5456 1318 5511 in
1367 5455 1791 5526 desperationem
1831 5454 2117 5525 quamdam

544 5530 707 5615 animi
759 5545 1202 5613 tumulmantinm
1254 5546 1618 5610 mitterentur,
1665 5544 1712 5600 si
1753 5558 1851 5614 per
1874 5543 2116 5599 occasio-

545 5652 667 5692 nem
705 5651 882 5692 causa:
910 5636 1290 5692 ecclesiastica:
1315 5636 1526 5690 viderer
1553 5636 1783 5704 patriam
1811 5643 1868 5691 et
1908 5642 2119 5706 aposto-

506 5773 511 5777 .
548 5724 705 5786 licam
723 5726 907 5787 sedem
936 5725 1071 5786 velle
1099 5724 1372 5807 deserere.
1394 5723 1529 5791 Quia
1559 5726 1723 5798 igitur
1751 5725 1818 5782 ad
1848 5725 2118 5797 publicam

2190 4562 2203 4579 κ
2226 4551 2529 4606 convivium
2557 4550 2720 4607 venit.

2298 4640 2426 4697 CAP.
2457 4640 2577 4696 XX.
2604 4641 2674 4697 Et
2710 4642 2838 4698 item
2876 4641 2931 4697 in
2959 4641 3068 4698 vita
3112 4640 3255 4699 illius
3296 4640 3563 4712 scriptum
3608 4653 3697 4700 est
3733 4643 3804 4698 ita

2228 4730 2490 4803 (Severus,
2527 4731 2657 4787 dial.
2696 4748 2761 4797 ll,
2789 4748 2905 4802 cap.
2934 4732 3026 4802 6):
3062 4750 3082 4785 ι
3126 4732 3242 4800 Quo
3282 4740 3530 4801 tempore
3570 4734 3803 4802 primum

2225 4823 2509 4892 episcopus
2537 4822 2695 4879 datus
2719 4828 2822 4887 est,
2854 4820 2955 4877 fuit
2983 4822 3034 4877 ei
3057 4822 3355 4878 necessitas
3393 4821 3550 4876 adire
3578 4823 3801 4878 comita-

2228 4921 2365 4968 tum.
2405 4911 2816 4969 Valentinianus
2842 4920 2955 4968 tum
2979 4912 3150 4983 major
3176 4927 3353 4968 rerum
3390 4913 3722 4982 potiebatur.
3751 4910 3800 4965 Is

2226 5020 2350 5060 cum
2393 5003 2683 5059 Martinam
2720 5017 2786 5059 ea
2829 5011 3013 5072 petere
3034 5001 3377 5072 cognovisset
3398 5016 3523 5071 quae
3545 5008 3799 5071 prstare

2225 5093 2461 5156 nolebat,
2481 5093 2645 5163 jussit
2670 5107 2795 5149 eum
2819 5092 3004 5161 palatii
3034 5092 3241 5147 foribus
3265 5091 3466 5147 arceri.
3490 5091 3705 5147 Etenim
3729 5090 3794 5146 ad

2225 5187 2465 5247 animum
2495 5185 2638 5245 illius
2667 5184 2930 5243 inunitem
2960 5201 3025 5241 ac
3052 5185 3339 5254 superbum
3376 5198 3519 5239 uxor
3559 5197 3793 5240 accesse-

2224 5283 2311 5331 rat
2347 5273 2570 5338 Ariana,
2610 5289 2733 5344 quae
2760 5284 2930 5335 totum
2968 5273 3115 5329 illum
3160 5289 3192 5327 a
3232 5282 3425 5329 sancto
3465 5273 3610 5339 viro,
3652 5272 3791 5328 neci

2225 5365 2458 5423 debitam
2500 5364 2859 5427 reverentiam
2911 5372 3227 5434 praestaret,
3273 5370 3566 5418 averteret.
3615 5360 3793 5430 Itaque

2224 5455 2509 5522 Martinus,
2532 5454 2622 5511 ubi
2648 5454 2818 5510 semel
2844 5462 3006 5524 atque
3036 5453 3232 5508 iterum
3268 5453 3565 5520 superbum
3601 5450 3794 5522 princi—

2222 5562 2348 5617 pem
2368 5545 2569 5603 irustra
2593 5546 2745 5603 adire
2768 5545 3010 5607 tentavit,
3038 5544 3270 5600 recurrit
3292 5543 3360 5599 ad
3378 5551 3509 5598 nota
3527 5541 3787 5613 prasidiis.

2223 5635 2410 5697 Cilicio
2438 5634 2762 5701 obvolvitur,
2784 5634 2967 5695 cinere
3000 5632 3395 5704 conspergitur,
3419 5631 3545 5691 cibo
3566 5634 3790 5701 potaque

2170 5792 2187 5800 _
2222 5728 2475 5805 abstinet,
2507 5726 2783 5783 orationes
2817 5726 3008 5782 diebus
3040 5724 3396 5791 noctibusque
3430 5726 3728 5791 perpetuat.
3762 5734 3783 5768 ι
