3948 5560
168 509 255 566 975

1116 495 1206 552 DE
1242 491 1401 549 FIDE
1436 483 1712 545 CABOLO
1745 483 1909 540 REGI
1949 483 2339 541 SERVANDA.

3263 487 3370 544 974

164 623 219 679 Et
233 626 335 692 post
348 615 609 685 aliquanta
633 630 646 666 :
667 631 686 663 ‹
715 608 825 665 Nec
839 607 1165 678 exspectatis
1186 603 1398 659 Martini
1425 598 1693 692 precibus,
1725 598 1772 656 Α
1796 608 1948 692 care,
1976 611 2084 692 non
2105 595 2433 692 consentire.
2451 595 3372 692 Communicatur_quippe,_quando

158 687 286 784 prius
328 706 498 762 omnia
549 700 799 773 praestitit
846 714 1006 770 quam
1050 704 1351 768 rogaretur.
1411 687 1693 784 colloquio

160 777 284 856 illum
307 804 454 865 atque
489 791 736 848 convivio
779 788 1088 858 frequenter
1117 785 1364 840 adscivit.
1389 803 1407 835 ι
1441 782 1507 835 Ει
1535 777 1693 848 paqu

155 897 257 960 post
289 887 416 957 (cap.
456 881 512 952 8)
551 894 620 934 :t
668 878 932 932 Maximus
972 876 1263 944 imperator
1303 867 1695 960 rempubiicam

154 956 467 1050 gubernabat,
495 971 581 1026 vir
606 969 755 1026 omni
779 967 904 1022 vitae
931 967 1127 1020 merito
1147 960 1541 1050 praadicandus,
1571 956 1696 1012 si'ei

151 1049 226 1122 vel
247 1063 473 1119 diadema
502 1075 612 1116 non
654 1057 892 1128 legitime
919 1055 1280 1110 tumultuante
1314 1050 1483 1106 milite
1517 1049 1690 1117 impo-

150 1157 292 1211 situm
316 1151 614 1223 repudiare,
631 1148 720 1204 vel
741 1146 906 1201 armis
925 1145 1172 1200 civilibus
1211 1141 1480 1197 abstinere
1512 1137 1697 1192 licuis-

149 1255 236 1300 set.
260 1244 360 1300 Sed
387 1255 640 1312 magnum
666 1236 954 1307 imperium
983 1248 1084 1288 nec
1106 1233 1226 1287 sine
1249 1228 1487 1300 pericqu
1517 1225 1692 1288 renui,

145 1351 232 1391 nec
266 1335 372 1388 sine
403 1331 569 1385 armis
602 1328 775 1399 potuit
820 1324 1012 1380 teneri.
1043 1322 1145 1377 llic
1181 1321 1467 1375 Martinam
1499 1315 1697 1385 saepius

142 1433 398 1479 evocatum
427 1429 813 1489 receptumque
843 1417 982 1471 intra
1014 1413 1274 1484 palatium
1313 1407 1697 1464 venerabiliter

141 1511 434 1568 honorabat.
468 1511 638 1566 Totus
663 1507 739 1562 illi
760 1521 882 1562 eum
912 1520 977 1559 eo
997 1517 1194 1568 sermo,
1225 1503 1291 1556 de
1317 1498 1696 1570 praesentibus,

141 1603 198 1657 de
225 1601 426 1665 futuris,
459 1601 524 1655 de
549 1598 781 1653 ﬁdelium
807 1595 976 1667 gloria
995 1634 1011 1659 ,
1054 1595 1120 1648 de
1148 1591 1449 1647 aeternitate
1477 1597 1698 1643 saneto-

138 1707 264 1755 rum,
286 1705 402 1743 cum
433 1688 650 1742 interim
677 1687 862 1740 diebus
893 1699 956 1737 ae
979 1682 1232 1736 noctibus
1263 1681 1328 1734 de
1361 1693 1457 1733 ore
1479 1675 1698 1731 Martini

140 1780 304 1849 regina
328 1777 628 1846 pendebat,
653 1773 965 1844 evangelico
1008 1772 1100 1826 illo
1129 1786 1234 1825 non
1271 1767 1493 1823 inferior
1512 1780 1700 1822 exem-

133 1869 230 1939 plo,
255 1869 417 1940 pedes
451 1867 624 1923 sancti
647 1865 774 1920 ﬂetu
808 1865 1042 1935 rigabat,
1071 1863 1224 1918 crine
1269 1860 1531 1926 tergebat.
1561 1855 1703 1911 Mar-

1795 685 1939 741 facto
1974 686 2091 754 ejus
2121 689 2450 742 consortium
2495 688 2787 743 voluntatis
2827 684 2912 744 vel
2962 688 3371 758 approbationis

1794 775 2120 846 adiungitur.
2154 777 2343 832 Videte
2371 779 2822 847 quemadmodum
2844 778 3128 850 Apostolus
3160 787 3370 834 utrum-

1793 882 1900 937 que
1943 867 2257 937 complexus
2300 875 2427 922 est:
2480 867 2653 924 Nolite
2704 871 3136 934 communicare,
3194 869 3368 939 magis

1794 972 1973 1018 autem
1997 971 2053 1018 et
2081 962 2382 1033 redarguite
2407 963 2459 1036 (Ι
2489 964 2611 1018 Cor.
2636 965 2714 1036 x).
2737 965 2876 1031 Quid
2900 973 3002 1030 est,
3030 965 3198 1019 nolite
3221 979 3370 1018 com-

1796 1053 2114 1108 municare?
2142 1054 2308 1108 nolite
2347 1055 2674 1118 consentire,
2720 1055 2884 1110 nolite
2928 1054 3170 1121 laudare,
3201 1053 3369 1109 nolite

1796 1141 2117 1210 approbare.
2146 1140 2292 1208 Quid
2321 1149 2436 1205 est,
2479 1143 2650 1213 magis
2693 1151 2873 1197 autem
2919 1150 2977 1197 et
3019 1141 3408 1214 redarguitet-

1796 1229 2206 1298 reprehendite,
2250 1231 2542 1300 corripite,
2589 1238 2855 1285 coercete.
2902 1230 3104 1285 Deinde
3153 1232 3206 1284 in
3252 1232 3367 1299 ipsa

1796 1317 2158 1387 correptione,
2191 1319 2274 1372 vel
2313 1319 2641 1374 coercitione
2686 1317 2982 1372 alienorum
3021 1328 3368 1388 peccatorum

1797 1407 2096 1461 cavendum
2120 1417 2224 1470 est,
2258 1422 2325 1461 ne
2368 1421 2427 1461 se
2469 1406 2714 1471 extollat,
2747 1407 2839 1476 qui
2875 1406 3103 1461 alterum
3127 1409 3372 1477 cerripit.

1795 1502 1853 1549 et
1881 1495 2175 1564 apostolica
2222 1493 2311 1549 illa
2358 1495 2638 1564 cogitanda
2689 1495 2994 1550 sententia:
3038 1495 3377 1565 Quapropter

1797 1586 1891 1656 qui
1921 1601 1980 1641 se
2007 1594 2160 1656 putat
2180 1596 2346 1650 stare,
2374 1587 2556 1642 videat
2579 1602 2646 1641 ne
2666 1588 2845 1642 cadat.
2881 1588 3038 1643 Foris
3060 1588 3378 1642 terribiliter

1797 1686 2053 1746 personet
2076 1678 2394 1746 increpatio,
2417 1679 2564 1733 intus
2585 1677 2825 1732 lenitatis
2853 1686 3105 1733 teneatur
3130 1677 3370 1733 dilectio.

1799 1765 1986 1836 Neque
2017 1782 2148 1837 ergo
2192 1768 2594 1823 consentientes
2625 1769 2794 1823 simus
2829 1769 2983 1823 malis
3016 1777 3075 1822 ut
3113 1769 3378 1839 approbe-

1804 1876 1945 1927 mus,
1975 1875 2150 1930 neque
2172 1862 2546 1930 superbientes
2573 1869 2628 1915 ut
2661 1860 2982 1916 insultanter
3005 1876 3314 1931 arguamus.
3351 1882 3370 1915 ι

138 1931 287 2024 tinus,
314 1974 475 2029 quem
499 1957 645 2012 nulla
673 1931 908 2025 unquam
938 1953 1139 2008 femina
1164 1951 1512 2021 contigisset,
1539 1946 1698 2002 istius
1726 1931 1772 1990 Β
1802 1949 1925 2006 Hzec
1947 1959 2073 2006 sunt
2092 1966 2212 2020 quae
2232 1952 2402 2006 sancti
2430 1951 2858 2022 praedecessores
2880 1965 2942 2006 ac
2965 1951 3176 2020 patroni
3203 1951 3377 2007 nostri

133 2052 514 2115 assiduitatem,
558 2050 669 2105 imo
709 2047 886 2117 potius
938 2044 1252 2100 servitutem
1277 2081 1292 2106 ,
1327 2055 1434 2094 non
1482 2043 1700 2108 poterat

133 2142 362 2194 evadere.
391 2139 510 2194 Non
536 2139 624 2193 illa
648 2152 777 2207 opes
798 2134 969 2203 regni,
989 2148 1096 2187 non
1120 2131 1331 2200 imperii
1358 2127 1695 2197 dignitatem,

129 2243 226 2284 non
269 2229 557 2293 diadema,
609 2242 713 2281 non
763 2238 1057 2295 purpuram
1107 2219 1422 2291 cogitabat:
1460 2215 1697 2271 divellia

129 2317 329 2372 Martini
354 2318 584 2388 pedibus
613 2316 726 2372 solo
753 2324 922 2368 strata
959 2327 1064 2366 non
1093 2319 1336 2379 poterat;
1363 2315 1638 2378 postremo
1665 2318 1698 2359 a

128 2410 234 2464 viro
272 2425 373 2464 suo
413 2408 692 2478 peposcit,
724 2404 918 2460 deinde
958 2402 1249 2457 Martinum
1293 2405 1522 2467 uterque
1552 2410 1699 2450 com-

125 2498 336 2568 pellunt,
370 2507 432 2552 ut
482 2497 556 2562 ei,
583 2497 806 2551 remotis
829 2494 1080 2548 omnibus
1108 2490 1372 2546 ministris
1393 2530 1407 2553 ,
1433 2487 1700 2558 prteberet

125 2587 225 2642 sola
253 2587 605 2650 convivium;
655 2599 754 2638 nec
798 2583 973 2653 potuit
1012 2582 1097 2636 vir
1146 2581 1338 2634 beatus
1376 2575 1700 2632 obstinatius

123 2675 392 2732 reluctari.
429 2675 783 2746 Componitur
811 2679 994 2727 castus
1031 2670 1232 2741 reginae
1258 2668 1505 2722 manibus
1529 2678 1700 2734 appa-

123 2774 304 2821 ratus:
333 2765 588 2822 sellulam
621 2765 738 2833 ipsa
781 2760 1110 2826 consternit,
1142 2773 1385 2813 mensam
1426 2757 1697 2818 admovet,

121 2869 307 2924 aquam
374 2856 633 2910 manibus
676 2852 1080 2915 subministrat,
1137 2847 1317 2902 cibum
1373 2859 1532 2914 quem
1583 2843 1698 2912 ipsa

120 2953 336 2998 coxerat
375 2944 621 3014 apponit.
660 2962 678 2993 ι
712 2943 777 2996 Et
805 2941 1010 3010 reliqua
1034 2979 1049 3005 ,
1097 2952 1218 3009 quae
1267 2937 1438 2992 lector
1479 2937 1533 2991 in
1584 2934 1700 2991 suis

117 3037 242 3092 locis
271 3036 501 3107 plenius
529 3034 770 3088 invenire
804 3030 1021 3085 valebit.

179 3127 314 3182 Car.
340 3124 496 3180 XXI.
529 3123 758 3178 Sanctus
785 3122 1102 3176 Ambrosius
1125 3135 1247 3175 cum
1289 3118 1701 3189 imperatoribus

114 3216 221 3270 suis
241 3211 567 3270 Theodosio
590 3211 1030 3267 etValentiniano
1053 3209 1270 3279 agebat,
1299 3217 1355 3263 et
1375 3209 1696 3278 legationem

110 3305 177 3360 ad
202 3305 518 3360 Maximum
541 3306 609 3359 ab
638 3304 962 3372 imperatore
988 3317 1086 3357 suo
1117 3302 1495 3358 Valentiniano
1520 3318 1703 3358 susce-
1731 3283 1776 3346 ο

109 3395 183 3463 pit
209 3395 319 3465 (ep.
345 3394 473 3466 27).
499 3393 669 3460 Quam
698 3394 790 3463 qui
831 3392 1064 3447 voluerit
1097 3392 1236 3447 seire
1275 3392 1543 3462 quomodo
1572 3401 1710 3447 stre-

105 3497 212 3537 nne
261 3483 593 3554 peregerit,
636 3491 690 3535 et
723 3481 954 3551 qualiter
1000 3480 1288 3535 Maximum
1337 3482 1706 3549 redarguerit,

107 3585 207 3625 nec
237 3581 440 3626 tamen
463 3569 580 3638 ejus
597 3569 922 3638 colloquium
946 3568 1316 3633 declinaverit,
1342 3568 1486 3637 legat
1512 3569 1709 3624 librum

102 3657 301 3728 ipsius,
332 3675 512 3730 quem
541 3660 606 3714 de
634 3659 900 3729 legatione
927 3673 1023 3713 sua
1063 3668 1317 3713 exsecuta
1361 3658 1427 3712 ad
1453 3659 1710 3713 eumdem

103 3749 566 3806 Valentinianum
619 3749 958 3818 conscripsit.
1013 3748 1209 3802 Verum
1239 3789 1254 3814 ,
1303 3749 1447 3803 sicut
1499 3749 1552 3803 in
1599 3749 1709 3803 vita

101 3837 250 3892 beati
312 3837 607 3894 Ambrosii
659 3852 690 3891 a
750 3845 938 3891 saneto
986 3834 1214 3890 Paulino
1271 3845 1453 3905 postea
1504 3836 1710 3891 Nolano

97 3928 377 3998 episeopo
404 3928 610 3998 scripta
627 3927 846 3998 legitur,
863 3941 1084 3997 egresso
1113 3926 1416 3982 Theodosio
1444 3929 1509 3982 de
1533 3928 1706 3992 Italia,

93 4027 155 4074 et
178 4020 677 4089 Constantinopoli
711 4019 1034 4082 constituto,
1067 4018 1442 4074 Valentiniano
1468 4021 1712 4088 Augusto

98 4106 249 4162 intra
279 4107 508 4164 Gallias
548 4108 748 4178 posito,
791 4106 1060 4174 Eugenius
1100 4107 1381 4177 tyrannice
1424 4107 1710 4176 imperium

94 4199 442 4268 usurpavit,
482 4207 539 4253 et
564 4213 714 4251 aram
751 4196 1028 4262 Victoriae,
1077 4204 1134 4251 et
1173 4203 1420 4266 sumptus
1458 4211 1714 4252 caeremo-

91 4287 355 4352 niarum,
377 4287 530 4356 quod
547 4284 957 4341 Valentinianus
977 4294 1216 4357 angusta:
1242 4286 1516 4342 memoria:
1533 4286 1712 4342 adhuc

92 4378 149 4430 in
178 4379 520 4432 minoribus
543 4379 700 4432 annis
725 4378 1054 4432 constitutus
1092 4376 1395 4447 petentibus
1417 4378 1712 4448 denegave-

87 4473 198 4530 rat,
229 4467 470 4523 oblitus
492 4467 616 4522 ﬁdei
642 4482 774 4531 sum,
815 4466 1100 4522 concessit.
1138 4465 1251 4522 IIoe
1279 4465 1370 4522 ubi
1394 4466 1714 4524 Ambrosius

86 4557 429 4626 cognovit,
469 4556 659 4611 relicta
703 4557 925 4611 civitate
977 4555 1380 4622 Mediolanensi,
1433 4556 1501 4610 ad
1549 4571 1710 4625 quam

1799 2039 2093 2095 secundum
2120 2040 2392 2094 tramitem
2440 2047 2749 2094 sanctarum
2780 2038 3186 2110 Scripturarum
3218 2040 3378 2110 juxta

1797 2130 2100 2202 episcopale
2145 2131 2503 2185 ministerium
2530 2141 2789 2202 egerunt,
2820 2142 2874 2186 et
2897 2132 3056 2187 nobis
3094 2132 3150 2186 in
3187 2131 3376 2200 hujus-

1799 2221 1944 2275 modi
1991 2220 2354 2275 anxietatibus
2404 2221 2596 2290 positis
2642 2222 2842 2292 agenda
2896 2230 3059 2294 atque
3101 2225 3377 2295 sequenda

1799 2311 1914 2366 suis
1945 2311 2178 2380 posteris
2200 2311 2548 2380 reliquerunt.

1869 2399 1998 2454 Car.
2023 2398 2207 2454 XXIII.
2240 2399 2507 2455 Caeterum
2534 2400 2767 2469 qualiter
2790 2408 2950 2471 etper
2962 2417 3096 2472 quos
3111 2403 3378 2475 agendum

1799 2491 1869 2547 sit
1881 2507 2006 2562 erga
2021 2506 2134 2558 eos,
2151 2491 2242 2562 qui
2263 2507 2485 2559 regnum
2503 2493 2643 2562 regis
2661 2493 2913 2548 invadunt
2931 2534 2947 2560 ,
2959 2494 3208 2550 veridicae
3223 2511 3377 2551 mon-

1797 2583 2223 2639 stranthistoriae
2235 2583 2462 2652 (tripart.
2483 2582 2575 2638 lib.
2591 2598 2670 2647 tx,
2687 2599 2805 2653 cap.
2820 2583 2932 2654 2|).
2947 2585 3188 2640 Aitenim
3202 2584 3380 2640 Theo-

1799 2675 2047 2729 doretus:
2071 2692 2089 2724 ‹
2111 2673 2351 2743 Cumque
2366 2673 2876 2729 audissetMaximus
2889 2689 3008 2744 quae
3034 2690 3221 2731 rursus
3250 2691 3382 2732 con-

1801 2770 1881 2816 tra
1907 2762 2246 2816 Ambrosium
2283 2761 2680 2830 magniloquum
2710 2763 3112 2830 pradieatorem
3137 2763 3380 2818 veritatis

1799 2860 2106 2921 agerentur,
2141 2850 2357 2920 scripsit
2393 2849 2763 2905 Valentiniano
2785 2860 2843 2905 ut
2865 2852 3059 2907 bellum
3085 2853 3226 2923 quod
3257 2867 3382 2922 age-

1799 2941 1924 2995 batu
1934 2956 1958 2992 r
1979 2947 2167 2995 contra
2183 2938 2451 2994 Eeclesias
2465 2939 2779 3004 solveretur,
2793 2955 3016 2996 monens
3029 2949 3084 2995 ut
3098 2951 3382 3011 paternam

1803 3045 1906 3086 non
1928 3030 2203 3085 amitteret
2227 3031 2504 3100 pietatem,
2535 3027 2832 3099 adjecitque
2855 3031 3018 3085 etiam
3037 3032 3212 3086 minas
3233 3031 3379 3098 belli,

1800 3130 1856 3176 et
1875 3122 1974 3176 nisi
1999 3121 2320 3191 quiesceret,
2346 3122 2510 3176 verba
2537 3121 2794 3190 operibus
2821 3121 3156 3192 adimpleret.
3184 3121 3385 3189 Quam-

1800 3212 1987 3266 obrem
2012 3226 2230 3266 sumens
2251 3210 2548 3266 exercitum
2573 3211 2721 3264 venit
2743 3211 3117 3275 Mediolanum,
3145 3213 3233 3267 ubi
3257 3222 3387 3270 tunc

1807 3300 1894 3355 ille
1923 3300 2167 3370 degebat.
2206 3299 2374 3354 Porro
2397 3299 2800 3355 Valentinianus
2829 3315 3124 3363 agnoscens
3153 3301 3272 3372 ejus
3303 3305 3387 3358 in-

1806 3389 2080 3445 vasionem
2107 3389 2242 3459 fugit
2270 3390 2322 3444 in
2347 3389 2638 3460 Illyricum,
2661 3391 3032 3460 experimento
3055 3407 3389 3462 cognoscens

1806 3477 2085 3560 quaemala
2110 3479 2298 3532 matris
2322 3478 2544 3534 consilio
2570 3479 2882 3534 sustineret.
2941 3479 3113 3537 Porro
3141 3481 3390 3538 Theodo-

1808 3567 1921 3622 sius
1966 3568 2190 3622 audiens
2243 3583 2363 3637 qua:
2413 3582 2442 3620 a
2483 3567 2691 3623 Justina
2722 3567 2938 3626 fuerant
2964 3579 3137 3642 gesta,
3163 3581 3217 3628 et
3242 3588 3272 3626 a
3306 3582 3390 3646 ty-

1809 3673 1980 3712 ranno
2023 3658 2248 3728 scripta.
2292 3656 2516 3726 fugienti
2566 3657 2946 3716 Valentiniano
2976 3662 3254 3732 rescripsit
3282 3679 3391 3719 non

1806 3762 1928 3802 esse
1946 3749 2270 3812 mirandum,
2295 3747 2337 3802 si
2361 3748 2673 3818 imperatori
2695 3750 2910 3819 quidem
2935 3759 3130 3818 terror,
3161 3762 3391 3824 tyranno

1808 3852 1937 3891 vero
1974 3845 2213 3905 potestas
2241 3846 2600 3903 accresceret,
2639 3855 2763 3894 cum
2807 3851 3100 3912 imperator
3129 3844 3392 3914 impietati

1811 3925 2026 3980 rebellis
2060 3926 2373 3988 exstitisset,
2404 3936 2664 3996 tyrannus
2707 3940 2886 3986 autem
2921 3933 2970 3986 ei
3003 3933 3200 3988 auxilia
3241 3949 3392 3990 com-

1810 4019 2076 4080 modaret,
2119 4025 2174 4070 et
2211 4025 2496 4086 propterea
2548 4018 2634 4074 ille
2679 4021 2895 4089 quidem
2939 4022 3150 4093 fugeret
3195 4029 3390 4094 nudus,

1810 4107 1913 4162 iste
1941 4123 2068 4162 vero
2095 4117 2402 4163 armaretur
2428 4110 2693 4165 adversus
2716 4113 2937 4168 nudum.
2970 4134 2988 4165 ι
3043 4115 3113 4170 Ει
3138 4115 3390 4174 Socrates

1810 4198 1984 4270 (ibid.,
2009 4213 2127 4268 cap.
2155 4198 2278 4268 25):
2313 4216 2332 4250 ε
2364 4196 2560 4253 Verum
2587 4200 2881 4270 imperator
2906 4203 3235 4259 Theodosius
3259 4205 3388 4261 dum

1811 4294 2097 4358 tyrannum
2126 4288 2528 4358 aggrederetur,
2549 4300 2933 4362 cegnosecntes
2953 4292 3168 4348 Maximi
3197 4295 3394 4352 milites

1811 4379 2152 4448 praesentiam
2179 4379 2548 4434 instructionis
2571 4379 2880 4450 imperialis,
2907 4390 2961 4437 et
2979 4383 3256 4454 signorum
3277 4385 3394 4456 ejus

1812 4468 2119 4533 adventum,
2145 4482 2213 4522 ne
2238 4467 2396 4523 famae
2415 4468 2632 4537 quidem
2655 4470 2822 4538 ipsius
2840 4471 3099 4542 impetum
3124 4474 3395 4529 sustinere

1815 4557 2119 4624 valuerunt,
2147 4558 2241 4612 sed
2281 4558 2742 4629 apprehendentes
2764 4568 3050 4631 tyrannum
3081 4562 3319 4618 vinctum
3344 4565 3395 4620 ei

81 4645 406 4718 Eugenius
446 4645 698 4702 festinato
727 4647 1003 4712 veniebat,
1046 4647 1114 4700 ad
1143 4645 1394 4701 Tusciam
1424 4662 1592 4716 usque
1626 4646 1719 4701 deo
1743 4617 1798 4680 θ
1821 4649 2066 4718 protinus
2111 4617 2437 4716 obtulerunt,
2477 4649 2568 4719 qui
2614 4617 2804 4704 eorum
2846 4651 3130 4707 consulatu
3185 4667 3398 4722 perem-

84 4737 352 4802 seendit,
410 4737 691 4792 declinans
738 4736 908 4805 magis
960 4745 1236 4805 aspectum
1285 4735 1535 4807 sacrilegi
1588 4735 1714 4802 viri,
1815 4751 1943 4810 plus
1976 4746 2059 4796 est
2092 4741 2321 4809 septimo
2353 4749 2408 4794 et
2445 4740 2700 4795 vicesimo
2737 4740 2823 4795 die
2856 4741 3080 4812 Augusti
3121 4743 3346 4798 mensis.
3375 4760 3394 4793 ι

79 4843 272 4896 quam
332 4829 654 4884 formidans
684 4828 998 4897 imperantis
1030 4827 1312 4895 'injuriam.
1345 4827 1480 4882 Nam
1525 4837 1578 4883 et
1605 4830 1719 4899 epi—
1889 4830 2016 4885 Car.
2047 4828 2238 4884 XXIV.
2275 4830 2342 4884 Et
2369 4829 2420 4882 in
2449 4829 2673 4885 historia
2708 4829 2831 4884 vita:
2867 4830 3011 4884 beati
3051 4829 3325 4885 Ambrosii
3371 4846 3402 4884 a

79 4916 308 4970 stolam
355 4916 444 4970 ad
466 4918 710 4971 eumdem
739 4917 904 4982 dedit,
938 4915 991 4969 in
1014 4931 1118 4983 qua
1151 4918 1408 4971 convenit
1438 4919 1719 4973 conscien-
1819 4930 2009 4980 sancto
2053 4920 2278 4975 Paulino
2327 4923 2631 4991 conscripta
2666 4920 2899 4988 legitur:
2939 4942 2957 4973 ι
2988 4921 3271 4976 Profectus
3306 4921 3406 4974 ita-

79 5007 231 5059 tiam
265 5006 450 5060 illius
471 5007 536 5062 de
559 5006 842 5073 sacrilegio
870 5023 884 5060 :
917 5003 1069 5072 cujus
1096 5012 1376 5075 aspectum
1405 5015 1569 5077 atque
1607 5007 1719 5062 col-
1821 5025 1927 5081 que
1954 5010 2206 5074 sacerdos
2249 5011 2316 5066 de
2354 5010 2603 5068 Thusciae
2640 5010 2884 5081 partibus
2922 5011 3279 5067 Mediolanum
3327 5024 3412 5064 re-

74 5094 373 5164 loquium
432 5110 538 5151 non
579 5097 869 5154 declinavit
894 5110 994 5166 pro
1038 5087 1297 5166 usurpato
1341 5098 1593 5170 imperio,
1619 5098 1716 5155 sed
1822 5101 2068 5166 vertitur,
2095 5102 2208 5173 jam
2249 5102 2373 5157 inde
2407 5118 2628 5174 egresso
2652 5100 2893 5168 Eugenio
2933 5110 3124 5157 contra
3165 5095 3416 5152 Theodo-

72 5197 188 5250 pro
226 5183 512 5248 admisso
529 5185 836 5255 sacrilegio.
1822 5191 1963 5248 sium
2008 5192 2389 5264 imperatorem
2421 5235 2434 5258 ,
2484 5196 2669 5264 ibique
2724 5190 3021 5248 Christiani
3071 5189 3422 5258 imperatoris

151 5270 316 5327 ΟΑΡ.
351 5269 529 5328 XXII.
571 5275 663 5332 Sic
686 5273 858 5329 secuti
889 5279 1014 5327 sunt
1036 5271 1226 5329 beatus
1247 5272 1529 5355 blarttnus,
1556 5284 1718 5346 atque
1821 5280 2234 5350 praestolabatur
2266 5283 2578 5348 adventum,
2623 5291 2851 5335 securus
2900 5280 2974 5336 de
3018 5281 3112 5335 Dei
3155 5275 3419 5344 Ροιειιιὶίι.

65 5357 135 5414 S.
153 5359 534 5418 Ambrosius
555 5360 882 5422 sententiam
900 5359 1126 5429 apostoli
1146 5360 1293 5417 Pauli
1321 5363 1581 5424 dicentis:
1604 5365 1718 5420 No-
1823 5367 1968 5436 quod
1995 5384 2102 5424 non
2135 5370 2372 5425 traderet
2397 5373 2714 5426 credentem
2747 5364 2799 5416 in
2835 5378 2898 5419 se
2943 5364 3252 5424 hominibus
3281 5361 3424 5432 inju-

58 5450 167 5492 Ιὸιρ
184 5453 623 5503 ριυνκηιηὺεηη
636 5451 882 5502 ηηρνὶιηη
895 5449 1233 5496 ὅηῖηιηηηιὸο
1249 5456 1596 5506 Ιοθιρήνηφοιοη-
1610 5473 1701 5502 mn,

1824 5459 1924 5502 alia
1975 5475 2072 5496 non
2105 5461 2429 5504 molinnnnrnl
2461 5462 2673 5515 γίγσεηη
2716 5463 2990 5494 nannaIn-r
