4010 6330
192 366 301 429 9⁷7
674 348 725 391 4;
739 348 1046 399 ..νθίηαωο-

1194 381 1283 437 DE
1306 380 1478 437 'FIDE
1516 377 1790 437 CABOLO
1829 378 1989 436 REGI
2024 379 2413 441 SERVANDA.

3338 400 3440 456 978

192 491 373 538 nostra
393 500 488 553 per
515 485 813 558 epistolam,
853 492 990 547 hunc
1030 502 1230 558 notate,
1252 504 1301 548 et
1346 495 1505 550 nolite
1547 493 1766 548 commi-a
1790 496 1841 556 Α
1869 490 2041 563 ipsum
2068 496 2384 566 sanguinem
2412 498 2633 555 bibant?
2658 500 2908 573 Nunquid
2945 513 3001 561 et
3023 505 3188 564 J‘udas
3206 513 3450 580 magistri

188 573 328 626 ποτε
349 589 467 628 cum
493 592 554 631 eo
577 574 662 649 (Il
696 578 875 635 Thess.
908 583 989 654 ν).
1017 582 1124 639 Sed
1153 598 1221 638 ne
1249 584 1552 655 subriperet
1581 585 1676 639 tibi
1699 599 1767 640 ex

195 659 306 716 hoc
327 662 644 734 iracundia,
673 678 731 724 et
779 671 1024 728 turbaret
1049 672 1263 729 oculum
1313 682 1494 741 tuum,
1510 674 1647 739 Non,
1686 676 1769 731 in-

188 751 337 819 quit,
366 761 427 806 ut
449 753 734 812 inimicum
758 772 882 814 eum
909 762 1248 829 existimetis,
1298 764 1392 819 sed
1425 764 1678 834 corripite
1705 774 1767 821 ut

189 838 418 898 fratrem
451 854 510 898 ut
533 848 856 905 erubescat:
888 866 919 906 a
951 867 1059 922 quo
1107 853 1300 910 indixit
1349 856 1764 925 separatiouem,

182 947 297 988 non
322 937 565 1004 praecidit
588 939 981 1000 dilectionem.»
1004 948 1072 1001 Et
1082 947 1206 1004 alibi
1222 947 1377 1019 (ρεαι.
1397 949 1520 1017 c,5,
1540 951 1763 1021 August.

178 1022 244 1076 in
286 1024 423 1093 psal.
459 1025 512 1099 c)
547 1045 567 1082 :i
600 1047 620 1082 ι
662 1030 923 1103 Superbo,
944 1036 1142 1106 inquit,
1192 1038 1342 1093 oculo
1385 1048 1435 1093 et
1482 1039 1765 1095 insatiabili

176 1116 368 1183 corde,
399 1118 521 1173 huic
549 1136 653 1176 non
702 1127 1040 1181 conveuebar
1062 1144 1083 1183 :
1113 1129 1166 1183 id
1204 1138 1310 1195 est,
1354 1145 1462 1187 non
1501 1147 1624 1187 cum
1671 1131 1764 1188 illo

177 1204 600 1263 manducabam.
629 1209 909 1277 Quomodo
937 1217 1095 1272 nobis
1117 1219 1368 1288 proponit
1401 1219 1517 1276 haec
1546 1222 1763 1292 quando

118 1562 125 1565 ⁷
172 1568 423 1637 quidem,
447 1570 662 1641 fratres,
689 1588 908 1649 propter
926 1585 1320 1655 correptionem
1347 1586 1580 1658 aliquam
1606 1596 1759 1647 tene-

174 1671 307 1712 ntus
334 1674 431 1714 nos
450 1658 612 1741 etiam
639 1680 671 1721 a
696 1665 953 1725 fratribus
989 1674 1211 1739 nostris,
1254 1684 1309 1731 et
1359 1693 1465 1732 non
1513 1693 1635 1733 cum
1678 1680 1759 1736 eis

172 1746 550 1813 convivantur,
576 1759 637 1805 ut
678 1755 1037 1826 corrigantur.
1080 1759 1213 1816 Cum
1259 1765 1534 1822 extraneis
1577 1768 1760 1837 potius

1868 580 2133 647 venditor,
2163 593 2218 639 et
2239 587 2466 643 traditor
2498 589 2686 659 ipsius,
2726 595 2973 662 quamvis
3014 596 3187 667 ipsum
3215 602 3444 669 primum

1869 673 2115 728 manibus
2126 674 2557 743 ejuscouleetuiu
2569 695 2967 740 sacramentum
2981 690 3160 744 carnis
3171 702 3225 745 et
3236 697 3451 764 sangui-

1866 763 1953 817 nis
1971 762 2087 832 ejus
2110 779 2231 819 cum
2248 768 2461 824 caeteris
2481 770 2772 841 discipulis,
2813 775 2953 832 sicut
2986 781 3226 846 apertius
3270 762 3449 842 Lucas

1866 855 2193 924 evangelista
2210 856 2469 924 declarat,
2485 863 2835 919 manducaret
2856 866 3147 933 etbiberet,
3164 875 3362 929 mansit
3389 876 3441 930 in

1865 943 2104 1012 Christo,
2122 954 2177 1002 et
2194 947 2441 1005 Christus
2457 950 2509 1005 in
2531 952 2788 1009 eoiMulti
2804 955 3051 1027 denique,
3071 961 3160 1030 qui
3177 962 3446 1020 velcorde

1865 1033 1992 1090 ficto
2019 1051 2236 1091 carnem
2262 1037 2409 1093 illam
2445 1042 2864 1108 manducant,et
2887 1030 3197 1118 sanguinem
3229 1051 3439 1117 bibunt,

1863 1126 1950 1180 vel
1996 1142 2117 1182 cum
2153 1128 2598 1186 manducaveriut
2624 1141 2679 1187 et
2702 1134 2936 1191 biberint
2981 1150 3240 1207 apostatte
3284 1143 3439 1209 tiunt,

1863 1218 2106 1288 nunquid
2126 1229 2346 1275 manent
2369 1222 2421 1277 in
2450 1220 2688 1291 Christo,
2719 1235 2811 1280 aut
2832 1226 3080 1286 Christus
3106 1232 3159 1286 in
3187 1234 3303 1290 eis?
3331 1228 3449 1292 Sed.

1860 1311 2105 1381 profecto
2129 1322 2215 1369 est
2262 1313 2476 1383 quidam
2511 1316 2701 1372 modus
2742 1319 3097 1376 manducandi
3133 1324 3278 1381 illam
3323 1343 3441 1383 car-

1861 1416 2010 1467 nem,
2051 1410 2107 1456 et
2148 1387 2365 1458 bibendi
2415 1405 2567 1459 illum
2612 1409 2951 1478 sanguinem,
2983 1426 3088 1480 quo
3135 1416 3295 1469 modo
3344 1417 3441 1486 qui

1860 1490 2272 1546 manducaverit
2308 1500 2362 1548 et
2390 1493 2611 1561 biberit,
2643 1495 2697 1550 in
2727 1496 2944 1553 Christo
2969 1511 3169 1568 manet,
3203 1512 3254 1558 et
3277 1503 3439 1559 Chri-

1858 1590 1977 1637 stus
2006 1582 2060 1637 in
2085 1598 2169 1638 eo.
2201 1581 2317 1638 Non
2348 1599 2478 1657 ergo
2501 1601 2823 1660 quocunque
2848 1592 3007 1646 modo
3036 1594 3264 1663 quisque
3287 1612 3440 1650 man-

1859 1667 2142 1726 ducaverit
2192 1687 2412 1728 carnem
2467 1674 2712 1744 Christi,
2757 1686 2813 1731 et
2865 1679 3060 1736 biberit
3118 1686 3436 1753 sanguinem

1856 1757 2082 1828 Christi,
2107 1770 2289 1818 manet
2333 1764 2389 1820 in
2416 1764 2654 1833 Christo,
2703 1778 2757 1824 et
2803 1770 2858 1825 in
2902 1771 2993 1827 illo
3038 1772 3303 1842 Christus,
3340 1780 3446 1837 sed

172 1836 553 1908 convivamur,
581 1851 636 1896 et
664 1857 785 1899 cum
814 1848 1056 1919 paganis,
1085 1864 1247 1919 quam
1276 1868 1396 1908 cum
1422 1855 1511 1911 liis
1544 1857 1635 1926 qui
1658 1873 1755 1913 no-
1784 1841 1830 1899 Β
1857 1862 2008 1910 certo
2038 1855 2269 1927 quodam
2294 1859 2472 1923 modo,
2498 1862 2952 1931 quemadmodum
2984 1865 3168 1936 utique
3192 1868 3306 1937 ipse
3351 1871 3434 1924 vi-

171 1926 388 1984 biscuin
413 1942 592 2001 erant,
618 1944 675 1991 et
717 1938 873 1996 uobis
917 1942 1219 2011 adhrerent,
1264 1946 1309 2001 si
1342 1947 1636 2005 viderimus
1660 1966 1759 2008 eos

171 2018 323 2075 male
344 2021 547 2087 vivere,
571 2035 629 2080 ut
653 2030 973 2086 erubescant
998 2043 1049 2088 et
1072 2036 1432 2108 corrigantur,
1465 2039 1605 2095 sicut
1622 2041 1758 2098 dicit

171 2107 492 2204 Apostolus:
528 2115 755 2188 Siquis
802 2137 906 2177 non
955 2125 1179 2181 obaudit
1224 2107 1387 2184 verbo
1429 2139 1615 2187 nostro
1656 2148 1756 2204 per

168 2201 481 2271 epistolam,
512 2207 655 2266 hunc
678 2219 878 2279 notate,
895 2223 951 2268 et
973 2215 1142 2271 nolite
1158 2217 1497 2275 commisceri
1520 2237 1641 2275 cum
1658 2201 1753 2290 eo,

170 2300 229 2346 et
256 2308 363 2349 non
390 2304 449 2349 ut
470 2297 743 2355 inimicum
773 2318 895 2356 eum
923 2306 1267 2375 existimetis,
1298 2310 1391 2364 sed
1418 2312 1673 2382 corripite
1693 2320 1753 2368 ut

172 2383 397 2442 fratrem
427 2387 479 2458 (I
497 2390 617 2445 Cor.
642 2396 718 2459 v).
764 2392 1014 2451 Facimus
1041 2398 1145 2452 hoc
1173 2398 1488 2470 plerumque
1531 2415 1753 2472 propter

170 2475 516 2544 medicinam,
553 2489 607 2534 et
644 2489 975 2541 tamencum
1014 2488 1299 2545 extraneis
1317 2490 1511 2546 multis
1547 2502 1749 2549 etcum

169 2566 354 2637 impiis
386 2585 528 2639 saepe
555 2574 842 2631 vescimur.
874 2596 892 2628 ι

238 2657 369 2715 αλιι.
398 2659 586 2719 XXIX.
612 2665 678 2721 Et
706 2667 832 2724 item
857 2669 910 2724 in
933 2668 1187 2728 Tractatu
1212 2673 1399 2743 psalmi
1436 2676 1662 2747 (inpari.
1687 2694 1741 2746 c,

167 2767 316 2807 conc.
339 2751 395 2825 2)
415 2771 429 2807 :
455 2774 475 2807 ι
495 2754 726 2826 Respice
744 2759 811 2814 ad
829 2776 1048 2817 munera
1069 2764 1235 2834 ipsius
1258 2766 1534 2833 Ecclesiae,
1548 2762 1744 2826 munus

163 2852 628 2901 sacramentorum
661 2847 714 2902 in
738 2849 1020 2920 baptismo,
1053 2854 1105 2909 iu
1126 2857 1474 2923 eucharistia,
1507 2860 1560 2914 in
1583 2872 1744 2917 caste-

158 2932 244 2987 ris
271 2934 479 2990 sanctis
496 2939 868 3006 sacramentis,
900 2942 1067 3011 quale
1090 2960 1285 3002 munus
1323 2950 1441 3003 est?
1484 2951 1588 3008 hoc
1623 2969 1741 3007 mu-

98 3096 101 3097 r
156 3037 269 3077 nus
310 3024 536 3093 adeptus
562 3036 643 3082 est
669 3037 724 3083 et
761 3029 946 3088 Simon
1002 3050 1209 3106 magus.
1253 3037 1543 3111 Prophetia
1580 3044 1740 3113 quale

1857 1942 2039 2009 debat,
2067 1947 2281 2014 quando
2308 1947 2409 2002 ista
2442 1950 2671 2004 dicebat.
2698 1970 2727 2003 ι
3020 2028 3023 2031 δ
3270 2014 3274 2017 ,

1872 2036 1875 2041 ’
1924 2032 2053 2089 Car.
2087 2034 2278 2091 XXXI.
2317 2037 2383 2091 Et
2422 2038 2474 2092 in
2516 2040 2743 2109 epistola
2773 2041 2986 2098 concilii
3017 2042 3084 2098 ad
3114 2044 3425 2107 Donatistas

1855 2120 1999 2195 (tom.
2037 2124 2149 2193 VII,
2177 2125 2236 2182 S.
2261 2127 2482 2199 August.
2503 2131 2654 2201 epist.
2690 2130 2812 2201 152)
2840 2150 2854 2187 :
2905 2153 2923 2187 t
2965 2133 3220 2207 Quisquis
3246 2139 3297 2193 in
3325 2141 3428 2197 hac

1854 2216 2092 2273 Ecclesia
2130 2219 2267 2276 bene
2309 2220 2530 2287 vixerit,
2579 2221 2712 2276 nihil
2758 2224 2807 2278 ei
2854 2226 3209 2297 pricjudicant
3253 2229 3429 2287 aliena

1851 2315 2097 2376 peccata,
2135 2309 2263 2378 quia
2320 2310 2691 2382 unusquisque
2747 2312 2799 2367 in
2852 2330 2914 2370 ea
2962 2318 3239 2387 proprium
3292 2337 3430 2376 onus

1850 2400 2109 2470 portabit,
2153 2400 2296 2457 sicut
2335 2403 2622 2479 Apostolus
2646 2406 2777 2462 dicit
2807 2426 2820 2462 :
2852 2409 2921 2463 Et
2944 2412 3251 2482 quicunque
3280 2414 3334 2468 in
3364 2429 3429 2469 ea

1849 2505 2046 2561 corpus
2075 2490 2276 2548 Christi
2313 2494 2724 2551 manducaverit
2752 2496 2989 2569 indigne,
3016 2501 3280 2572 judicium
3322 2506 3425 2560 sibi

1848 2584 2141 2639 manducat
2180 2594 2236 2641 et
2263 2585 2419 2640 bibit.
2456 2586 2591 2641 Nam
2621 2590 2785 2645 etiam
2822 2592 2926 2647 hoc
2974 2593 3088 2665 ipse
3135 2597 3425 2667 Apostolus

1846 2673 2080 2743 scripsit.
2106 2674 2239 2729 Cum
2269 2686 2448 2732 autem
2501 2680 2652 2745 dicit,
2687 2679 2954 2736 Iudicium
2984 2685 3083 2739 sibi
3110 2688 3420 2752 manducat,

1844 2761 1976 2816 satis
2022 2762 2259 2820 ostendit
2287 2766 2410 2835 quia
2439 2782 2543 2822 non
2588 2768 2743 2823 alteri
2791 2770 3055 2841 judicium
3104 2777 3416 2843 manducat,

1843 2850 1936 2905 sed
1964 2851 2087 2918 sibi,
2118 2852 2244 2923 quia
2273 2857 2583 2912 communio
2613 2857 2878 2913 malorum
2905 2875 3011 2915 non
3043 2863 3278 2919 maculat
3322 2864 3420 2921 ali-

1843 2955 2004 3011 quem
2044 2942 2461 3015 participatione
2513 2957 2997 3017 sacramentorum,
3048 2952 3143 3007 sed
3191 2968 3421 3011 consen-

1841 3032 1994 3087 sione
2023 3031 2312 3090 t‘actorum.
2371 3035 2505 3092 Nam
2561 3034 2606 3093 si
2660 3039 2715 3093 in
2766 3039 2923 3096 factis
2972 3042 3127 3100 malis
3178 3061 3284 3100 non
3341 3048 3420 3104 eis

155 3127 360 3168 munus
388 3115 504 3169 est?
530 3119 946 3188 prophetai'itet
999 3124 1129 3180 Saul
1176 3128 1351 3186 malus
1389 3146 1504 3197 rex,
1531 3141 1588 3189 et
1611 3143 1737 3192 tunc
1775 3198 1809 3206 _
1838 3121 2065 3191 quisque
2092 3124 2415 3191 οοηεθηῐίθι»
2446 3135 2625 3197 Dom“
2674 3129 2848 3185 malus
2894 3146 3114 3188 causam
3162 3150 3336 3206 suam:
3365 3147 3420 3193 ei

152 3202 506 3271 prophetarit
529 3221 649 3262 cum
682 3209 847 3266 David
881 3223 1125 3271 sanctum
1156 3231 1588 3291 persequeretur.
1618 3245 1638 3279 ι
1672 3227 1735 3283 Et
1766 3198 1812 3262 Ο
1842 3227 2128 3283 Personam
2160 3232 2336 3284 suam.
2386 3233 2487 3273 nec
2536 3220 2854 3291 Ρνωὶυάίοδῑ
2902 3223 3057 3278 amri
3087 3265 3101 3291 ο
3147 3198 3333 3295 ριμθηί
3364 3230 3417 3284 in

153 3291 371 3389 item-in
399 3308 578 3389 serui:
598 3292 800 3379 Evaug.
831 3302 1054 3361 Joannis
1080 3306 1251 3389 (scivit.
1288 3311 1380 3379 50,
1408 3312 1466 3369 in
1502 3314 1690 3389 Joan.)
1717 3337 1731 3374 :

154 3400 178 3433 α
213 3380 364 3438 Talis
388 3395 508 3442 erat
547 3385 734 3457 Judas,
761 3403 818 3449 et
845 3402 1026 3453 tamen
1054 3414 1176 3455 cum
1206 3383 1426 3460 sanctis
1459 3380 1736 3478 discipulis

152 3473 414 3530 undecim
437 3476 672 3536 intrabat
696 3492 752 3538 et
779 3486 978 3544 exibat.
1008 3488 1088 3545 Ad
1110 3491 1280 3561 ipsam
1311 3509 1520 3550 cuinam
1549 3473 1737 3555 Domi-

148 3562 338 3619 nicam
380 3568 587 3635 pariter
610 3575 858 3640 accessit,
908 3583 1216 3639 conversari
1249 3599 1372 3639 cum
1412 3586 1493 3643 eis
1534 3592 1738 3659 potuit,

152 3667 253 3707 eos
279 3654 563 3725 inquinare
590 3677 694 3717 non
721 3667 914 3733 potuit.
934 3668 1008 3724 De
1046 3687 1151 3727 uno
1179 3688 1317 3743 pane
1339 3684 1393 3731 et
1417 3654 1610 3735 Petrus
1635 3654 1730 3738 ac;

150 3742 303 3810 cepit
322 3752 376 3798 et
399 3742 583 3813 ludas,
606 3758 660 3803 et
686 3760 860 3808 tamen
885 3771 1148 3828 quaspars
1172 3742 1312 3817 lidel-i
1341 3779 1464 3820 cum
1493 3768 1731 3826 inﬁdeli?

151 3829 353 3886 Petrus
371 3835 514 3888 enim
533 3839 737 3909 accepit
758 3842 824 3896 ad
839 3845 1028 3909 vitam,
1051 3847 1217 3903 ludas
1228 3852 1292 3904 ad
1309 3863 1560 3911 mortem.
1584 3858 1730 3925 Quo-

151 3922 319 3976 modo
330 3924 473 3980 enim
496 3927 585 3983 ille
599 3928 734 3984 odor
756 3930 951 3999 bonus,
972 3936 1051 3991 sic
1077 3936 1164 3992 ille
1184 3939 1336 3997 cibus
1354 3942 1548 4001 bonus.
1576 3922 1729 4007 Sicut

150 4024 290 4080 ergo
309 4011 445 4068 odor
465 4014 659 4082 bonus,
683 4017 755 4073 ita
782 4029 836 4074 et
854 4021 1006 4079 cibus
1044 4025 1237 4093 bonus,
1273 4029 1443 4088 honos
1469 4034 1726 4105 vivificat,

149 4099 329 4157 malos
363 4105 675 4162 mortiﬁcat.
709 4109 809 4177 Qui
840 4112 984 4167 enim
1030 4117 1436 4176 manducaverit
1487 4125 1738 4198 indigne,

145 4189 415 4283 judicium
449 4196 550 4250 sibi
587 4201 879 4257 manducat
901 4212 959 4259 et
983 4204 1147 4261 bibit:
1170 4207 1434 4277 judicium
1461 4189 1733 4283 sibi,vnon.

148 4279 267 4335 tibi.
302 4281 357 4337 Si
388 4281 649 4351 judicium
686 4291 812 4357 sibi,
853 4308 958 4349 non
994 4295 1123 4362 tibi,
1173 4298 1341 4356 tolera
1389 4279 1587 4361 malum
1631 4309 1728 4364 ho-

1841 3308 2198 3364 consensione
2246 3309 2373 3364 mali
2421 3312 2601 3380 cperis
2657 3313 2861 3370 socium
2918 3330 3024 3372 non
3084 3316 3245 3374 habet
3300 3321 3410 3375 cri-

1838 3398 2020 3453 minis.
2069 3418 2087 3449 ι

1906 3488 2036 3544 (Ἀρ.
2073 3489 2284 3546 XXXII.
2336 3490 2713 3550 Verumtamen
2760 3494 2989 3568 legimus
3030 3498 3083 3554 in
3127 3500 3231 3555 vita
3269 3503 3413 3558 beati

1835 3576 2108 3633 Ambrosii
2152 3594 2183 3633 a
2234 3580 2394 3634 beato
2424 3582 2651 3638 Paulino
2678 3585 2899 3655 scripta,
2942 3602 3064 3643 eum
3099 3603 3130 3643 a
3169 3605 3411 3646 commu-

1835 3664 2012 3721 nionis
2033 3669 2306 3725 consortio
2332 3670 2982 3747 Maximmnsegregasse,
2998 3687 3058 3733 et
3070 3681 3412 3738 admonuisse

1836 3753 2006 3821 illum,
2039 3765 2097 3810 ut
2123 3755 2276 3813 effusi
2306 3762 2597 3830 sanguinis
2635 3763 2835 3820 domini
2864 3768 2970 3831 sui,
3020 3778 3077 3824 et
3123 3771 3268 3840 quod
3325 3780 3409 3827 est

1832 3848 2075 3916 gravius,
2102 3848 2424 3916 innocentis,
2447 3861 2632 3923 ageret
2653 3856 3109 3924 pmnitentiam,si
3139 3860 3237 3915 sibi
3266 3862 3407 3931 apud

1832 3937 2000 3991 Deum
2026 3937 2186 3993 vellet
2211 3954 2331 3995 esse
2364 3943 2692 3997 consultum.
2724 3942 2831 3998 Sed
2860 3944 2948 3999 ille
2978 3960 3101 4000 cum
3142 3950 3403 4017 paeniten-

1831 4028 1970 4081 tiam
1990 4027 2223 4083 declinat
2258 4030 2491 4099 superbo
2536 4032 2897 4102 spiritu,non
2924 4035 3095 4090 solum
3148 4038 3411 4109 futuram,

1829 4118 1923 4172 sed
1948 4118 2111 4173 etiam
2156 4130 2493 4190 praesentem.
2538 4122 2768 4177 salutem
2819 4125 3017 4190 amisit,
3049 4142 3402 4199 regnumque,

1827 4208 1969 4277 quod
1997 4209 2135 4264 male
2160 4210 2738 4280 arripuerat,.femineo
2756 4215 2988 4283 quodam
3021 4216 3212 4272 timore
3240 4219 3398 4289 depo-

1827 4297 1953 4362 suit,
1969 4305 2028 4352 ut
2043 4292 2447 4367 procurator-cm
2474 4317 2532 4357 se
2561 4302 2868 4373 reipublicae
2892 4305 3108 4360 nomine
3127 4306 3404 4376 praefuisse

144 4386 275 4437 nus,
299 4380 361 4428 ut
377 4388 561 4432 venias
582 4379 646 4433 ad
679 4387 956 4450 priemium
994 4386 1280 4458 bonorum,
1313 4406 1383 4449 ne
1411 4395 1727 4455 mittarisin

1851 4390 2193 4446 bnﬁteretur.
2251 4392 2322 4447 Et
2363 4393 2420 4448 in
2454 4394 2678 4464 epistola
2707 4396 2775 4451 ad
2804 4395 3098 4465 Eugenium
3121 4398 3405 4467 scripsisse

143 4473 366 4532 pinnam
401 4464 682 4522 malorum.
731 4489 749 4523 ι
1744 4548 1786 4556 _
1824 4478 2041 4535 beatum
2078 4479 2433 4538 Ambrosium
2473 4485 2549 4553 (in
2591 4485 2787 4540 eadem
2811 4464 2945 4554 Vita)
2980 4503 2993 4539 :
3041 4503 3060 4537 σ
3098 4464 3398 4556 Quomodo,

214 4549 345 4606 ευ-
368 4552 535 4611 ΧΧΧ-
562 4556 630 4612 Ει
652 4559 704 4614 in
721 4559 976 4621 Tratactu
1003 4567 1193 4639 psalmi
1224 4570 1469 4643 (August.
1499 4575 1555 4630 in
1578 4578 1715 4647 psal.
1744 4548 1798 4609 Β
1824 4571 2094 4642 inquiens,
2116 4575 2252 4630 meis
2278 4548 2518 4640 vocibus,
2549 4585 2606 4631 et
2631 4577 2770 4647 apud
2798 4548 2991 4644 Deum,
3017 4588 3072 4633 et
3108 4548 3247 4649 apud
3272 4548 3394 4635 om;

140 4648 362 4718 xuii):
393 4666 412 4701 ι
452 4649 627 4717 Quam
678 4656 873 4714 multos
899 4659 1065 4719 Judas
1104 4663 1288 4735 implet
1337 4666 1584 4732 Satanas,
1639 4674 1718 4729 in.
1819 4678 1919 4719 nes
1943 4664 2187 4736 homines
2215 4668 2441 4723 teneor?
2473 4667 2630 4722 Aliud
2652 4668 2785 4722 mihi
2806 4683 2911 4722 non
2940 4668 3106 4726 licere
3132 4648 3394 4737 intellexi,

138 4735 306 4807 digne
345 4738 670 4817 accipientes
690 4744 960 4804 buccellas
989 4751 1055 4805 ad
1095 4752 1359 4822 judicium
1397 4763 1595 4816 suum?
1623 4765 1716 4833 qui
1817 4750 1962 4806 aliud
1991 4767 2095 4807 ηοη
2134 4761 2406 4824 oportere,
2439 4755 2540 4848 nisi
2570 4756 2910 4848 COQSUIGWF
2938 4758 3100 4823 mihi:
3133 4759 3260 4848 (ιιιξτι
3292 4775 3401 4816 ηοη

136 4825 289 4882 enim
310 4828 599 4885 manducat
624 4840 679 4888 et
708 4834 843 4891 bibit
869 4838 1103 4910 indigne,
1123 4842 1385 4911 judicium
1423 4825 1723 4911 sibima'n-
1813 4842 1963 4909 potui
2004 4842 2118 4896 tibi.
2160 4860 2179 4893 ι
2214 4842 2381 4912 Cujus
2422 4844 2586 4899 verba
2636 4845 3004 4901 decretissima
3049 4825 3222 4916 atque.
3251 4848 3397 4903 salu-

137 4916 306 4972 ducat
322 4926 378 4974 et
399 4918 535 4974 bibit
563 4920 612 4992 (1
632 4919 754 4978 Cor.
780 4926 862 4997 ιι).
893 4928 1008 4985 Νοη
1029 4931 1227 4987 malum
1248 4943 1337 4989 est
1357 4937 1511 5005 quod
1530 4937 1721 5003 datur,

137 5007 238 5045 ωδ
272 5008 468 5045 hnnnm
499 5011 635 5045 ninln
662 5014 713 5045 ἔτι
744 5014 997 5045 ἷηιιειιξ.....ι
1048 5020 1204 5045 Jan---
1257 5024 1392 5045 τι---
1452 5041 1521 5045 ,μ
1544 5042 1556 5045 -

1851 4932 2489 5000 errimascquentesnos
2515 4934 2752 5006 episcopi
2784 4936 2965 4989 domui
2993 4936 3162 4991 nostri
3192 4937 3394 5004 Karoli,
3438 4968 3445 5045 t

1851 5020 1861 5045 ζ
1908 5020 2160 5045 -,.,.2ΔΑ-2Α
2192 5030 2245 5045 --ι
2283 5023 2555 5045 --..---I-_-
2590 5024 2631 5045 ..ε
2659 5040 2757 5045 ..ΑΔ
2788 5025 3051 5045 _-__2-----_
3119 5026 3268 5045 ,εΑηιρ
3310 5042 3355 5045 ,η

134 5007 240 5063 sed
270 5008 469 5063 bonum
499 5011 635 5066 male
662 5014 715 5069 in
738 5014 999 5083 judicium
1044 5020 1224 5076 datur.
1255 5024 1398 5081 Bene
1443 5041 1564 5082 esse
1605 5044 1714 5085 ηοη
1817 5020 1862 5074 si
1907 5020 2165 5076 acciderit
2192 5030 2252 5075 ut
2279 5023 2559 5081 consulere
2585 5024 2634 5078 ei
2659 5040 2762 5079 non
2788 5025 3087 5094 possimus,
3116 5026 3270 5081 sicuti
3299 5042 3398 5083 cu-

133 5105 319 5169 potest
355 5101 494 5157 male
523 5106 805 5175 accipienti
836 5113 978 5179 quod
1008 5112 1208 5169 bonum
1237 5124 1337 5170 est.
1373 5135 1393 5169 ο
1424 5117 1492 5172 Et
1522 5118 1575 5173 in
1600 5135 1715 5175 ser-

1851 5110 2013 5175 imus,
2047 5111 2106 5186 in_
2145 5114 2428 5181 temporali
2466 5115 2550 5170 sui
2578 5116 2727 5186 regni
2764 5117 3074 5173 defensione
3102 5129 3265 5189 atque
3292 5121 3398 5176 tui-
3441 5104 3445 5147 ί

134 5202 303 5244 mone
324 5188 391 5245 de
418 5193 600 5248 verbis
624 5196 862 5266 Apostoli
908 5196 1083 5269 (εει-ηπ.
1135 5201 1200 5256 (ιε
1244 5204 1432 5273 spiritu
1475 5205 1715 5276 blasphe.
1815 5201 1982 5267 tione,
2003 5210 2061 5255 et
2084 5202 2430 5258 consulamus
2455 5204 2529 5259 illi
2556 5207 2609 5260 in
2631 5207 2824 5262 debitae
2851 5206 2971 5262 tidei
2997 5188 3392 5276 observatione,
3436 5230 3443 5281 ς

132 5277 279 5350 mite)
306 5296 322 5334 :
354 5298 374 5334 ι
404 5281 536 5365 Illud
562 5285 722 5341 etiam
766 5289 907 5355 quod
937 5290 1053 5345 ait:
1102 5291 1206 5357 Qui
1232 5297 1512 5350 manducat
1540 5314 1711 5354 meam
1813 5290 2158 5348 οοιιδυιππιιιε
2186 5302 2241 5348 ει
2282 5295 2455 5358 ηοῧίεν
2505 5296 2597 5350 Dei
2646 5296 3045 5366 εοορθηῑίοηοι
3094 5299 3152 5354 in
3197 5299 3393 5355 debita

127 5382 364 5433 carnem,
405 5362 454 5425 et
482 5371 607 5427 bibit
652 5377 960 5446 sanguinem
994 5395 1186 5446 meum,
1220 5382 1276 5436 in
1313 5399 1396 5438 me
1438 5397 1633 5451 manu,
1658 5398 1708 5443 ει
1810 5379 1938 5436 ﬁdei
1983 5381 2133 5452 erga
2166 5382 2323 5451 illum,
2356 5384 2747 5448 observatione,
2796 5395 2850 5441 et
2896 5391 3148 5444 continua
3195 5392 3393 5446 mentis

135 5470 226 5477 --Α
260 5454 310 5477 ε--
347 5456 426 5477 ευ,
466 5458 519 5477 η
781 5463 863 5477 ..-ι
1008 5476 1011 5477 ν
1155 5469 1169 5477 .
1254 5470 1268 5477 -
1364 5472 1397 5477 --
1562 5476 1567 5477 ,
1823 5469 1844 5477 -
1977 5470 1989 5477 .
2692 5475 2702 5477 _
2736 5475 2747 5477 _

125 5470 229 5528 ego
256 5454 313 5511 in
342 5456 432 5513 illo
460 5458 642 5531 (Joan.
669 5478 745 5529 vi,
777 5463 891 5535 57),
936 5469 1206 5536 quomodo
1252 5470 1574 5530 intellecturi
1614 5492 1707 5532 ευ.
1811 5469 2117 5537 devotione,
2144 5479 2307 5541 atque
2342 5486 2443 5542 pro
2466 5488 2532 5528 eo
2564 5475 2705 5543 apud
2735 5475 2901 5535 Deum
2929 5487 2983 5533 et
3012 5490 3227 5535 sanctos
3271 5480 3390 5550 ejus
3426 5470 3429 5495 ³

126 5546 291 5605 ωιιεῖ
310 5546 563 5632 Nunquid
595 5553 756 5609 etiam
803 5554 923 5625 illos
969 5556 1059 5613 hic
1102 5560 1399 5629 poterimus
1439 5564 1701 5636 accipere,
1803 5561 2180 5620 obsecratione
2210 5579 2224 5616 :
2255 5562 2601 5620 consulamus
2637 5574 2692 5621 et
2720 5568 2895 5634 nobis,
2921 5585 2991 5625 ne
3020 5586 3120 5641 pro
3145 5546 3390 5641 quacun-

126 5636 199 5693 de
219 5637 419 5706 quibus
442 5629 574 5696 dicit
601 5642 893 5713 Apostolus
921 5647 1065 5716 quod
1098 5646 1363 5717 judicium
1412 5651 1515 5709 sibi
1545 5629 1701 5711 man;-
1805 5668 1911 5724 que
1945 5653 2262 5724 cupiditate,
2290 5654 2376 5711 vel
2418 5658 2697 5728 temporali
2734 5629 3120 5731 emolumento,
3246 5663 3388 5719 illius

127 5728 331 5786 ducent
357 5738 413 5788 et
441 5730 650 5801 bibant,
700 5744 760 5792 ut
807 5735 976 5807 ipsam
1015 5753 1234 5822 carnem
1272 5742 1620 5813 manducent,
1644 5755 1700 5805 et
1805 5746 1984 5805 debita
2013 5746 2117 5805 ﬁde
2141 5747 2527 5817 exorbitantes,
2543 5765 2868 5823 quemquam
2889 5753 2945 5810 in
2971 5728 3113 5812 illius
3138 5771 3383 5827 regnum,
