4010 6330
171 314 276 375 981

1176 320 1266 377 DE
1303 321 1459 378 FIDE
1493 321 1770 382 CAROLO
1808 321 1971 382 REGI
2009 323 2400 386 SERVANDA.

3338 334 3443 392 981
3461 389 3464 393 .

169 443 333 486 suum
367 427 650 498 agentibus
690 429 970 485 consulere
1007 445 1109 486 non
1159 433 1528 502 potuerimus,
1560 450 1754 491 secun-
1781 448 1832 510 Α
1858 436 2060 494 militer
2105 455 2424 511 responsum
2470 456 2504 499 ι
2551 441 2707 499 nobis
2746 445 2868 501 est?
2898 444 2956 501 Si
2987 446 3247 502 tributum
3282 447 3440 519 petit,

169 524 302 577 dum
331 523 494 577 verba
544 522 686 576 beati
729 523 1000 577 Ambrosii
1053 526 1399 581 consulamus
1446 528 1638 592 nobis,
1687 542 1756 582 ne

169 610 438 666 faciamus
467 624 790 679 quacunque
822 610 1150 680 cupiditate,
1184 613 1268 668 vel
1307 614 1644 681 adulatione,
1674 617 1757 670 vel

171 698 513 768 deceptione,
541 699 628 753 vel
667 700 1187 768 communicatione,
1235 705 1379 759 unde
1425 706 1760 777 vituperetur

171 789 537 843 ministerium
572 797 849 856 nostrum,
894 801 949 845 et
977 793 1265 861 perdamus
1313 810 1505 850 nomen
1535 797 1757 862 bonum,

170 881 320 949 quod
371 880 680 950 Apostolica
730 884 910 952 regula
959 885 1160 940 habere
1210 884 1368 956 jubet
1413 889 1757 959 episc0pnm,

167 972 340 1024 etiam
369 972 544 1026 abhis
573 973 664 1042 qui
703 973 832 1030 foris
861 985 983 1030 sunt
1015 977 1063 1048 (Ι
1096 977 1229 1032 Tim.
1262 996 1346 1046 lli,
1378 980 1452 1051 7).
1479 981 1759 1045 Videlicet,

173 1061 224 1113 si
259 1063 633 1130 supervenerit
662 1079 759 1119 rex
794 1065 930 1122 alius
967 1067 1020 1120 in
1053 1083 1276 1137 regnum
1305 1071 1534 1128 senioris
1567 1072 1762 1140 nostri,

165 1158 229 1202 ct
260 1166 365 1204 non
397 1150 562 1207 fuerit
586 1152 836 1210 militaris
859 1171 1048 1212 manus
1068 1172 1189 1228 quae
1218 1158 1269 1213 ei
1298 1161 1538 1226 resistat,
1570 1175 1762 1231 sequa-

171 1256 303 1296 mur
333 1257 431 1297 nos
456 1244 714 1314 episcopi,
743 1255 797 1301 et
817 1247 871 1301 in
896 1248 1238 1304 ordinatione
1257 1249 1465 1307 ordinis
1487 1252 1680 1318 nostri,
1707 1259 1764 1308 et

171 1331 235 1388 in
267 1336 677 1392 conservatione
723 1337 843 1394 ﬁdei
885 1354 1016 1411 erga
1058 1342 1328 1398 seniorem
1367 1353 1632 1409 nostrum,
1662 1360 1763 1416 pa-

174 1433 324 1478 trum
347 1428 594 1498 vestigia,
631 1439 686 1485 et
715 1429 769 1485 in
803 1433 1130 1502 receptione,
1153 1443 1208 1490 et
1227 1435 1281 1490 in
1307 1437 1539 1502 caeteris,
1570 1453 1766 1493 munus

172 1514 500 1582 placationis
528 1535 652 1590 erga
691 1532 1143 1592 superventurum
1177 1540 1391 1596 regem,
1433 1527 1684 1583 videlicet
1710 1528 1763 1582 in

177 1608 507 1678 receptione.
558 1610 809 1682 Legimus
849 1615 992 1668 enim
1039 1626 1288 1671 sanc:um
1333 1617 1592 1674 Basilium
1641 1633 1762 1674 cum

178 1697 330 1752 clero
371 1715 469 1755 suo
496 1705 965 1772 supervenientem
984 1707 1148 1763 etiam
1166 1708 1436 1766 lulianum
1463 1721 1761 1781 apostatam

1858 544 1964 583 non
1993 544 2254 600 negamus
2286 535 2438 605 :agri
2474 535 2730 592 Ecclesiae
2753 536 2966 592 solvunt
3008 538 3288 594 tributum.
3325 559 3345 593 ι
3377 542 3443 596 Et

1858 627 2081 673 sanctus
2099 619 2430 691 Augustinus
2451 623 2504 678 in
2527 624 2665 680 libro
2687 625 2752 679 de
2777 625 3192 684 Catecbizandis
3219 630 3442 686 rudibus

1861 704 1999 775 (cap.
2043 707 2136 777 21)
2171 725 2184 762 :
2222 728 2240 760 ι
2279 710 2415 765 Dicit
2457 721 2513 767 et
2559 715 2890 783 apostolica,
2944 716 3150 786 inquit,
3197 718 3440 774 doctrina

1861 797 2039 868 (Rom.
2073 815 2194 866 xm,
2223 800 2302 873 1),
2331 811 2392 857 ut
2428 804 2605 860 omnis
2633 805 2812 861 anima
2843 806 3248 866 sublimioribus
3292 821 3443 881 pote-

1860 890 2093 945 statibus
2121 892 2332 948 subdita
2363 894 2459 958 sit,
2481 903 2531 951 et
2556 907 2614 950 ut
2641 898 2937 954 reddantur
2964 901 3215 957 omnibus
3234 903 3440 962 omnia,

1860 981 1949 1036 cui
1978 983 2208 1054 vectigal
2233 985 2486 1055 vectigal,
2515 995 2569 1041 ct
2595 997 2813 1054 cratera,
2841 1005 2960 1058 quin
2979 991 3126 1047 salvo
3149 993 3243 1048 Dei
3271 992 3443 1048 nostri

1863 1073 2006 1127 cuitu
2050 1076 2454 1133 constitutionis
2497 1079 2745 1134 humana:
2775 1081 3105 1152 principibus
3149 1085 3460 1149 reddimusr

1862 1164 2078 1231 quando
2106 1174 2162 1220 et
2201 1167 2316 1236 ipse
2363 1168 2624 1224 Dominus
2645 1209 2661 1234 ,
2691 1178 2752 1223 ut
2789 1169 2948 1226 nobis
2978 1170 3134 1241 huius
3179 1188 3326 1229 Sana:
3351 1175 3458 1230 do»

1861 1257 2050 1311 ctrina;
2076 1259 2340 1328 praeberet
2368 1260 2700 1329 exemplum,
2728 1277 2828 1332 pro
2857 1262 3035 1333 capite
3079 1263 3311 1319 hominis
3339 1277 3456 1335 qui:

1862 1356 1983 1402 erat
2019 1348 2257 1415 indutus,
2309 1351 2574 1406 tributum
2602 1352 2828 1407 solvere
2861 1367 2966 1408 non
3011 1352 3334 1425 dedignatus
3366 1365 3451 1411 est

1866 1436 2084 1508 (Matth.
2119 1455 2253 1503 xvn,
2283 1441 2395 1512 26).
2423 1441 2688 1498 iubentur
2721 1451 2902 1497 autem
2929 1444 3094 1499 etiam
3121 1443 3262 1500 servi
3290 1443 3449 1500 Chri-

1865 1527 2049 1593 stiani,
2081 1539 2136 1583 et
2175 1527 2308 1584 boni.
2347 1530 2567 1596 ﬁdeles,
2619 1529 2853 1588 dominis
2901 1532 3016 1588 suis
3065 1532 3452 1603 temporalibus

1863 1619 2238 1686 mquanimiter
2261 1619 2599 1692 ﬁdeliterque
2618 1622 2826 1676 servire
2851 1621 3068 1693 (Ep/tes.
3095 1637 3169 1687 vt,
3194 1621 3250 1692 5)
3277 1619 3308 1693 ί
3317 1638 3454 1692 quos

1861 1705 2154 1779 iudicaturi
2185 1719 2334 1776 sunt,
2362 1711 2407 1766 si
2439 1726 2610 1780 usque
2637 1711 2690 1766 in
2739 1710 2898 1766 ﬁnem
2945 1710 3194 1767 inimicos
3232 1705 3454 1767 iniene-

178 1789 575 1850 honorabiliter
609 1797 910 1868 recepisse,
945 1807 1000 1854 et
1041 1815 1146 1855 non
1175 1801 1244 1856 ob
1275 1803 1326 1855 id
1363 1803 1430 1857 ab
1455 1804 1766 1858 orthodoxa:
1798 1794 1843 1854 Β
1871 1798 1998 1863 rint,
2032 1807 2126 1853 aut
2153 1816 2274 1854 cmn
2299 1802 2504 1871 quibus
2527 1802 2809 1871 atqualiter
2837 1802 3112 1874 regnaturi
3145 1811 3298 1874 sunt,
3325 1802 3371 1856 si
3401 1813 3458 1857 et

179 1879 308 1934 ﬁdei
339 1883 522 1953 regula
548 1885 815 1954 deviasse,
852 1889 946 1944 sed
972 1905 1090 1960 qtae
1119 1900 1244 1947 sunt
1284 1891 1514 1949 Caesaris
1542 1893 1764 1960 Caisari,

179 1978 236 2024 et
264 1971 378 2026 Deo
405 1989 526 2043 qua:
553 1975 648 2030 Dei
674 1987 800 2033 sunt
827 1979 1143 2036 reddidisse.
1175 1981 1282 2038 Sed
1312 1993 1367 2039 et
1392 1984 1458 2039 de
1479 1983 1767 2041 Missarum

181 2059 462 2119 solemniis
489 2079 552 2120 ac
576 2080 731 2122 sacra
763 2068 950 2124 altaris
979 2072 1373 2136 communione,
1405 2089 1590 2128 verum
1619 2082 1674 2128 et
1701 2073 1768 2131 de

181 2157 487 2212 communis
524 2173 742 2226 menszn,
775 2169 939 2230 atque
968 2163 1154 2220 altaris
1196 2178 1768 2238 sacramentorumque

184 2244 601 2315 participatione
625 2252 756 2306 satis
785 2250 1108 2310 suﬁicienter
1133 2271 1296 2326 supra
1340 2257 1408 2312 de
1437 2255 1657 2312 Patrum
1687 2258 1770 2315 di-

186 2335 292 2389 ctis
319 2340 671 2395 ostendimus.
1055 2382 1088 2406 ι

91 2470 94 2472 .
121 2424 228 2456 κβ
254 2426 384 2482 CAP.
418 2428 702 2488 XXXVIII.
730 2433 805 2489 De
840 2434 1026 2490 militia
1050 2452 1265 2508 quoque
1293 2453 1358 2494 ac
1394 2438 1761 2511 vectigalibus,

183 2535 307 2590 qua:
347 2519 505 2590 juxta
544 2540 749 2581 morem
781 2529 1062 2597 antiquum
1097 2540 1152 2585 et
1181 2530 1434 2599 solitum,
1472 2533 1768 2588 secundum

184 2613 543 2681 quantitatem
575 2631 640 2670 ac
670 2618 984 2686 qualitatem
1027 2621 1392 2677 Ecclesiarum
1423 2622 1580 2677 nobis
1622 2637 1770 2677 com-

184 2703 501 2771 missarum,
528 2707 664 2764 solet
707 2711 943 2782 exigere,
974 2712 1118 2767 beati
1143 2712 1418 2770 Ambrosii
1460 2715 1640 2769 verbis
1667 2714 1770 2778 uti,

183 2802 242 2848 et
283 2802 402 2850 acta
445 2797 596 2867 sequi
627 2800 825 2855 debere
853 2809 1138 2872 putamus,
1167 2804 1363 2872 quibus
1389 2804 1522 2858 dicit
1569 2805 1622 2858 in
1653 2819 1772 2858 scr-

181 2898 367 2949 mone,
403 2901 564 2956 quem
593 2887 659 2942 de
687 2890 1063 2958 persecutione
1089 2907 1185 2946 sua
1215 2893 1282 2947 ad
1320 2893 1572 2964 populum
1615 2909 1773 2950 orsus

180 2984 274 3030 est
303 2974 475 3046 (Orat.
510 2978 564 3032 in
591 2981 915 3034 Auxentium
941 2982 1004 3036 de
1044 2981 1334 3054 Basilicis),
1359 2985 1544 3040 dicens
1575 3003 1588 3039 :
1625 3003 1643 3036 ι
1682 2985 1771 3039 Vi-

181 3067 314 3120 dete
345 3075 545 3138 quanto
587 3067 801 3139 pejores
842 3072 1030 3127 Ariani
1077 3082 1204 3128 sunt
1249 3091 1412 3144 quam
1451 3074 1642 3131 Judaei.
1693 3075 1768 3129 illi

1867 1886 1944 1943 illi
1981 1889 2048 1941 ad
2077 1903 2266 1944 verum
2311 1869 2607 1945 Dominum
2640 1869 2922 1947 conversi'
2942 1869 3168 1954 fuerint)
3191 1891 3458 1947 Omnibus

1869 1987 2049 2034 tamen
2077 1981 2389 2052 praccipitur
2408 1981 2612 2037 servire
2633 1981 2888 2038 humanis
2913 1969 3273 2053 potestatibus
3298 1994 3459 2052 atque

1868 2070 2122 2136 terrenis,
2167 2086 2450 2142 quousque
2489 2081 2611 2145 post
2655 2081 2866 2143 tempus
2910 2074 3268 2144 praeﬁnitum,
3316 2075 3460 2144 quod

1867 2158 2175 2229 signiﬁcant
2199 2163 2541 2233 septuaginta
2574 2165 2722 2228 anni,
2754 2164 2825 2219 ab
2860 2164 3016 2219 istius
3050 2166 3232 2220 saeculi
3274 2164 3463 2221 confit.

1867 2251 2037 2315 sione,
2066 2261 2319 2323 tanquam
2339 2254 2406 2309 de
2426 2255 2737 2326 captivitate
2759 2256 3085 2328 Babyloniae,
3109 2257 3246 2312 sicut
3269 2256 3460 2311 Hieru-

1867 2342 2039 2398 salem
2070 2343 2333 2400 liberetur
2361 2346 2620 2401 Ecclesia.
2657 2365 2677 2400 ι
2710 2346 2778 2400 Et
2807 2355 3027 2402 sanctus
3051 2345 3371 2403 Ambrosius
3405 2346 3460 2400 in

1869 2448 2122 2490 sermone
2151 2438 2217 2492 ad
2245 2437 2498 2507 populum
2530 2436 2632 2507 (ep.
2667 2438 2734 2492 15
2757 2438 2826 2490 ad
2858 2437 3188 2508 Marcellin.)
3217 2456 3230 2489 :
3266 2455 3285 2490 ι
3317 2437 3461 2492 Alle-

1869 2535 2049 2596 gatur,
2078 2526 2275 2596 inquit,
2310 2529 2623 2598 imperatori
2670 2528 2835 2584 licere
2884 2529 3064 2584 omnia
3089 2569 3106 2592 ,
3135 2530 3304 2600 ipsius
3337 2544 3459 2584 esse

1870 2616 2144 2672 universa.
2176 2617 2517 2687 Itespondeo,
2545 2618 2652 2674 noli
2685 2628 2736 2673 te
2775 2632 3022 2687 gravare,
3053 2619 3370 2689 imperator,
3401 2625 3461 2672 ut

1869 2718 2027 2776 putes
2057 2716 2105 2762 te
2139 2707 2192 2761 in
2221 2723 2284 2763 ea
2313 2723 2432 2778 quae
2459 2708 2640 2763 divina
2670 2717 2797 2763 sunt
2830 2708 3109 2778 imperiale
3137 2709 3352 2778 aliquod
3374 2708 3464 2777 jus

1871 2796 2092 2852 habere.
2123 2795 2240 2852 Noli
2267 2807 2317 2852 te
2344 2798 2622 2864 extollere,
2649 2799 2745 2854 sed
2769 2799 2814 2853 si
2838 2798 2920 2854 vis
2950 2798 3150 2854 diutius
3175 2781 3461 2870 imperare,

1873 2898 1992 2944 esto
2020 2890 2129 2944 Deo
2158 2891 2423 2947 subditus.
2457 2891 2731 2962 Scriptum
2754 2900 2839 2947 est
2867 2909 2880 2945 :
2909 2891 3040 2958 Qua:
3067 2891 3162 2947 Dei
3188 2893 3320 2958 Deo,
3344 2908 3462 2963 quae

1874 2978 2104 3034 Cwsaris
2144 2979 2345 3036 Caesari
2372 2981 2586 3053 (Matth.
2621 2999 2768 3047 xxu,
2795 2982 2924 3053 21).
2950 2982 3032 3036 Ad
3081 2982 3462 3052 imperatorem

1873 3073 2068 3142 palatia
2112 3075 2400 3142 pertinent,
2447 3076 2513 3129 ad
2546 3073 2894 3129 Sacerdotem
2935 3073 3183 3129 ecclesia.
3213 3073 3464 3129 Publico-

180 3155 536 3224 quaerebant,
582 3165 762 3212 utrum
812 3159 1126 3216 solvendum
1176 3171 1396 3234 putaret
1439 3163 1638 3220 Caesari
1681 3161 1770 3232 jus
1796 3151 1843 3215 C
1876 3179 1994 3220 rum
2035 3163 2127 3219 tibi
2161 3165 2420 3219 tnwnimn
2464 3165 2554 3234 jus
2593 3165 2940 3220 commissum
2970 3173 3085 3232 est,
3125 3179 3230 3219 non
3278 3179 3468 3220 δειειο-

184 3249 417 3318 tributi,
471 3251 562 3308 isti
604 3253 921 3324 Imperatori
955 3255 1141 3312 volunt
1188 3258 1318 3312 dare
1359 3257 1448 3329 jus
1494 3245 1768 3314 Ecclesiae.

183 3339 301 3396 Sed
330 3349 390 3396 ut
413 3342 604 3413 perﬁdi
637 3359 795 3400 suum
825 3357 1126 3417 sequuntur
1152 3355 1454 3413 auctorem,
1493 3347 1567 3402 ita
1594 3355 1648 3403 et
1675 3362 1774 3403 nos

183 3450 314 3505 qua:
353 3449 452 3491 nos
484 3437 742 3494 Dominus
787 3447 844 3494 et
884 3452 1077 3494 auctor
1108 3447 1290 3495 noster
1338 3439 1523 3495 docuit
1554 3455 1777 3510 respon-

185 3527 436 3582 deamus.
470 3526 829 3584 Considerans
858 3529 1002 3584 enim
1045 3528 1202 3585 Jesus
1244 3530 1422 3585 dolum
1468 3528 1773 3586 Judaiorum

188 3617 331 3673 dixit
353 3616 421 3671 ad
445 3631 539 3672 eos
564 3635 579 3672 :
610 3619 748 3685 Quid
774 3635 861 3675 me
891 3619 1145 3674 tentatis?
1170 3621 1436 3676 ostendite
1450 3620 1579 3674 mihi
1608 3621 1775 3676 dena-

188 3711 356 3766 rium.
387 3711 598 3766 Etcum
629 3712 928 3778 dedissent,
955 3714 1127 3768 dixit:
1158 3713 1322 3782 Cujus
1352 3714 1641 3784 imaginem
1679 3716 1778 3769 lia-

187 3805 285 3860 bet
312 3813 368 3860 et
410 3805 857 3874 inscriptionem?
902 3804 1310 3883 Respondentes
1339 3807 1630 3862 dixerunt:
1658 3807 1777 3863 Cae-

188 3896 353 3950 saris.
402 3897 470 3951 Et
511 3897 589 3951 ait
638 3896 743 3952 illis
783 3895 943 3954 Jesus
971 3915 984 3951 :
1016 3897 1238 3952 Reddite
1262 3914 1380 3969 quia
1402 3908 1526 3952 sunt
1555 3898 1782 3955 Caesaris

191 3985 418 4052 Cwsari,
446 3996 494 4041 et
521 4003 638 4058 qua:
661 3995 783 4042 sunt
815 3987 911 4042 Dei
941 3987 1050 4042 Deo
1076 3987 1296 4046 (Matth.
1327 4005 1466 4053 χχιι,
1495 3990 1608 4059 21).
1641 3989 1783 4060 Ergo

189 4084 250 4130 et
275 4089 376 4146 ego
407 4075 526 4132 dico
555 4075 686 4142 illis,
727 4076 818 4144 qui
849 4075 982 4131 mihi
1009 4074 1304 4144 objiciunt:
1341 4077 1619 4133 Ostendite
1646 4078 1779 4132 mihi

192 4165 499 4219 denarium.
544 4163 701 4221 Jesus
747 4163 978 4238 Caesaris
1019 4165 1298 4222 denarium
1347 4167 1504 4230 vidit,
1550 4175 1606 4221 et
1655 4167 1779 4221 ait:

192 4255 426 4311 Reddite
459 4255 658 4311 Caesari
691 4273 810 4326 qua:
841 4257 1070 4313 Czcsaris
1099 4266 1259 4325 sunt,
1294 4266 1349 4315 et
1387 4274 1506 4329 quae
1538 4259 1630 4314 Dei
1659 4267 1786 4315 sunt

193 4345 330 4400 Deo.
360 4343 612 4416 Nunquid
641 4349 706 4402 de
735 4347 988 4402 Ecclesiae
1019 4348 1256 4404 basilicis
1296 4351 1628 4420 occupandis
1655 4367 1784 4421 pos-

196 4443 328 4491 sunt
348 4435 625 4491 denarium
650 4437 844 4493 oﬁ‘erre
865 4437 1125 4494 Cmsaris?
1147 4438 1252 4496 Sed
1275 4441 1327 4495 in
1355 4441 1594 4497 Ecclesia
1619 4457 1781 4496 unam

1878 3273 2020 3312 rum.
2054 3276 2072 3310 ι

1949 3346 2078 3403 Ωιι).
2103 3345 2344 3402 XXXIX.
2370 3347 2437 3402 Et
2457 3356 2678 3402 sanctus
2697 3346 2943 3403 Gelasius
2965 3347 3018 3401 in
3042 3347 3267 3417 epistola
3291 3344 3464 3416 (epist.

1881 3441 1972 3504 10)
1989 3440 2058 3495 ad
2076 3438 2426 3495 Anastasium
2449 3441 2830 3510 imperatorem
2855 3457 2868 3494 :
2901 3458 2921 3490 ι
2956 3439 3072 3494 Duo
3094 3447 3241 3504 sunt,
3269 3437 3463 3507 inquit,

1878 3534 2174 3603 imperator
2200 3541 2451 3604 auguste,
2482 3532 2680 3602 quibus
2707 3530 3082 3602 principaliter
3123 3528 3357 3596 mundus
3381 3527 3468 3583 hic

1880 3626 2110 3694 regitur,
2163 3625 2459 3680 auctoritas
2498 3637 2654 3679 sacra
2700 3622 3040 3694 pontiﬁcum,
3063 3628 3118 3676 et
3149 3619 3344 3691 regalis
3368 3632 3468 3687 po-

1881 3723 2084 3770 testas:
2109 3716 2162 3769 in
2189 3715 2384 3784 quibus
2410 3723 2560 3770 tanto
2595 3713 2816 3783 gravius
2855 3713 3066 3784 pondus
3101 3722 3183 3766 est
3211 3709 3466 3766 sacerdo—

1881 3817 2016 3869 tum,
2045 3813 2249 3876 quanto
2271 3805 2432 3859 etiam
2463 3819 2561 3874 pro
2591 3804 2723 3874 ipsis
2744 3804 2961 3875 regibus
2984 3803 3262 3858 hominum
3290 3801 3343 3855 in
3390 3800 3455 3855 di.

1881 3897 2010 3951 vino
2044 3894 2305 3950 reddituri
2332 3905 2460 3949 sunt
2501 3895 2751 3951 examine
2777 3894 3064 3949 rationem.
3115 3889 3274 3947 Nosti
3297 3888 3466 3965 enim,

1882 3989 1958 4045 ﬁli
2007 3987 2460 4052 clementissime,
2513 3987 2656 4057 quod
2705 3985 2833 4040 licet
2882 3984 3175 4055 prazsideas
3231 3985 3471 4038 humano

1882 4079 2066 4151 generi
2092 4079 2372 4148 dignitate,
2407 4093 2587 4133 rermn
2616 4087 2794 4132 tamen
2820 4075 3142 4146 prazsulibus
3167 4075 3470 4128 divinarum

1885 4171 2110 4224 devotus
2134 4168 2272 4224 colla
2297 4167 2596 4232 submittis,
2631 4174 2794 4235 atque
2837 4164 2906 4219 ab
2929 4163 3010 4217 eis
3034 4176 3228 4216 causas
3253 4169 3356 4214 tua}
3383 4174 3472 4213 sa-

1884 4256 2016 4312 lutis
2049 4256 2259 4326 expetis
2284 4273 2297 4309 :
2332 4255 2495 4325 inque
2515 4251 2792 4310 sumendis
2817 4251 3128 4307 coelestibus
3156 4260 3467 4303 sacramen-

1884 4347 1973 4408 tis.
2003 4346 2192 4416 eisque
2239 4354 2297 4400 ut
2325 4345 2581 4414 competit
2607 4342 2971 4414 disponendis,
3000 4339 3154 4395 subdi
3187 4348 3237 4393 te
3271 4335 3471 4392 debere

1885 4435 2168 4505 cognoscis
2212 4433 2490 4504 religionis
2535 4432 2724 4487 ordine
2772 4431 2952 4501 potius
3001 4444 3164 4500 quam
3215 4439 3468 4496 przeesse.

197 4525 492 4593 imaginem
525 4527 669 4591 novi,
696 4528 798 4582 hoc
834 4539 916 4582 est
957 4547 968 4582 :
997 4529 1285 4598 imaginem
1333 4530 1428 4586 Dei
1476 4531 1780 4597 invisibilis,
1815 4499 1862 4557 ι)
1890 4524 2039 4581 Νοειὶ
2063 4525 2247 4596 itaque
2269 4525 2410 4580 inter
2435 4523 2551 4579 hzec
2574 4540 2636 4578 ex
2665 4520 2874 4576 illorum
2908 4529 2958 4575 te
2987 4518 3220 4589 pendere
3245 4516 3472 4587 judicio,

196 4613 268 4670 de
295 4630 401 4684 qua
435 4616 570 4670 dixit
593 4617 774 4672 Deus:
805 4616 1090 4672 Faciamus
1116 4621 1376 4673 hominem
1407 4622 1476 4674 ad
1506 4622 1785 4691 imaginem

197 4712 248 4758 et
281 4703 675 4760 similitudinem
706 4716 937 4760 nostram
979 4707 1131 4776 (Gen.
1176 4723 1216 4772 ι,
1260 4708 1350 4779 26)
1371 4748 1385 4773 ,
1417 4709 1560 4762 illam
1591 4709 1783 4778 imagi-

200 4809 349 4859 nem,
378 4792 445 4849 de
469 4811 574 4864 qua
603 4796 862 4866 scriptum
908 4807 992 4851 est
1015 4814 1028 4852 :
1055 4796 1191 4862 Quia
1239 4798 1488 4853 Christus
1533 4801 1788 4869 splendor

200 4886 410 4957 gloriae,
439 4896 494 4942 et
521 4889 697 4960 imago
721 4887 1035 4946 substantiae
1064 4890 1180 4960 ejus
1210 4891 1394 4960 (Hebr.
1423 4909 1462 4957 ι,
1489 4892 1568 4958 5).
1597 4893 1652 4946 In
1684 4895 1785 4948 ista

201 4978 440 5048 imagine
485 4980 700 5034 Patrem
748 4996 946 5044 cerno,
992 4981 1132 5036 sicut
1181 4983 1316 5037 dixit
1365 4983 1476 5052 ipse
1527 4983 1787 5038 Dominus

199 5066 366 5121 Jesus
397 5085 410 5120 :
443 5068 546 5132 Qui
578 5085 656 5123 me
691 5069 813 5123 vidit
833 5109 849 5135 ,
880 5070 1002 5123 vidit
1038 5081 1086 5123 et
1116 5068 1330 5124 Patrem
1354 5071 1534 5141 (Joan.
1564 5087 1676 5136 xxv,
1707 5073 1784 5140 9).

201 5153 324 5209 Non
353 5156 496 5210 enim
532 5157 648 5211 hzec
675 5157 850 5227 imago
879 5173 907 5210 a
936 5157 1095 5212 Patre
1121 5171 1206 5214 est
1232 5170 1500 5229 separata,
1531 5177 1650 5230 qua:
1676 5160 1788 5214 uni-

206 5252 378 5298 tatem
421 5257 510 5298 me
551 5245 734 5302 docuit
778 5245 1092 5308 Trinitatis,
1135 5247 1356 5302 dicens:
1389 5247 1499 5316 Ego
1539 5257 1588 5302 et
1626 5245 1788 5302 Pater

203 5351 373 5389 unum
419 5337 731 5420 sumus.;.‘_Et
776 5336 915 5390 infra
965 5354 977 5389 :
1026 5334 1216 5390 Omnia
1259 5355 1580 5409 quwcunque
1635 5339 1786 5392 habet

111 5457 186 5504 1/
204 5423 397 5490 Pater,
427 5441 541 5478 mea
567 5412 694 5479 sunt
727 5422 907 5508 (loga.
937 5442 991 5490 x_,
1017 5426 1127 5497 5Q).
1160 5426 1224 5481 Et
1254 5428 1318 5482 de
1351 5426 1555 5498 Spiritu
1602 5435 1793 5483 sancto

200 5521 417 5584 dicens,
443 5521 573 5589 quia
603 5519 836 5589 Spiritus
863 5519 1063 5575 Christi
1092 5521 1182 5585 sit,
1213 5532 1269 5576 et
1291 5521 1358 5576 de
1386 5521 1603 5577 Christo
1630 5536 1790 5576 acce-

198 5607 308 5681 pit,
339 5609 483 5664 sicut
529 5610 787 5678 scriptum
817 5618 900 5666 est
928 5628 941 5665 :
968 5610 1068 5666 Ille
1109 5612 1174 5667 de
1201 5628 1314 5666 meo
1346 5613 1586 5682 accipiet,
1616 5622 1664 5666 et
1695 5628 1792 5666 an-

205 5699 472 5754 nantiabit
499 5701 639 5756 vobis
666 5700 984 5773 (Ioan..xvt,
1018 5703 1125 5775 11).
1165 5701 1304 5771 Quid
1339 5704 1533 5774 igitur?
1561 5719 1666 5759 non
1695 5703 1790 5759 hu-

427 5843 489 5908 .
521 5843 588 5885 -ικ
660 5839 669 5884 η
762 5813 792 5933 )

199 5921 206 5936 Ι

189 5941 201 5963 J

1887 4631 1995 4669 non
2024 4615 2145 4669 illos
2165 4616 2231 4668 ad
2259 4624 2404 4668 tuam
2429 4613 2565 4668 velle
2607 4611 2780 4680 redigi
2803 4609 3154 4664 voluntatem.
3178 4626 3196 4659 ι
3230 4607 3299 4661 Et
3343 4619 3472 4660 san-

1887 4712 2006 4758 ctus
2027 4701 2346 4758 Ambrosius
2374 4703 2427 4757 in
2448 4717 2703 4780 sermone
2732 4701 2799 4756 ad
2824 4699 3079 4770 populum
3118 4699 3186 4753 de
3216 4711 3474 4767 persecu-

1889 4797 2033 4852 tione
2057 4811 2151 4852 sua
2177 4797 2350 4866 (epist.
2382 4795 2507 4865 15):
2537 4813 2554 4847 ι
2590 4793 2895 4849 Convenior
2922 4793 3033 4862 ipse
3055 4807 3084 4844 a
3113 4789 3402 4845 comitibus
3421 4794 3476 4841 et

1889 4889 2140 4952 tribunis,
2187 4896 2245 4954 ut
2275 4882 2511 4941 basilica:
2559 4886 2710 4941 ﬁeret
2757 4893 2968 4938 matura
3003 4881 3240 4944 traditio,
3287 4881 3476 4935 dicen-

1893 4979 2036 5032 tibus
2072 4978 2451 5046 imperatorem
2477 4977 2602 5047 jure
2628 4991 2725 5030 suo
2747 4975 2847 5037 uti,
2868 4989 2934 5028 eo
2953 4973 3092 5040 quod
3120 4970 3173 5024 in
3205 4975 3476 5039 potestate

1889 5066 2006 5136 ejus
2031 5075 2212 5121 essent
2255 5065 2458 5121 omnia.
2511 5062 2801 5132 Respondi,
2853 5061 2902 5115 si
2945 5075 3031 5114 me
3076 5066 3288 5128 peteret
3332 5056 3476 5124 quod
3497 5057 3515 5087 ’τ

1891 5175 2070 5215 meum
2095 5167 2255 5222 esset,
2287 5159 2339 5213 id
2369 5165 2451 5214 est
2477 5156 2702 5211 fundum
2725 5167 2931 5215 meum,
2957 5157 3236 5220 argentum
3269 5162 3473 5211 meum,

1887 5247 1977 5321 jus
2011 5239 2313 5317 huiusmodi
2347 5263 2524 5303 meum
2577 5261 2681 5299 non
2712 5243 3129 5311 refragaturum,
3161 5252 3473 5308 quanquam

1890 5339 2071 5394 omnia
2099 5355 2218 5409 qum
2261 5351 2379 5392 mea
2424 5341 2548 5388 sunt
2596 5341 2780 5387 essent
2821 5343 3114 5399 pauperum
3143 5345 3164 5380 ε·
3191 5341 3377 5380 verum
3412 5339 3475 5378 ea

1891 5444 2012 5500 quae
2057 5429 2270 5492 divina,
2323 5422 2688 5496 imperatoriae
2734 5419 2984 5492 potestati
3036 5433 3144 5472 non
3187 5431 3307 5472 esse
3352 5416 3477 5470 suls-

1887 5520 2052 5592 jecta.
2080 5537 2099 5571 ι
2129 5518 2199 5573 Et
2220 5518 2272 5572 in
2297 5516 2402 5571 alio
2428 5526 2679 5571 sermone
2723 5513 2882 5582 (orat.
2907 5511 2964 5566 in
2993 5504 3290 5582 Auxent.)':
3321 5526 3342 5560 ι
3368 5505 3472 5573 Me,

1895 5611 1941 5667 si
1967 5611 2034 5665 de
2053 5609 2187 5664 meis
2207 5607 2407 5677 aliquid
2427 5612 2761 5677 posceretur,
2788 5610 2883 5657 aut
2906 5601 3123 5667 fundus,
3146 5607 3242 5656 aut
3263 5597 3473 5660 domus,

1897 5710 1989 5758 aut
2015 5709 2344 5764 aurum,.aut
2377 5706 2680 5768 argentum,
2717 5696 2770 5752 id
2801 5693 2942 5763 quod
2997 5694 3101 5749 mei
3150 5694 3284 5761 iuris
3334 5695 3474 5748 esset
3518 5729 3522 5734 -
