4010 6330
658 334 762 391 983

1467 327 1795 384 HINCMABI
1839 324 2054 382 RHEM.
2095 323 2411 382 ARCHIEP.
2459 322 2821 381 OPUSCULA
2861 324 3089 382 VARIA.
3723 332 3793 394 985

659 450 891 505 libenter
916 445 1148 503 oll‘erre:
1200 441 1400 513 templo
1430 441 1524 496 Dei
1569 440 1702 495 nihil
1737 454 1894 510 posse
1920 439 2229 519 decerpere,
2259 443 2309 501 Α
2336 435 2540 490 servire
2561 433 2836 504 iubemur,
2861 451 3044 492 verum
3074 446 3130 494 et
3161 438 3214 492 iu
3239 440 3565 510 orationibus,
3591 446 3699 504 sicut
3713 466 3794 508 san.

659 555 764 596 nec
811 538 1027 593 tradere
1072 535 1200 590 illud
1247 533 1391 602 quod
1421 531 1825 586 custodiendum
1874 542 1981 584 non
2011 526 2230 582 traden-

660 631 790 686 dum
827 626 1146 696 acceperim.
1178 622 1382 678 Deinde
1427 620 1709 676 consulere
1742 634 1828 674 me
1856 619 2019 673 etiam
2062 617 2234 688 impe-

661 718 860 774 ratoris
882 716 1063 780 saluti,
1098 713 1225 784 quia
1254 727 1354 767 nec
1393 711 1525 766 mihi
1559 710 1838 781 expediret
1865 708 2100 771 tradere,
2130 721 2234 762 nec

662 807 739 863 illi
765 806 1032 875 accipere.
1055 801 1304 872 Accipiat
1328 801 1475 856 enim
1496 815 1684 856 vocem
1715 800 1870 855 liberi
1912 798 2230 862 sacerdotis,

658 897 709 952 si
736 895 849 950 vult
878 893 980 949 sibi
1004 907 1124 948 esse
1145 892 1475 956 consultum,
1497 892 1715 947 recedat
1734 907 1766 945 a
1785 890 1984 947 Christi
2012 889 2230 958 injuria.

663 983 790 1042 Haec
828 985 986 1057 plena
1032 983 1353 1040 humilitatis
1389 991 1535 1049 sunt,
1581 995 1661 1049 et,
1709 991 1768 1038 ut
1789 983 2046 1050 arbitror,
2073 981 2233 1052 plena

658 1076 882 1132 allectus
904 1075 1020 1146 ejus
1044 1089 1205 1144 quem
1229 1074 1543 1144 imperatori
1563 1075 1723 1130 debet
1749 1074 2020 1130 sacerdos.
2041 1092 2060 1125 ι

726 1165 856 1222 Car.
883 1165 998 1220 XL.
1028 1165 1088 1220 In
1113 1165 1198 1220 bis
1224 1165 1372 1221 beati
1403 1165 1675 1222 Ambrosii
1723 1166 2010 1223 sententiis
2052 1174 2233 1222 atten-

657 1259 831 1314 denda
873 1265 958 1314 est
1007 1258 1265 1314 discretio
1297 1259 1562 1314 canonica
1607 1259 1676 1315 de
1720 1258 2088 1326 facultatibus,
2117 1268 2233 1314 tam

655 1349 914 1419 episcopi,
950 1363 1110 1419 quam
1137 1349 1407 1405 Ecclesiae.
1435 1351 1602 1406 Aiunt
1623 1352 1768 1407 enim
1811 1352 1952 1407 sacri
1975 1367 2230 1419 canones,

657 1452 718 1496 ut
771 1457 892 1510 qua:
947 1451 1074 1498 sunt
1110 1443 1382 1510 Ecclesia,
1422 1445 1524 1499 sub
1570 1445 1717 1500 omni
1763 1447 2147 1512 sollicitudine,
2177 1454 2234 1504 et

661 1533 992 1588 conscientia
1018 1534 1180 1597 bona,
1202 1542 1258 1589 et
1287 1534 1392 1591 ﬁde
1413 1550 1532 1606 quae
1561 1536 1614 1591 in
1643 1537 1811 1592 Deum
1836 1545 1940 1604 est,
1985 1539 2077 1608 qui
2099 1553 2234 1594 cun.

663 1632 750 1678 cta
772 1623 1422 1695 consideratjudicatque,
1448 1635 1768 1682 serventur:
1795 1643 1913 1698 quae
1933 1628 2094 1683 etiam
2121 1628 2232 1682 dis-

649 1716 925 1785 pensanda
973 1724 1100 1770 sunt
1144 1713 1348 1785 judicio
1401 1725 1456 1772 et
1510 1725 1780 1788 potestate
1823 1718 2092 1788 pontiﬁcis
2140 1717 2226 1771 cui

2335 534 2455 580 ctus
2479 525 2809 596 Augustinus
2864 527 2919 581 in
2963 527 3099 584 libro
3145 530 3212 584 de
3249 530 3468 588 Civitate
3509 535 3590 592 Dei
3626 546 3794 599 ostendit

2335 613 2448 686 (lib.
2471 631 2586 682 xix,
2609 633 2656 670 c.
2677 615 2746 669 26
2765 626 2812 670 et
2839 616 2952 689 27).
2985 637 3003 670 ι
3032 617 3304 685 Quandiu,
3331 621 3570 692 inquiens,
3596 634 3793 698 pennisu:

2333 717 2458 764 sunt
2503 709 2676 764 amba
2710 709 2955 765 civitates
2995 711 3225 782 (scilicet
3262 713 3584 784 Hierusalem,
3626 724 3703 779 hoc
3737 741 3793 784 est

2331 798 2594 863 Ecclesia,
2636 808 2692 855 et
2722 799 2985 871 Babylon,
3025 818 3145 871 quas
3176 812 3260 858 est
3307 809 3552 863 mundana
3588 821 3794 887 potestas},

2332 890 2537 945 utimur
2555 900 2610 945 et
2649 906 2746 946 nos
2766 907 2898 961 pace
2922 893 3242 964 Babylonis:
3271 912 3335 950 ex
3361 913 3456 967 qua
3495 901 3556 954 ita
3593 918 3669 972 per
3685 907 3793 964 ﬁdem

2331 978 2426 1034 Dei
2453 980 2680 1049 populus
2701 980 2980 1046 liberatur,
3001 993 3059 1037 ut
3083 985 3224 1052 apud
3249 985 3386 1041 hanc
3423 987 3610 1045 interim
3627 999 3796 1068 peregri-

2331 1076 2510 1123 netur.
2538 1067 2767 1139 Propter
2797 1070 2941 1140 quod
2979 1079 3034 1127 et
3061 1072 3346 1142 Apostolus
3387 1075 3630 1134 admonuit
3670 1082 3795 1141 Eccle-

2331 1159 2490 1226 siam,
2519 1168 2578 1215 ut
2601 1170 2783 1217 oraret
2825 1178 2926 1234 pro
2972 1165 3186 1236 regibus
3213 1165 3327 1234 ejus
3353 1178 3502 1238 atque
3541 1174 3793 1242 sublimibus,

2333 1249 2535 1306 addens
2569 1260 2625 1306 et
2649 1251 2856 1319 dicens,
2907 1262 2967 1308 ut
3003 1255 3242 1325 quietam
3265 1267 3334 1312 .et
3362 1262 3658 1330 tranquillam
3681 1267 3790 1322 vitam

2331 1354 2554 1410 agamus
2577 1355 2700 1396 cum
2723 1343 2867 1397 omni
2901 1343 3098 1413 pietate
3142 1354 3198 1399 et
3239 1347 3492 1403 castitate.
3533 1350 3590 1404 Et
3609 1355 3791 1422 propheta

2330 1429 2630 1488 Hieremias
2651 1449 2774 1488 cum
2798 1435 2994 1504 p0pulo
3029 1437 3200 1490 veteri
3226 1436 3319 1492 Dei
3348 1448 3597 1496 venturam
3623 1459 3792 1512 prmnun-

2330 1522 2492 1577 tiaret
2517 1525 2903 1594 captivitatem,
2925 1535 2979 1581 et
3005 1527 3263 1583 divinitus
3304 1531 3588 1600 imperaret,
3624 1544 3666 1587 ut
3701 1539 3789 1591 obe-

2330 1613 2541 1669 dienter
2568 1616 2622 1669 in
2645 1615 2990 1688 Babyloniam
3039 1619 3178 1672 irent
3209 1619 3317 1674 Deo
3353 1636 3443 1675 suo
3463 1623 3603 1676 etiam
3639 1623 3713 1678 ista
3729 1642 3791 1694 pa-

2329 1705 2516 1760 tientia
2544 1706 2860 1772 servientes,
2885 1709 3092 1762 monuit
3141 1719 3194 1764 et
3244 1710 3355 1778 ipse
3411 1720 3464 1764 ut
3499 1723 3699 1768 oraretur
3727 1731 3792 1784 pro

649 1803 970 1859 commissus
1000 1812 1084 1860 est
1109 1804 1359 1875 populus,
1407 1814 1463 1860 et
1486 1807 1679 1861 animae
1717 1820 1837 1876 quae
1859 1805 2000 1861 intra
2030 1805 2220 1861 Eccle-

2203 1835 2220 1847 .
2250 1788 2297 1848 B
2326 1797 2434 1864 illa,
2467 1799 2650 1854 dicens
2679 1798 2803 1869 quia
2830 1800 2886 1854 in
2912 1815 3039 1869 pace
3067 1801 3185 1870 ejus
3211 1803 3306 1854 erit
3330 1819 3430 1872 pax
3471 1814 3612 1858 vestra
3637 1804 3786 1874 (larem.

647 1898 784 1954 siam
808 1907 1223 1969 congregantur.
1268 1897 1552 1954 Manifesta
1597 1914 1727 1954 vero
1754 1907 1878 1954 sunt
1915 1913 2034 1968 quae
2057 1898 2224 1968 perti-

647 2002 779 2042 nere
800 1987 1353 2054 videntur.Ecclesite,
1398 2004 1520 2044 cum
1560 1990 1750 2044 notitia
1781 1989 2221 2061 presbyterorum

646 2090 703 2135 et
729 2080 1105 2146 diaconorum,
1157 2080 1250 2151 qui
1295 2081 1438 2136 circa
1489 2081 1665 2150 ipsum
1706 2081 2030 2152 episcopum
2073 2087 2219 2144 sunt,

646 2170 723 2223 ita
753 2176 812 2223 ut
834 2177 1184 2240 cognoscant,
1227 2182 1328 2225 nec
1373 2169 1640 2239 ignorent,
1670 2184 1791 2239 qua:
1819 2168 1930 2223 sint
1966 2167 2221 2222 Ecclesiae

643 2260 883 2330 propria,
906 2273 1006 2314 nec
1028 2274 1124 2315 eos
1153 2259 1354 2329 aliquid
1399 2259 1564 2314 lateat
1589 2278 1603 2313 :
1641 2267 1702 2314 ut
1729 2259 1774 2314 si
1803 2259 2086 2329 contigerit
2109 2257 2222 2326 epi-

647 2366 870 2422 scopum
895 2351 1130 2422 migrare
1153 2351 1220 2408 de
1244 2353 1464 2417 saaculo,
1491 2353 1657 2408 certis
1678 2351 2034 2408 existentibus
2059 2351 2220 2406 rebus

646 2454 768 2510 qua:
792 2449 915 2495 sunt
939 2439 1213 2506 Ecclesiae,
1237 2455 1337 2496 nec
1363 2441 1492 2512 ipsae
1512 2440 1760 2511 collapsa:
1785 2441 2092 2510 depereant,
2119 2453 2220 2494 nec

643 2544 764 2598 quae
795 2531 1006 2600 propria
1034 2531 1330 2601 probantur
1350 2531 1584 2600 episcopi
1609 2531 1709 2586 sub
1733 2544 2017 2586 occasrone
2038 2543 2218 2584 rerum

644 2621 1012 2689 pervadantur
1041 2619 1314 2675 Ecclesiae.
1343 2619 1554 2676 Iustum
1584 2635 1817 2691 namque
1855 2627 1910 2676 et
1938 2627 2218 2689 acceptum

647 2719 731 2763 est
759 2723 940 2764 coram
971 2708 1082 2764 Deo
1106 2717 1162 2763 et
1209 2710 1535 2776 hominibus,
1569 2721 1627 2765 ut
1659 2725 1754 2765 sua
1784 2712 2068 2780 episcopus
2095 2711 2218 2779 qui-

642 2802 748 2858 bus
772 2803 1002 2858 voluerit
1029 2803 1381 2872 derelinquat,
1407 2812 1462 2857 et
1479 2818 1598 2872 quae
1619 2805 1873 2859 Ecclesiae
1899 2813 2023 2858 sunt
2041 2804 2218 2859 eidem

645 2902 1041 2949 conserventur
1069 2893 1346 2958 Ecclesiae;
1383 2901 1443 2947 ut
1475 2908 1574 2948 nec
1602 2893 1844 2948 Ecclesia
1874 2893 2090 2963 aliquod
2121 2907 2216 2962 pa-

644 2984 813 3037 tiatur
857 2983 1279 3046 incommodum,
1335 2997 1435 3037 nec
1474 2982 1757 3052 episcopus
1807 2983 1906 3037 sub
1933 2983 2218 3038 occasione

642 3073 1010 3144 proscribatur
1027 3073 1281 3128 Ecclesia

2324 1903 2476 1953 xxtx,
2502 1889 2580 1960 7),
2629 1889 2816 1958 utique
2842 1889 3057 1944 interim
3092 1892 3419 1962 temporalis,
3447 1908 3552 1962 qua:
3573 1893 3692 1949 bonis
3712 1913 3788 1949 ma-

2321 1979 2494 2050 lisque
2521 1983 2820 2036 communis
2844 1990 2944 2037 est.
3001 1981 3110 2036 Pax
3143 1995 3320 2039 autem
3367 1993 3533 2039 nostra
3574 1989 3732 2056 propria
3751 1999 3786 2042 et

2322 2069 2413 2125 hic
2441 2077 2524 2125 est
2549 2086 2672 2125 cum
2698 2070 2808 2126 Deo
2847 2087 2946 2142 per
2969 2071 3152 2136 ﬁdem,
3183 2083 3238 2129 et
3269 2074 3320 2128 in
3353 2085 3586 2129 aeternum
3609 2078 3686 2128 erit
3703 2093 3783 2129 cum

2321 2159 2414 2216 illo
2437 2173 2532 2230 per
2557 2160 2812 2230 speciem.
2839 2180 2858 2212 ι
2881 2161 2985 2215 Pro
3012 2164 3209 2232 quibus
3231 2164 3490 2233 apostolus
3513 2165 3782 2234 Paulusjubet

2323 2251 2493 2317 orari,
2548 2251 2710 2305 etiam
2754 2267 2875 2306 cum
2927 2266 3381 2323 persequerentur
3427 2256 3685 2310 Ecclesium.
3725 2256 3781 2309 Sic

2320 2341 2464 2395 enim
2495 2341 2660 2396 dicit:
2687 2359 2706 2393 ι
2754 2340 3184 2413 Οὺεθοτοδίςίιιιτ
3234 2345 3457 2414 primum
3499 2345 3686 2398 omnium
3709 2344 3780 2396 ﬁeri

2319 2432 2740 2498 obsecrationes,
2770 2447 2870 2502 pro
2897 2434 3150 2488 omnibus
3190 2435 3501 2500 hominibus,
3523 2451 3604 2506 pro
3620 2435 3778 2502 regibus,

2319 2531 2375 2576 et
2396 2523 2653 2578 omnibus.
2677 2523 2770 2592 qui
2797 2523 2853 2577 in
2903 2523 3234 2579 sublimitate
3272 2534 3411 2589 sunt,
3439 2535 3493 2578 ut
3537 2525 3715 2593 quietam
3747 2532 3779 2576 et

2321 2614 2666 2684 tranquillam
2695 2615 2860 2669 vitam
2888 2630 3112 2686 agamus
3160 2617 3214 2670 in
3243 2617 3381 2670 omni
3410 2617 3582 2685 pietate
3616 2625 3656 2669 et
3676 2615 3778 2667 casti-

2321 2713 2452 2760 tate.
2480 2724 2498 2757 ι
2530 2706 2712 2776 Itaque
2739 2721 2836 2777 per
2859 2707 3006 2776 ipsos
3033 2707 3161 2762 data
3186 2724 3288 2780 pax
3317 2714 3397 2762 est
3409 2707 3638 2770 Ecclesiae,
3659 2720 3779 2773 quam-

2319 2797 2401 2851 vis
2429 2797 2531 2852 ista
2558 2813 2662 2852 non
2684 2812 2804 2852 esse
2825 2796 3070 2853 facienda
3109 2801 3396 2865 mstimaret
3414 2801 3623 2854 humana:
3641 2797 3774 2865 engin-

2319 2887 2484 2943 tionis
2513 2886 2798 2943 inﬁrmitas
2821 2903 2920 2958 pro
2943 2888 3028 2943 bis
3050 2904 3083 2943 a
3129 2891 3324 2959 quibus
3352 2888 3704 2959 persecutionem
3723 2899 3776 2949 pa~

2320 2979 2556 3036 tiebatur
2576 2980 2838 3046 Ecclesia,
2873 2997 2995 3035 cum
3021 2983 3270 3037 membra
3311 2982 3491 3037 Christi
3523 2995 3576 3034 ex
3600 2977 3704 3032 omni
3725 2991 3774 3026 cs-

2321 3080 2441 3126 sent
2462 3072 2736 3127 hominum
2765 3087 2962 3144 genere
2988 3071 3306 3144 colligenda.
3334 3072 3475 3127 Unde
3515 3067 3710 3139 adjungit.
3743 3072 3776 3115 et

713 3161 842 3216 CAP.
875 3161 1012 3216 XLI.
1060 3161 1128 3216 Et
1155 3163 1292 3217 sicut
1323 3163 1605 3232 episcopus
1631 3171 1687 3218 et
1719 3177 1846 3219 suas
1875 3171 1930 3219 et
1957 3162 2211 3219 ecclesia-
2239 3157 2285 3219 C
2316 3163 2481 3219 dicit:
2511 3163 2627 3218 Hoc
2646 3167 2782 3218 enim
2803 3165 2992 3217 bonum
3014 3175 3112 3230 est,
3141 3176 3190 3220 et
3215 3174 3465 3235 acceptum
3492 3177 3631 3216 coram
3651 3157 3774 3212 Satra-

642 3254 809 3309 sticas
831 3251 1116 3308 facultates
1145 3253 1246 3308 sub
1289 3253 1468 3307 debita
1514 3253 1838 3308 discretione
1865 3253 1921 3309 in
1964 3253 2077 3308 vita
2119 3268 2216 3308 sua

643 3343 990 3414 dispensandi
1012 3343 1171 3398 habet
1198 3351 1542 3413 potestatem,
1567 3343 1636 3397 ita
1660 3342 1942 3399 facultates
1961 3342 2217 3398 Ecclesia:

639 3433 877 3487 viduatae
920 3441 1041 3504 post
1092 3441 1318 3486 mortem
1377 3432 1610 3502 episcopi
1661 3445 1826 3503 penes
1876 3445 2216 3488 mconomum

641 3524 867 3598 integrae
895 3522 1205 3582 conservari
1242 3521 1500 3594 jubentur
1525 3521 1706 3578 futuro
1753 3522 2056 3578 successori
2097 3522 2214 3597 ejus

639 3625 915 3689 episcopo,
947 3618 1202 3688 quoniam
1248 3633 1334 3672 res
1383 3626 1439 3672 et
1486 3613 1769 3674 insultantes
1813 3614 2209 3682 ecclesiasticae,

639 3726 748 3766 non
779 3712 833 3766 in
854 3711 1235 3781 imperatorum
1263 3719 1426 3780 atque
1467 3726 1652 3783 regum
1699 3718 1967 3782 potestate
1993 3721 2118 3768 sunt
2145 3713 2210 3768 ad

640 3801 1077 3872 dispensandum,
1117 3800 1203 3856 vel
1254 3801 1631 3868 invadendum,
1676 3805 1791 3858 sive
1831 3800 2215 3875 diripiendum,

641 3894 736 3949 sed
764 3893 832 3966 ad
852 3891 1237 3950 defensantium
1262 3902 1422 3964 atque
1445 3896 1715 3950 tuendum.
1748 3895 1887 3952 Sunt
1917 3897 2060 3950 enim
2089 3911 2214 3952 san-

639 3985 868 4051 ctuaria,
891 3994 947 4040 et
974 3985 1264 4040 hereditas
1289 3985 1521 4051 Domini,
1565 3985 1704 4042 sicut
1736 3995 1791 4043 et
1818 3987 1873 4042 in
1899 3985 2110 4042 Veteris
2156 3993 2212 4042 et

639 4075 776 4132 Novi
822 4076 1153 4133 Testamenti
1202 4085 1510 4133 sanctarum
1561 4077 1958 4148 Scripturarum
2003 4078 2212 4150 paginis

639 4166 886 4237 legimus.
941 4166 1081 4223 Sunt
1131 4177 1253 4221 vota
1311 4167 1568 4233 ﬁdelium,
1623 4167 1797 4238 pretia
1842 4176 2210 4238 peccatorum,

639 4257 960 4324 patrimonia
987 4272 1301 4326 pauperum.
1340 4257 1408 4311 Et
1434 4272 1538 4312 non
1579 4257 1752 4312 solum
1783 4256 1838 4311 in
1864 4255 2215 4326 vectigalibus

639 4349 1001 4416 stipendiariis
1029 4349 1234 4404 militiae
1257 4358 1311 4405 et
1356 4349 1612 4406 Ecclesiis
1658 4350 1854 4407 debitis
1885 4350 2101 4422 regibus
2119 4349 2215 4406 de-

2319 3263 2430 3309 tore
2451 3263 2626 3310 nostra
2646 3254 2780 3320 Deo,
2807 3255 2897 3325 qui
2942 3271 3124 3310 omnes
3153 3257 3380 3309 homines
3401 3254 3497 3308 vult
3521 3252 3652 3306 salvos
3681 3247 3771 3315 ﬁcri.

2317 3353 2368 3402 et
2399 3346 2470 3399 ad
2501 3346 2814 3415 agnitionem
2846 3348 3081 3401 veritatis
3103 3349 3273 3402 venire
3299 3347 3350 3415 (I
3375 3325 3720 3412 Timxﬁ’b’ﬂ"
3771 3351 3790 3368 ·’

2387 3433 2514 3490 αλιι.
2546 3434 2702 3489 XLII.
2728 3435 2783 3490 Si
2811 3435 3040 3506 denique
3068 3454 3164 3492 rex
3205 3446 3383 3492 noster
3409 3436 3564 3498 luerit,
3585 3438 3772 3487 annuente

2317 3525 2454 3598 Deo,
2474 3540 2742 3596 reversus,
2773 3527 3082 3601 'ecipiamus
3103 3543 3224 3587 eum
3251 3525 3569 3602 rtnngnudio,
3589 3532 3630 3580 et
3645 3522 3690 3577 de
3707 3522 3770 3575 sibi

2321 3637 2387 3678 ac
2431 3623 2682 3678 Ecclesiae
2704 3631 2864 3691 atque
2905 3638 3072 3693 regno
3112 3623 3423 3679 necessariis
3448 3622 3494 3674 in
3530 3613 3768 3688 postmodum

2316 3730 2611 3789 procurare
2637 3713 3008 3786 episcopaliter
3032 3714 3180 3769 illum
3207 3724 3614 3770 commoneamus,
3634 3713 3672 3757 et
3688 3715 3768 3772 pro-

2317 3805 2562 3876 speritati
2605 3819 2716 3859 suae
2761 3805 3215 3875 congaudeamus.
3271 3804 3326 3858 Si
3369 3816 3511 3865 vero,
3550 3795 3656 3865 quod
3700 3803 3768 3842 non

2317 3907 2584 3967 optamus,
2631 3896 2788 3952 aliter
2823 3895 3025 3965 judicio
3077 3897 3174 3952 Dei
3211 3893 3492 3965 contigerit,
3528 3884 3767 3942 devotionem

2316 4002 2382 4042 ac
2406 3987 2565 4041 ﬁdem
2591 3986 2824 4041 debitam
2850 4000 2976 4057 erga
3008 3985 3157 4040 illum
3197 3986 3464 4041 sinceriter
3487 3973 3764 4034 custodientes.

2314 4077 2456 4134 sicut
2500 4078 2756 4147 scriptum
2791 4085 2906 4142 est,
2935 4077 3180 4132 dicamus
3226 4076 3405 4139 corde,
3430 4073 3630 4127 dicamus
3649 4070 3687 4157 et
3707 4071 3767 4157 (ire

2314 4169 2542 4226 Domino
2569 4185 2583 4222 :
2618 4168 3024 4223 Exultaverunt
3058 4169 3187 4237 ﬁlia:
3215 4168 3384 4230 ludit,
3411 4163 3456 4219 id
3475 4170 3545 4216 est
3564 4154 3766 4247 confessi“

2319 4260 2405 4314 nis
2457 4259 2801 4325 humillimae,
2850 4260 2907 4314 in
2958 4260 3200 4314 omnibus
3231 4255 3435 4327 judiciis
3475 4251 3580 4314 tuis,
3619 4243 3766 4297 Domi"!

2317 4347 2491 4422 (Psal.
2530 4365 2675 4416 xcvr,
2705 4349 2783 4420 8).

655 4479 3757 4532 Μ

2173 4642 2359 4721 VII.

1413 4809 1546 4884 AD
1595 4804 2208 4887 LUDOVICUM
2275 4805 2690 4886 BALBUM
2744 4805 3120 4888 REGEM.

1273 4959 1441 5026 Novi
1471 4961 1637 5042 regis
1678 4963 2016 5025 instructio
2055 4959 2138 5022 ad
2169 4967 2402 5025 rectam
2427 4961 2604 5040 regni
2631 4958 3249 5022 administrationem.

1639 5100 1817 5166 (Apud
1837 5101 2100 5162 eumdem,
2120 5113 2185 5151 ex
2213 5100 2332 5151 edit.
2359 5099 2577 5162 Mogunt.
2607 5099 2656 5150 J.
2679 5100 2882 5162 Buszel.)

707 5313 937 5372 Domino
957 5313 1228 5373 Lunovtco
1249 5316 1364 5388 regi
1386 5316 1621 5388 glorioso
1649 5317 1720 5374 sit
1746 5333 1959 5389 semper
1981 5319 2128 5374 salus
2157 5327 2214 5373 et
2237 5320 2288 5379 D
2316 5317 2385 5370 tis
2409 5333 2422 5369 :
2447 5316 2587 5371 unde
2608 5315 2760 5370 vobis
2781 5315 2964 5370 humili
2989 5331 3055 5371 ac
3099 5323 3240 5371 certa
3266 5284 3749 5389 responsionesatisfa:

637 5405 772 5462 vita.

707 5497 837 5552 Car.
880 5496 923 5552 I.
958 5497 1264 5556 Dominatio
1291 5509 1470 5556 vestra
1513 5501 1647 5557 mihi
1691 5501 1991 5567 mandavit,
2036 5511 2100 5556 ut
2143 5501 2213 5558 ad

638 5601 736 5641 vos
775 5587 1086 5644 festinarem
1115 5589 1321 5654 venire,
1373 5591 1499 5659 quia
1529 5606 1739 5647 mecum
1789 5592 1858 5648 de
1897 5591 2118 5658 vestris,
2158 5601 2215 5647 et

638 5685 842 5734 sanctae
862 5678 1136 5748 Ecclesia,
1165 5695 1229 5735 ac
1262 5681 1411 5751 regni
1436 5681 1760 5740 utilitatibus
1787 5691 2020 5740 tractare
2057 5681 2216 5738 velle-

2315 5406 2549 5458 ctionem
2571 5403 2821 5458 exhibeo.
2862 5402 3093 5458 Sanctus
3116 5399 3381 5472 Apostolus
3410 5391 3521 5448 dicit
3544 5383 3748 5476 (1%an

2313 5492 2369 5562 4)
2395 5511 2408 5548 τ
2441 5493 2788 5564 Quaecunque
2808 5495 3006 5564 scripta
3034 5503 3180 5559 sunt,
3216 5491 3282 5546 ad
3305 5495 3515 5543 nostram
3537 5472 3748 5564 doctrinae

2314 5559 2513 5653 scripta
2564 5559 2716 5639 sunt:
2756 5559 3009 5655 Legimus
3048 5585 3104 5639 in
3139 5579 3359 5649 antiquis
3403 5559 3749 5655 historiisatl'l':1

2315 5651 2476 5741 ιωρέ,
2519 5674 2734 5752 quando
2762 5651 2917 5746 reges
2942 5672 3216 5731 constituti
3249 5674 3382 5733 sunt,
3407 5664 3528 5718 inter
3551 5651 3657 5718 regni
3677 5651 3745 5708 νηο
