4010 6330
153 361 268 420 985
1113 359 1531 421 INSTRUCTIO
1565 363 1657 418 AD
1693 361 2095 421 LUDOVlCUM
2134 365 2431 424 BALBUM.
3308 357 3414 416 985

154 491 340 531 mores
375 473 798 531 discordiaorta
839 484 942 541 est,
984 477 1239 546 quoniam
1271 476 1435 546 aliqui
1462 477 1578 532 sine
1601 476 1736 531 alio-
1763 475 1811 537 Α
1840 488 2001 529 carne
2030 476 2362 546 propinquos
2396 485 2450 531 et
2492 474 2827 531 Christianos
2855 480 3063 528 tantum
3114 469 3312 524 malum
3358 478 3416 526 et

156 582 278 621 rum
313 565 538 622 consilio
575 565 690 635 ejus
727 568 1167 623 constitutionem
1193 566 1464 621 vindicare
1509 569 1610 623 sibi
1638 583 1734 622 vo-
1837 572 1945 618 tam
1971 565 2173 634 grande
2196 566 2490 633 periculum
2520 566 2574 618 in
2623 563 2924 617 Fontanido
2965 560 3198 621 devenit,
3241 574 3414 627 quan-

157 662 396 711 tuerunt.
428 655 557 721 Qua:
593 657 862 713 discordia
906 673 1016 714 non
1067 659 1184 713 sine
1225 658 1608 730 impedimento
1636 658 1738 715 fuit
1832 662 1950 708 tum
1981 655 2120 708 inter
2139 653 2474 710 Christianos
2493 671 2597 710 non
2629 653 2823 708 accidit
2843 667 2906 704 ex
2927 665 2992 704 co
3022 658 3281 717 tempore,
3307 661 3418 717 quo

156 747 461 818 paciﬁcata.
497 747 750 819 Legimus
773 750 899 818 quia
930 750 1055 805 boni
1087 765 1240 820 reges
1265 751 1540 806 constituti
1569 752 1737 807 bonos
1834 747 2067 816 primum
2094 745 2317 800 Carolus
2341 762 2460 801 cum
2486 747 2824 817 Raganfredo
2849 746 2903 799 in
2925 743 3182 797 Vinciaeo
3213 758 3418 812 pugna-

153 837 263 893 εἰδί
289 837 625 895 consiliarios
653 840 1032 906 adhibuerunt,
1069 849 1124 897 et
1165 857 1265 910 per
1296 843 1468 898 bonos
1505 857 1658 911 reges
1683 851 1740 897 et
1840 838 1934 892 vit.
1981 839 2086 893 Sed
2117 854 2222 893 non
2264 853 2364 906 pro
2415 838 2501 891 illa
2546 840 2812 892 occisione
2835 879 2850 901 ,
2891 852 3009 905 qua:
3046 834 3187 888 facta
3231 833 3332 886 fuit
3362 835 3419 888 in

152 927 337 982 bonos
364 927 700 984 consiliarios
726 945 1013 1001 regnorum
1044 931 1224 1000 populi
1254 932 1421 985 multa
1447 932 1588 986 bona
1637 933 1736 986 ba-

154 1017 418 1085 buerunt,
469 1026 526 1074 et
567 1038 667 1093 per
707 1022 876 1076 malos
906 1038 1060 1093 reges
1109 1030 1165 1078 et
1200 1023 1371 1078 malos
1399 1024 1738 1079 consiliarios

153 1121 452 1179 regnorum
478 1113 653 1178 populi
693 1112 860 1166 multa
886 1112 1021 1165 mala
1049 1113 1438 1167 sustinuerunt.

235 1199 366 1254 Car.
393 1200 456 1254 ll.
491 1199 562 1256 Ut
588 1202 650 1256 de
679 1203 1069 1258 recentioribus
1095 1203 1333 1258 historiis
1360 1203 1510 1259 vobis
1547 1220 1743 1274 propo-

156 1305 292 1344 nam
313 1291 588 1360 exempla:
615 1293 838 1361 Quando
863 1294 1118 1366 Pippinus
1144 1297 1348 1351 abavus
1375 1305 1558 1351 vester
1577 1312 1743 1366 (egro-

160 1379 307 1433 tavit
332 1380 386 1433 in
414 1379 723 1436 inﬁrmitate
743 1383 811 1437 de
837 1399 941 1452 qua
971 1393 1027 1438 et
1049 1392 1291 1439 mortuus
1319 1392 1420 1450 est,
1452 1386 1591 1454 apud
1624 1401 1742 1439 nio-

160 1470 467 1524 nasterium
493 1473 668 1526 sancti
716 1473 956 1544 Dionysii
1002 1475 1152 1544 regni
1181 1475 1264 1529 sui
1303 1475 1569 1544 primores
1615 1490 1746 1531 con-

163 1561 400 1625 vocavit,
439 1570 492 1617 et
527 1576 716 1616 eorum
749 1564 973 1620 consilio
1021 1565 1303 1634 disposuit,
1351 1565 1582 1635 qualiter
1627 1573 1749 1635 post

166 1664 301 1704 eum
333 1649 427 1705 ﬁlii
475 1653 558 1706 sui
585 1651 977 1710 Carlomannus
1005 1665 1060 1708 et
1102 1653 1346 1719 Carolus,
1374 1656 1466 1724 qui
1515 1673 1638 1711 cum
1683 1672 1750 1713 eo

162 1751 350 1807 erant,
401 1757 622 1813 regnum
666 1745 784 1813 ejus
819 1747 1043 1816 paciﬁce
1095 1747 1479 1817 gubernarent.
1539 1747 1748 1804 Mortuo

1837 928 2157 994 Fontanido,
2204 943 2307 997 pax
2341 929 2395 981 in
2446 943 2609 996 regno
2641 928 2916 997 provenit,
2968 926 3062 980 sed
3108 925 3288 978 tandiu
3332 922 3422 977 illa

1837 1022 2054 1076 miseria
2082 1021 2226 1075 inter
2254 1019 2615 1075 Christianum
2666 1019 2916 1088 populum
2941 1028 2995 1072 et
3016 1033 3176 1071 carne
3206 1016 3423 1085 propin-

1838 1127 1974 1182 quos
2005 1110 2223 1177 mansit,
2261 1112 2450 1176 donec,
2501 1109 2698 1165 vellent
2743 1109 2969 1172 nollent,
3003 1117 3052 1162 et
3087 1109 3325 1162 seniores
3369 1111 3424 1159 et

1841 1204 1990 1274 regni
2027 1205 2292 1274 primores
2322 1204 2374 1256 in
2407 1211 2518 1256 tres
2557 1209 2739 1271 partes
2766 1215 2987 1268 regnum
3024 1198 3343 1262 diviserunt,
3368 1208 3428 1256 et

1839 1315 1937 1370 per
1963 1309 2304 1353 sacramenta
2353 1299 2527 1367 ipsam
2557 1295 2876 1351 divisionem
2919 1291 3162 1348 stabilem
3193 1308 3311 1348 esse
3337 1291 3431 1347 de-

1842 1389 1973 1446 bere
1998 1389 2476 1445 conﬁrmaverunt.

1915 1479 2044 1535 Cap.
2091 1479 2158 1534 ν.
2189 1478 2397 1534 Mortuo
2428 1477 2704 1539 Lothario,
2756 1475 2847 1528 ﬁlii
2879 1475 2995 1544 ejus
3026 1489 3248 1543 regnum
3281 1472 3426 1534 illius
3509 1535 3513 1542 ,

1852 1569 1995 1624 inter
2016 1583 2075 1623 se
2103 1567 2421 1623 diviserunt.
2455 1565 2606 1620 Unde
2633 1566 2807 1621 adhuc
2830 1564 2935 1617 illis
2958 1563 3260 1616 viventibus
3291 1561 3431 1616 facta

1847 1666 1932 1714 est
1959 1658 2187 1713 ﬁrmitas
2217 1673 2312 1727 per
2339 1661 2734 1712 sacramentum
2773 1653 2914 1707 inter
2940 1662 3150 1720 patrem
3195 1661 3433 1706 vestrum

1851 1758 1905 1806 et
1931 1759 2180 1819 patruum
2211 1756 2448 1802 vestrum
2479 1745 2830 1800 Lndovicum.
2874 1743 3084 1796 Mortuo
3110 1751 3290 1796 autem
3329 1741 3433 1796 Lo-

167 1842 356 1888 autem
387 1833 500 1899 illo,
531 1845 587 1888 et
621 1851 745 1891 cum
772 1852 964 1907 magna
1000 1837 1283 1893 devotione
1309 1837 1539 1906 sepulto,
1567 1838 1751 1894 Carlo-
1779 1821 1826 1881 Β
1857 1839 2029 1894 thario
2051 1838 2160 1891 ﬁlio
2188 1837 2448 1899 Lotharii,
2481 1843 2601 1904 post
2629 1833 2822 1888 multas
2853 1831 3250 1887 controversias
3294 1829 3437 1886 facta

167 1941 406 1980 manuus
431 1927 497 1980 ad
525 1925 861 1990 Suessiones,
894 1936 950 1983 et
968 1927 1193 1984 Carolus
1218 1929 1285 1983 ad
1306 1927 1625 1986 Noviomum
1652 1944 1748 1985 ve-

167 2028 388 2081 nerunt,
416 2026 471 2073 et
499 2019 708 2074 decimo
731 2021 920 2088 quinto
948 2021 1035 2076 die
1061 2030 1185 2090 post
1220 2020 1367 2076 illius
1385 2021 1595 2076 obitum
1624 2035 1753 2076 con-

168 2111 295 2163 silio
321 2116 377 2164 et
403 2109 599 2164 auxilio
628 2111 777 2180 regni
819 2111 1116 2180 primorum
1147 2111 1203 2167 in
1233 2125 1388 2182 reges
1415 2110 1578 2165 levati
1604 2119 1750 2178 sunt,

172 2209 229 2254 et
255 2199 622 2268 unusquisque
648 2200 712 2255 de
737 2202 882 2271 regni
903 2201 1231 2271 primoribus
1260 2203 1378 2258 sine
1402 2202 1506 2257 ulla
1533 2212 1756 2258 conten-

176 2290 321 2345 tione
367 2292 432 2343 ad
474 2304 653 2360 regem
699 2307 856 2346 suum
907 2294 1175 2348 convenit.
1216 2292 1345 2348 Post
1391 2302 1503 2349 tres
1540 2294 1756 2350 circiter

176 2395 352 2434 annos
401 2389 612 2434 mortuo
657 2379 1018 2438 Carlomanno
1065 2382 1122 2437 in
1172 2381 1558 2448 Salmontiaco,
1607 2385 1756 2441 venit

176 2468 400 2524 Carolus
445 2469 512 2524 ad
554 2469 983 2537 Corbennacum,
1036 2479 1092 2527 et
1135 2473 1291 2544 regni
1326 2473 1616 2542 primores,
1663 2473 1757 2543 qui

177 2575 299 2614 cum
330 2559 686 2615 Carlomanno
703 2560 939 2628 fuerunt,
963 2563 1090 2618 illuc
1109 2563 1180 2617 ad
1208 2577 1332 2618 eum
1361 2571 1756 2630 convenerunt,

176 2651 420 2720 exceptis
438 2651 644 2721 paucis,
665 2652 731 2706 de
759 2652 953 2722 quibus
979 2667 1087 2708 non
1106 2660 1190 2709 est
1207 2654 1368 2712 modo
1392 2655 1758 2711 necessarium

177 2745 378 2800 dicere.

248 2831 376 2887 Cu».
417 2830 501 2886 ill.
532 2829 742 2887 Mortuo
769 2839 949 2888 autem
997 2831 1191 2890 Carolo
1213 2834 1560 2904 imperatore,
1591 2843 1646 2890 et
1673 2849 1760 2891 se-

171 2921 328 2993 pulto
356 2921 407 2975 in
434 2921 601 2991 Aquis
644 2921 874 2990 palatio,
923 2923 1074 2993 regni
1109 2925 1397 2993 primores,
1423 2925 1516 2994 qui
1545 2940 1669 2980 cum
1693 2939 1761 2981 eo

174 3019 362 3078 erant,
412 3011 674 3066 miserunt
713 3013 784 3066 ad
809 3011 1140 3068 Ludovicum
1171 3029 1333 3068 avum
1373 3023 1636 3079 vestrum,
1667 3015 1760 3084 qui

174 3113 301 3158 erat
340 3103 394 3156 in
443 3101 758 3157 Teutuado:
798 3103 890 3178 qui
921 3103 1198 3175 trigesimo
1232 3103 1321 3158 die
1369 3112 1493 3172 post
1529 3113 1758 3159 mortem

174 3194 357 3264 patris
381 3193 464 3248 sui
493 3194 640 3248 venit
659 3193 848 3262 Aquis,
877 3202 934 3247 et
969 3209 1092 3248 cum
1130 3193 1282 3264 regni
1305 3193 1604 3264 primorum
1633 3208 1760 3247 con-

175 3283 306 3339 silio
330 3281 554 3351 paciﬁce
582 3297 805 3352 regnum
847 3283 1126 3352 disposuit,
1150 3283 1340 3347 donec,
1392 3297 1557 3337 causa
1588 3297 1764 3336 emer-

177 3380 344 3444 gente
383 3387 544 3442 quam
597 3386 701 3426 non
732 3381 944 3441 oportet
991 3388 1134 3426 nunc
1180 3372 1383 3438 dicere,
1428 3371 1570 3426 inter
1613 3370 1762 3425 ilium

178 3471 242 3518 et
268 3461 406 3516 ﬁlios
427 3461 545 3530 ejus
570 3469 652 3517 est
677 3471 798 3517 orta
822 3462 1090 3518 discordia
1107 3503 1122 3528 ,
1149 3478 1249 3533 pro
1271 3477 1377 3532 qua
1415 3478 1606 3532 magna
1639 3477 1762 3532 pars

179 3553 253 3605 de
281 3551 430 3622 regni
459 3551 784 3620 primoribus
811 3567 933 3607 cum
971 3551 1229 3608 Lothario
1273 3551 1511 3621 perrexit
1539 3551 1594 3605 in
1622 3549 1763 3605 Lan-

181 3644 501 3716 gobardiam
516 3683 530 3698 .

256 3735 386 3789 Car.
414 3731 505 3788 IV.
543 3731 751 3788 Mortuo
769 3731 1040 3789 Ludovico
1066 3733 1411 3803 imperatore,
1433 3748 1534 3788 avo
1560 3740 1762 3798 vestro,

182 3823 408 3891 quidam
474 3823 542 3876 de
604 3821 759 3875 iStius
813 3821 963 3891 regni
1015 3823 1345 3892 primoribus
1403 3829 1765 3878 evocaverunt

180 3911 526 3975 Lotharium,
554 3918 608 3966 et
629 3909 892 3978 primores
917 3909 1012 3979 qui
1047 3924 1169 3964 cum
1206 3909 1297 3965 illo
1322 3917 1498 3965 erant.
1528 3911 1596 3965 de
1623 3910 1766 3964 Lan-

182 4001 443 4073 gobardia
491 4001 546 4055 in
599 4001 744 4056 istud
793 4016 1038 4072 regnum.
1107 4001 1177 4056 Et
1220 4002 1440 4070 quidam
1485 4002 1553 4057 de
1613 4002 1764 4070 regni

183 4093 515 4162 primoribus
579 4091 801 4147 fuerunt
858 4107 983 4148 cum
1037 4091 1231 4148 Carolo
1263 4100 1419 4161 patre
1455 4101 1656 4156 vestro,
1709 4100 1766 4147 et

183 4183 408 4252 quidam
438 4198 559 4238 cum
594 4183 867 4239 Ludovico
893 4191 1088 4252 patruo
1122 4191 1321 4238 vestro.
1353 4181 1563 4237 Interea
1584 4197 1765 4252 crepe-

183 4282 317 4329 runt
344 4274 495 4344 regni
525 4275 808 4343 primores,
839 4275 929 4344 qui
956 4289 1076 4330 cum
1107 4275 1282 4330 tribus
1308 4273 1565 4329 fratribus
1590 4282 1764 4341 erant,

186 4362 504 4432 singillatim
556 4371 766 4417 certare
802 4363 869 4418 de
920 4363 1232 4428 honoribus,
1282 4364 1481 4433 quique
1529 4363 1766 4429 illorum,

186 4453 334 4508 unde
372 4451 603 4522 majores
653 4461 707 4508 et
735 4454 918 4524 plures
953 4462 1173 4523 possent
1197 4453 1480 4510 obtinere:
1512 4462 1568 4508 et
1616 4453 1764 4522 parvi

187 4545 488 4616 pendentes
533 4553 871 4600 sacramenta
903 4545 969 4600 de
1015 4545 1280 4600 divisione
1320 4543 1665 4615 regnifacta,
1709 4552 1766 4598 et

189 4635 314 4707 plus
351 4644 617 4690 certantes
655 4635 720 4691 de
764 4635 978 4690 illorum
1024 4636 1346 4705 cupiditate,
1389 4649 1550 4705 quam
1581 4635 1646 4689 de
1673 4649 1764 4688 se-

192 4727 408 4782 niorum
434 4741 652 4780 suorum
681 4736 735 4781 et
760 4727 825 4782 de
853 4742 948 4782 sua
967 4727 1156 4788 Salute,
1190 4734 1246 4780 et
1269 4726 1335 4780 de
1363 4734 1566 4780 saneta:
1591 4723 1770 4778 Eccle-

191 4815 293 4873 sia:
335 4831 398 4870 ac
430 4815 608 4885 populi
651 4831 804 4885 pace,
840 4815 932 4886 qui
959 4832 1082 4872 cum
1107 4815 1361 4870 Lothario
1387 4823 1561 4875 erant,
1593 4814 1772 4867 immi-

194 4917 385 4964 serunt
416 4907 563 4961 illum
592 4907 648 4960 in
675 4907 810 4971 hoc,
868 4915 930 4962 ut
971 4905 1168 4960 fratres
1213 4921 1340 4960 suos
1379 4905 1772 4968 exlneredaret,

190 5005 251 5053 et
292 4994 443 5065 regni
492 4995 758 5065 primores
801 4995 892 5064 qui
941 5009 1063 5049 cum
1110 4994 1218 5049 illis
1255 5001 1410 5047 erant
1445 4991 1772 5056 annnllaret,

191 5085 452 5156 quoniam
483 5085 595 5154 ipse
635 5083 1027 5155 primogenitus
1052 5092 1107 5138 et
1136 5083 1190 5137 in
1232 5082 1450 5136 nomine
1479 5082 1772 5150 imperato-

193 5176 274 5230 ris
298 5182 435 5230 erat.
477 5157 566 5231 'llli
590 5184 770 5231 autem
801 5175 894 5243 qui
939 5182 1097 5229 erant
1126 5187 1246 5227 cum
1272 5171 1466 5226 Carolo
1516 5181 1569 5224 et
1597 5170 1773 5226 Ludo-

190 5265 337 5329 vico,
367 5250 638 5332 dicebant,
668 5267 792 5336 quia
815 5264 1056 5320 seniores
1081 5263 1292 5318 illorum
1313 5260 1552 5315 Lotharii
1583 5258 1776 5315 fratres

189 5362 382 5420 erant,
415 5364 471 5410 et
498 5371 594 5426 per
627 5363 964 5411 sacramenta
991 5367 1216 5424 regnum
1256 5351 1404 5418 inter.
1423 5364 1516 5404 eos
1545 5349 1775 5404 divisum

189 5444 398 5512 fuerat,
444 5447 601 5501 etilli
647 5461 749 5502 nec
777 5460 996 5516 genere,
1048 5458 1147 5498 nec
1179 5448 1447 5514 potestate
1494 5439 1779 5496 inferiores

187 5543 374 5602 erant,
425 5551 585 5606 quam
621 5537 696 5592 illi
722 5537 813 5609 qui
861 5549 983 5592 cum
1034 5532 1292 5589 Lothario
1327 5537 1504 5596 erant,
1551 5539 1608 5584 et
1656 5531 1776 5586 ideo

189 5637 310 5681 non
336 5639 398 5681 se
424 5634 610 5682 contra
637 5625 755 5682 illos
781 5625 1189 5682 concrederent.
1243 5619 1398 5677 Unde
1441 5619 1580 5674 mala
1609 5620 1776 5676 multa

189 5723 256 5774 et
282 5717 519 5774 maxima
544 5718 889 5775 increverunt
939 5717 994 5774 in
1042 5727 1208 5782 terra,
1249 5726 1420 5783 usque
1458 5710 1582 5766 dum
1636 5711 1776 5768 inter

1795 4501 1844 4560 D

1854 1936 1937 1984 est
1961 1927 2152 1982 divisio
2173 1927 2314 1980 inter
2333 1935 2539 1994 patrem
2567 1930 2899 1986 vestrum,et
2924 1931 3172 1991 patruum
3199 1929 3435 1974 vestrum

1852 2015 2205 2080 Ludovicum,
2239 2015 2304 2068 de
2348 2021 2500 2083 parte
2527 2012 2676 2083 regni
2710 2011 2973 2065 Lotharii.
3016 2009 3223 2063 Mortuo
3256 2017 3437 2062 autem

1853 2103 2124 2162 Ludovico
2164 2103 2333 2158 fratre
2374 2101 2614 2157 Lotharii
2659 2101 2710 2155 in
2743 2100 3138 2170 Langobardia,
3176 2099 3439 2167 requisita

1856 2205 1940 2252 est
1967 2195 2109 2267 patri
2137 2203 2320 2249 vestro
2349 2208 2381 2246 a
2432 2191 2598 2246 fratre
2630 2205 2729 2246 suo
2757 2200 2812 2244 et
2839 2206 2868 2243 a
2900 2189 3026 2242 ﬁliis
3053 2187 3172 2257 ejus
3197 2204 3324 2258 pars
3371 2190 3439 2241 de

1856 2303 2022 2360 regno
2061 2287 2203 2342 illius
2239 2285 2423 2340 :unde
2463 2283 2636 2338 adhuc
2680 2281 2891 2336 vivente
2920 2279 3216 2344 Ludovico,
3267 2279 3360 2332 sed
3389 2287 3443 2332 et

1857 2399 2000 2440 anno
2025 2380 2319 2452 praeterito,
2346 2379 2480 2433 tales
2493 2377 2824 2432 devenerunt
2846 2373 3102 2436 miserim,
3123 2372 3264 2425 sicut
3291 2370 3442 2423 vobis

1856 2482 1984 2531 sunt
2007 2481 2168 2538 notae,
2203 2479 2258 2527 et
2298 2470 2400 2524 hoc
2427 2483 2570 2522 anno
2595 2466 2716 2521 talis
2737 2463 2985 2535 provenit
3014 2462 3240 2532 lugenda
3271 2459 3445 2514 infeli-

1858 2567 2017 2631 citas,
2048 2579 2166 2633 quae
2201 2577 2297 2632 per
2328 2560 2636 2615 universum
2673 2571 2807 2626 pene
2839 2553 3118 2618 mundum,
3145 2559 3202 2606 et
3239 2566 3335 2620 per
3364 2550 3444 2604 fu-

1859 2662 1981 2710 tura
2003 2665 2245 2722 tempora
2274 2649 2470 2704 merito
2499 2648 2602 2702 erit
2624 2648 2676 2702 in
2702 2644 3073 2717 opprobrium.

1929 2742 2059 2798 Car.
2112 2739 2199 2794 Vl.
2243 2738 2534 2807 Propterea
2577 2737 2794 2791 videtur
2841 2731 3122 2804 exiguitati
3170 2744 3324 2795 meae,
3353 2746 3446 2785 ve-

1860 2841 2034 2890 strum
2061 2845 2183 2886 esse
2212 2828 2516 2894 consilium,
2557 2835 2619 2882 ut
2644 2827 2710 2882 de
2739 2824 2978 2894 antiquis
3005 2823 3244 2878 historiis
3273 2837 3446 2892 quan-

1859 2935 1974 2982 tum
2010 2923 2236 2995 potestis
2264 2921 2580 2987 attendatis,
2615 2933 2684 2974 ne
2731 2918 2783 2972 in
2825 2916 3048 2972 exordio
3077 2915 3228 2986 regni
3279 2914 3447 2968 vestri

1859 3018 2004 3074 inter
2022 3015 2288 3084 primores
2331 3011 2482 3081 regni
2515 3011 2580 3066 de
2609 3018 2790 3065 vestro
2821 3009 3082 3078 regimine
3105 3007 3313 3061 oriatur
3335 3005 3448 3059 dis-

1861 3083 2062 3167 cordia,
2103 3117 2223 3173 quae
2261 3116 2368 3156 non
2413 3101 2530 3155 sine
2577 3097 2958 3169 impedimento
2986 3083 3154 3167 possit
3187 3110 3304 3150 esse
3352 3111 3441 3148 se-

1865 3194 2035 3248 data:
2071 3200 2126 3248 et
2172 3190 2324 3262 regni
2353 3189 2644 3260 primores,
2701 3187 2791 3258 qui
2840 3187 3119 3241 vobiscum
3169 3193 3316 3250 sunt,
3371 3185 3450 3238 sic

1863 3281 2069 3350 seipsos
2105 3288 2161 3334 et
2199 3293 2327 3333 suas
2379 3277 2684 3332 voluntates
2737 3283 3167 3344 contempereut,
3201 3289 3270 3328 ne
3316 3273 3450 3327 alios

1863 3369 2019 3431 istius
2047 3367 2200 3439 regni
2228 3367 2494 3435 primores
2517 3367 2584 3420 ad
2605 3365 2916 3420 scandalum
2943 3379 3039 3432 per
3062 3377 3224 3416 suam
3243 3361 3450 3432 cupidi-

1864 3467 2030 3513 tatem
2073 3466 2166 3511 aut
2207 3456 2584 3527 negligentiam
2635 3463 2946 3526 provocent.
2985 3453 3291 3507 Prmsertim
3324 3467 3448 3505 cum

1862 3565 1969 3605 non
2018 3549 2260 3603 habeatis
2299 3546 2546 3611 fratrem,
2595 3547 2662 3601 ad
2706 3561 2864 3616 quem
2899 3544 3128 3615 populus
3154 3544 3346 3597 debeat
3389 3556 3449 3595 se

1862 3642 2124 3706 dividere,
2161 3641 2301 3695 sicut
2347 3655 2444 3695 nec
2493 3639 2695 3695 divisus
2740 3647 2823 3693 est
2867 3636 3060 3691 Carolo
3114 3636 3439 3705 imperatore

1864 3741 2099 3796 mortuo,
2147 3732 2240 3786 sed
2292 3746 2352 3786 se
2405 3731 2578 3785 univit
2623 3745 2743 3784 cum
2778 3728 3049 3783 Ludovico
3093 3727 3235 3780 illius
3287 3727 3446 3779 uuiro

1866 3823 1994 3877 ﬁlio.
2024 3823 2161 3876 Nam
2200 3821 2246 3876 si
2297 3821 2372 3874 illi
2399 3821 2522 3876 boni
2550 3821 2780 3874 barones
2809 3828 2925 3889 post
2950 3828 3178 3874 mortem
3207 3815 3437 3886 Pippini,

1865 3929 1989 3969 cum
2015 3912 2225 3967 duobus
2264 3910 2522 3966 fratribus
2557 3912 2635 3965 sic
2670 3924 2801 3964 sano
2831 3910 3053 3964 consilio
3089 3917 3336 3977 egerunt,
3390 3914 3450 3959 ut

1865 4016 1972 4071 pax
2016 4001 2160 4054 inter
2196 3998 2393 4053 fratres
2427 4013 2580 4068 reges
2624 4006 2676 4051 et
2717 3998 2858 4051 inter
2891 3996 3039 4066 regni
3069 3997 3333 4064 primores
3375 4009 3440 4046 ac

1867 4089 2120 4161 populum
2155 4096 2319 4151 esset,
2350 4087 2518 4141 multo
2547 4085 2780 4149 facilius,
2811 4084 2913 4138 nisi
2943 4098 3002 4138 se
3031 4083 3230 4138 invidia
3271 4092 3325 4135 et
3354 4097 3450 4135 cu-

1868 4182 2067 4252 piditas
2110 4180 2515 4241 intermiserint,
2558 4178 2836 4232 vobiscum
2887 4175 2997 4230 Deo
3051 4172 3338 4241 adjuvante
3394 4187 3454 4226 se

1868 4273 1934 4326 ad
1965 4271 2058 4325 Dei
2085 4269 2439 4330 voluntatem,
2469 4277 2526 4321 et
2555 4280 2704 4321 suam
2739 4263 2962 4319 salutem
2978 4261 3162 4316 venire
3177 4259 3449 4322 valebunt,

1867 4358 2212 4412 attendentes
2253 4365 2454 4425 quanta
2513 4353 2727 4407 miseria
2775 4351 2971 4406 accidit
3023 4351 3090 4404 de
3153 4348 3443 4412 discordia,

1869 4463 1987 4518 quae
2021 4447 2159 4501 facta
2191 4456 2269 4500 est
2299 4446 2438 4499 inter
2469 4453 2578 4499 tres
2619 4442 2817 4496 fratres
2850 4447 2972 4511 post
2999 4447 3225 4494 mortem
3263 4435 3445 4491 Ludo-

1868 4541 1973 4597 vici
2002 4538 2363 4609 imperatoris.

1941 4630 2066 4685 Car.
2100 4628 2209 4682 VII.
2237 4625 2341 4681 Vos
2369 4625 2544 4687 scitis,
2575 4623 2698 4694 quia
2734 4630 2888 4692 pater
2913 4630 3093 4676 vester
3119 4619 3266 4689 prius
3299 4619 3444 4672 Rbe-

1873 4723 1977 4778 mis
2022 4721 2087 4775 de
2121 4719 2505 4774 constitutione
2541 4728 2716 4772 vestra
2760 4726 2882 4787 post
2911 4715 3059 4770 illiilli
3090 4715 3143 4768 in
3188 4713 3448 4783 regimine

1877 4813 2027 4885 regni
2077 4829 2200 4867 cum
2250 4809 2576 4879 primoribus
2634 4807 2784 4878 regni
2833 4807 2914 4863 sui
2960 4805 3222 4874 disposuit
3270 4818 3286 4856 :
3336 4804 3445 4866 ubi,

1881 4915 2141 4978 quantum
2186 4903 2457 4966 recordor,
2504 4902 2737 4956 maxime
2779 4913 2966 4953 omnes
2995 4897 3140 4963 regni
3189 4895 3454 4964 primores

1875 4999 2110 5060 fuerunt,
2155 5001 2380 5063 excepto
2407 4990 2924 5046 venerabili'abbate
2965 4987 3208 5054 llugone,
3239 4993 3293 5036 et
3315 4982 3452 5036 Ber—

1877 5086 2046 5140 nardo
2093 5083 2290 5138 comite
2315 5083 2653 5136 Arvernense
2685 5097 2698 5131 :
2731 5084 2785 5132 et
2805 5090 2993 5130 omnes
3018 5073 3311 5127 secundum
3341 5071 3450 5124 dis—

1877 5172 2196 5242 positionem
2252 5167 2633 5240 patrisgvestri
2676 5167 2728 5218 in
2763 5171 2943 5217 vestra
2993 5160 3139 5229 regia
3187 5167 3450 5212 constitu-

1877 5264 2022 5318 tione
2050 5266 2455 5316 consenserunt.
2486 5258 2551 5310 Et
2585 5254 2800 5324 quando
2827 5251 3068 5322 proxime
3099 5251 3150 5302 in
3176 5247 3452 5303 Carisiaco

1879 5352 2002 5407 inde
2021 5349 2307 5420 disposuit,
2333 5356 2386 5403 et
2415 5347 2631 5401 nomina
2652 5343 2804 5397 vobis
2827 5341 3095 5410 descripta
3127 5340 3292 5404 dedit,
3321 5353 3452 5408 quo-

1881 5455 2000 5494 rum
2037 5437 2263 5494 consilio
2307 5444 2360 5489 et
2389 5433 2588 5487 auxilio
2629 5430 2779 5500 regni
2811 5429 3020 5498 negotia
3051 5427 3334 5498 disponere
3359 5425 3454 5481 de-

1879 5530 2078 5586 beretis
2118 5527 2282 5596 (inter
2320 5539 2458 5595 quos
2482 5531 2558 5578 et.
2580 5522 2720 5577 Boso
2757 5521 3062 5591 adscriptus
3105 5520 3232 5590 est),
3263 5533 3453 5574 omnes

1878 5625 2174 5691 praesentes
2211 5613 2520 5670 adfuerunt.
2565 5618 2790 5681 excepto
2831 5612 2946 5682 ipso
2990 5611 3221 5677 Bosone,
3248 5619 3304 5665 et
3340 5607 3455 5664 llu-

1879 5726 2018 5783 gone
2045 5709 2258 5775 abbate,
2283 5714 2336 5762 et
2366 5703 2639 5763 Bcrnardo
2663 5703 2860 5764 comite
2887 5703 3184 5762 Arvernch
3207 5719 3222 5759 :
3249 5711 3304 5758 et
3331 5716 3445 5760 om»-
