4010 6330
507 316 612 373 987

1327 315 1664 376 lilNCMARl
1705 314 1920 374 RHEM.
1963 316 2284 376 ARCHIEP.
2326 317 2691 378 OPUSCULA
2727 318 2958 378 VARIA.

3683 322 3786 384 933

509 445 610 488 nes
634 430 723 502 qui
761 429 1047 487 adfuerunt
1077 429 1131 487 in
1160 428 1310 503 regia
1340 438 1519 487 vestra
1549 432 1936 487 constitutione
1960 448 2093 488 con—
2123 435 2172 494 Α
2202 434 2360 489 nobis
2379 433 2524 491 Deus
2552 433 2943 491 reddatcontra
2967 451 3206 508 paganos
3229 453 3247 490 :
3275 435 3401 507 quia
3422 450 3606 506 usque
3631 437 3787 496 mulo

511 531 822 589 senserunt,
849 524 941 578 sed
970 533 1022 578 et
1062 523 1133 576 illi
1164 523 1254 593 qui
1285 540 1407 578 cum
1452 534 1604 594 patre
1630 532 1811 579 vestro
1840 538 2098 592 perrexe-

513 624 663 671 runt.
690 615 981 684 Propterea
1025 614 1126 668 sub
1170 613 1452 669 celeritate
1495 614 1693 669 mittite
1723 615 1786 668 ad
1820 614 2099 685 Hugonem

514 715 572 760 et
596 704 892 761 Gozlenum
926 704 1167 767 abbates,
1199 712 1255 757 et
1282 705 1348 758 ad
1377 705 1661 768 Bosonem,
1693 713 1748 759 et
1771 704 2100 772 Conradum,

516 806 572 852 et
603 794 958 856 Bcrnardum,
989 793 1226 863 itemque
1256 795 1616 860 Bernardum,
1644 795 1912 850 comites:
1939 805 1992 850 et
2012 811 2104 865 pe-

517 887 636 948 tite,
671 893 730 937 nt
769 882 926 937 talem
975 882 1173 948 locum,
1224 884 1366 939 sicut
1415 885 1496 938 eis
1546 885 1884 940 commodius
1929 886 2102 938 visum

517 974 704 1038 fuerit,
731 973 886 1027 vobis
915 981 970 1028 et
992 974 1072 1028 eis
1099 976 1190 1044 qui
1222 976 1275 1029 iu
1320 977 1439 1031 istis
1466 976 1712 1046 partibus
1739 988 1888 1041 sunt,
1919 976 2012 1032 sed
2051 984 2109 1032 et

517 1067 649 1134 ipsis
672 1065 761 1135 qui
799 1066 851 1120 in
886 1065 992 1121 illis
1019 1067 1264 1137 partibus
1287 1079 1432 1132 sunt,
1457 1069 1750 1124 convenire
1764 1069 2104 1140 provideant,

519 1165 576 1210 ct
604 1157 756 1212 vobis
786 1159 1047 1212 mandeut
1071 1157 1145 1213 ἰιι
1191 1159 1318 1214 illuc
1369 1161 1597 1215 veniatis
1625 1177 1747 1215 cum
1781 1161 2108 1230 primoribus

517 1247 610 1315 qui
641 1247 694 1301 in
727 1248 845 1303 istis
880 1249 1123 1318 partibus
1154 1260 1298 1306 sunt.
1335 1251 1402 1306 Et
1452 1252 1630 1306 taliter
1669 1254 1869 1323 quique
1911 1269 2110 1308 conve-

518 1335 674 1391 niant
720 1346 781 1391 ut
822 1353 1047 1408 regnum
1079 1354 1183 1392 non
1225 1340 1584 1410 deprcedetur,
1613 1358 1726 1413 inec
1777 1343 2108 1408 devastetur,

519 1435 581 1479 ut
604 1428 876 1481 communi
907 1429 1133 1484 consilio
1162 1430 1229 1484 de
1249 1431 1522 1485 communi
1555 1433 1879 1488 necessitate
1904 1441 1960 1488 et
1999 1433 2110 1487 uti-

521 1515 674 1570 litate
701 1518 966 1581 tractetis,
1006 1519 1242 1588 qualiter
1268 1520 1356 1575 illa
1383 1522 1641 1592 capitula,
1672 1539 1793 1593 quae
1823 1532 1977 1592 pater
2010 1538 2105 1578 ve-

521 1616 636 1663 ster
674 1609 920 1678 proxime
963 1611 1015 1665 in
1045 1611 1321 1668 Carisiaco
1372 1615 1732 1681 aununtiavit,
1762 1617 1827 1670 ad
1859 1614 2109 1671 effectum

520 1700 804 1768 pervenire
831 1702 1062 1770 possint,
1092 1719 1213 1773 quae
1257 1705 1472 1760 interim
1501 1706 1723 1776 relcgite
1745 1717 1802 1762 et
1829 1722 1925 1763 vos
1953 1717 2010 1763 et
2034 1707 2108 1761 illi

520 1788 612 1856 qui
645 1787 922 1843 vobiscum
951 1799 1096 1856 sunt,
1133 1800 1185 1844 et
1213 1801 1393 1848 mente
1422 1796 1716 1848 recoudite.

591 1876 720 1932 Car.
776 1879 909 1934 VIII.
934 1879 1109 1936 Credo
1140 1882 1305 1936 etiam
1345 1884 1468 1952 quia
1504 1893 1661 1953 pater
1714 1894 1915 1948 vester,
1959 1891 2110 1953 post-

520 1983 682 2038 quam
725 1970 882 2025 scivit
908 1986 967 2027 se
995 1972 1062 2027 de
1087 1988 1181 2028 sua
1211 1974 1523 2029 inﬁrmitate
1549 1991 1652 2030 non
1681 1991 1838 2046 posse
1863 1975 2112 2030 convale-

519 2070 696 2125 scere,
725 2075 830 2114 non
875 2060 1081 2116 dimisit
1124 2070 1183 2116 ut
1220 2065 1374 2120 vobis
1405 2066 1470 2120 de
1526 2066 1675 2135 regni
1726 2065 2102 2134 dispositione,

523 2165 645 2220 qua:
671 2152 738 2206 ad
779 2152 873 2207 Dei
916 2153 1244 2208 voluntatem
1290 2165 1344 2210 et
1390 2135 1591 2211 sancta:
1624 2156 1875 2211 Ecclesize
1901 2166 2105 2211 statqu

521 2250 581 2298 et
603 2254 845 2300 vestrum
877 2246 1138 2300 honorem
1185 2262 1250 2302 ac
1274 2250 1570 2317 primorum
1621 2249 1795 2319 regni,
1843 2258 1899 2303 et
1929 2249 2110 2318 populi

521 2335 902 2391 necessitatem
948 2345 1003 2392 et
1047 2336 1338 2391 utilitatem
1371 2339 1549 2403 scivit,
1583 2340 1838 2407 quaedam
1864 2338 2112 2407 speciali-

521 2434 611 2482 ter
636 2441 741 2481 non
767 2428 1119 2482 mandaverit.
1144 2427 1432 2496 Propterea
1449 2445 1673 2484 necesse
1699 2439 1801 2496 est,
1827 2438 1882 2483 et
1912 2429 2110 2484 bonum

484 2571 490 2576 .
520 2516 751 2580 videtur,
784 2529 840 2573 ut
867 2519 942 2572 illi
969 2521 1134 2574 etiam
1166 2521 1420 2575 intersint
1464 2522 1705 2594 quicum
1752 2519 1840 2574 illo
1867 2519 2108 2586 fuerunt,

521 2619 579 2663 et
609 2624 800 2664 omnes
845 2612 1207 2664 communiter
1253 2615 1318 2666 de
1359 2611 1633 2665 communi
1681 2611 2007 2666 necessitate
2058 2619 2114 2666 et

522 2698 758 2754 utilitate
786 2706 1039 2755 tractent.
1068 2701 1180 2770 Ego
1205 2706 1392 2766 etiam,
1421 2701 1546 2755 licet
1587 2700 1846 2756 minimus
1873 2701 2108 2764 illorum,

521 2799 578 2846 et
601 2791 794 2847 debilis
827 2807 892 2846 ac
922 2792 1192 2857 inﬁrmus,
1223 2793 1275 2847 in
1304 2792 1400 2848 Dei
1435 2802 1493 2846 et
1524 2800 1762 2847 vestrum
1805 2791 2110 2857 servitium,

520 2891 578 2938 et
624 2882 835 2938 illorum
885 2882 1224 2952 obsequium,
1271 2883 1500 2937 Domino
1541 2890 1834 2949 annuente,
1881 2881 2113 2936 libenter

520 2977 864 3039 conveniam,
891 2985 965 3039 et,
996 2976 1041 3030 si
1069 2975 1274 3045 aliquid
1312 2974 1562 3028 utilitatis
1589 2973 1808 3027 valuere
1837 2972 2110 3036 conferre,-

521 3067 824 3122 vuluntarie
851 3065 1066 3132 faciam,
1096 3068 1223 3136 quia
1251 3081 1472 3123 necesse
1498 3073 1654 3120 estut
1673 3080 1795 3120 cum
1821 3065 1914 3120 Dei
1940 3076 1996 3120 et
2017 3080 2109 3122 ve-

521 3159 653 3215 stris
683 3159 931 3215 ﬁdelihus
957 3161 1201 3216 tractetis
1228 3170 1283 3214 et
1303 3160 1622 3228 disponatis.

593 3247 799 3314 Primo,
829 3249 1062 3319 qualiter
1089 3265 1185 3305 vos
1214 3251 1266 3304 in
1295 3251 1557 3322 regimine
1582 3249 1730 3320 regni
1755 3264 1878 3304 cum
1909 3250 2116 3305 honore

521 3348 579 3395 et
609 3340 964 3406 salvamento,
1002 3357 1068 3397 ac
1112 3341 1487 3413 supplemento
1533 3342 1600 3396 de
1640 3341 1725 3396 bis
1773 3356 1894 3409 quae
1925 3355 2116 3396 neces-

523 3433 668 3488 saria
694 3441 844 3498 sunt,
885 3448 1007 3487 cum
1033 3449 1199 3505 regno
1235 3448 1300 3487 ac
1330 3433 1491 3487 domo
1523 3441 1704 3487 vestra
1730 3431 1951 3500 possitis
1980 3447 2116 3487 con-

524 3522 736 3578 sistere.
781 3522 1050 3588 Secundo,
1102 3532 1162 3576 ut
1202 3521 1488 3592 przefatum
1535 3523 1833 3594 capitulum
1880 3539 1910 3576 a
1963 3532 2119 3594 patre

525 3619 712 3666 vestro
757 3625 930 3680 nuper
974 3612 1028 3665 in
1057 3609 1334 3667 Carisiaco
1362 3611 1761 3678 denuntiatum,
1809 3613 1876 3667 de
1913 3614 2120 3668 honore

526 3710 728 3757 sanctae
762 3701 1040 3767 Ecclesiae,
1089 3711 1145 3757 et
1187 3705 1531 3760 sacerdotum
1583 3720 1648 3760 ac
1691 3718 1970 3760 servorum
2023 3705 2118 3760 Dei

526 3793 711 3849 debito
761 3794 1066 3865 privilegio,
1122 3797 1191 3853 ad
1236 3795 1488 3853 eﬂ‘ectum
1537 3798 1761 3868 perduci
1817 3799 2031 3868 possit:
2062 3805 2118 3852 et

527 3894 590 3941 ut
613 3886 870 3942 Ecclesia:
895 3886 949 3941 in
981 3889 1084 3943 isto
1106 3903 1273 3959 regno
1296 3904 1392 3960 per
1411 3889 1842 3945 occasionabiles
1873 3890 2119 3944 circadas

527 3982 586 4031 et
610 3991 707 4046 per
749 3977 1017 4033 indebitas
1061 3979 1568 4034 censuetudinarias
1613 3979 1954 4043 exactiones,
1996 3994 2118 4048 qua:

531 4078 781 4140 tempore
817 4071 1052 4142 Pippiui,
1095 4072 1273 4128 Caroli
1314 4081 1369 4128 et
1415 4072 1671 4127 Ludovici
1725 4088 1832 4126 non
1878 4071 2115 4136 fuerunt,

529 4170 658 4218 ante
687 4179 856 4220 annos
883 4165 1071 4236 viginti
1104 4166 1388 4236 impositas
1411 4181 1517 4220 non
1551 4163 1880 4235 aflligantur.
1909 4165 2114 4230 Tertio,

528 4255 762 4324 qualiter
799 4257 949 4327 regni
1011 4257 1278 4324 primores
1322 4274 1446 4313 cum
1487 4257 1669 4312 debita
1719 4256 2012 4312 securitate
2056 4273 2122 4312 ac

529 4346 739 4401 honore
771 4363 897 4417 erga
927 4362 1024 4402 vos
1051 4350 1355 4403 consistere
1385 4349 1618 4417 possint,
1653 4356 1707 4402 et
1749 4348 1928 4401 creteri
1964 4347 2119 4400 nobi-

2197 523 2310 594 jam
2339 533 2465 579 aute
2493 523 2676 594 plures
2704 539 2874 580 annos
2902 525 3078 579 locum
3127 527 3181 580 in
3223 525 3327 580 isto
3349 541 3522 596 regno
3549 524 3792 582 defensio

2205 629 2310 669 non
2337 613 2546 678 habuit,
2577 614 2672 668 sed
2691 616 3352 684 redemptioettributum,
3382 624 3436 670 et
3462 630 3573 670 non
3619 615 3788 673 solum

2205 719 2472 774 pauperes
2505 704 2776 770 homines,
2807 705 2900 760 sed
2922 705 3264 761 etEeclesias
3289 705 3565 776 quondam
3599 705 3793 761 divites

2201 794 2316 866 jam
2344 805 2636 850 evacuatas
2674 797 2894 851 habent.
2931 796 3152 863 Quinto,
3181 805 3241 850 ut
3277 796 3656 861 concordiam,
3681 811 3794 866 qua

2208 890 2504 943 secundum
2526 888 2696 942 Deum
2725 897 2830 952 est,
2862 889 2929 943 de
2953 904 3059 958 qua
3098 904 3270 958 nuper
3300 890 3356 944 in
3388 888 3674 943 Carisiaco
3702 903 3795 957 pa-

2209 989 2294 1037 ter
2320 991 2502 1037 vester
2525 981 2858 1036 mentionem
2882 981 3090 1044 habuit,
3122 981 3267 1036 inter
3292 981 3478 1037 ﬁdeles
3507 979 3608 1034 Dei
3635 989 3690 1034 et
3710 994 3803 1036 vo-

2209 1080 2354 1127 stros
2385 1071 2572 1126 haberi
2603 1079 2658 1126 et
2681 1072 2864 1141 vigere
2893 1055 3154 1142 quantum
3190 1071 3479 1141 potueritis
3510 1071 3804 1141 satagatis,

2209 1173 2264 1218 et
2284 1179 2380 1220 vos
2405 1163 2565 1218 talem
2589 1178 2717 1235 erga
2741 1179 2835 1220 eos
2856 1166 3195 1235 praeparetis,
3220 1175 3278 1220 ut
3299 1181 3484 1220 verum
3511 1166 3805 1220 consilium

2210 1255 2366 1309 vobis
2391 1255 2521 1310 dare
2547 1255 2756 1324 possint
2778 1266 2834 1309 et
2857 1256 3107 1311 audeant.
3138 1255 3296 1322 Quia,
3318 1257 3462 1311 sicut
3485 1271 3585 1324 per
3606 1256 3808 1312 multos

2213 1343 2417 1409 audivi,
2445 1344 2671 1398 multum
2709 1345 2944 1415 deperiit
2991 1345 3058 1400 de
3105 1345 3338 1400 utilitate
3367 1346 3421 1399 in
3473 1345 3585 1399 isto
3613 1362 3807 1416 regno,

2213 1449 2313 1504 pro
2336 1449 2402 1488 eo
2429 1434 2554 1503 quia
2577 1434 2870 1490 consiliarii
2901 1436 3042 1506 quod
3068 1436 3310 1491 sciebant
3330 1437 3535 1490 bonum
3565 1448 3622 1490 et
3648 1437 3806 1500 utile,

2215 1523 2396 1578 dicere
2438 1537 2544 1576 non
2571 1524 2861 1587 audebant,
2892 1539 2993 1578 nec
3020 1535 3081 1579 ut
3127 1525 3372 1579 dicerent
3411 1525 3595 1579 locum
3637 1525 3811 1578 habe-

2212 1613 2367 1668 bant.
2427 1611 2615 1668 Nullus
2643 1614 2784 1667 cuitu
2820 1615 2982 1669 homo
3014 1624 3097 1669 est
3119 1615 3196 1670 sic
3225 1615 3444 1684 sapiens
3485 1626 3543 1668 ut
3583 1615 3816 1669 ahenus

2217 1719 2321 1758 non
2354 1703 2591 1774 indigeat
2611 1704 2857 1768 consilio,
2889 1705 3304 1775 sicutscriptum
3330 1713 3444 1759 est:
3466 1705 3704 1758 Audiens
3717 1723 3811 1757 m-

2137 1779 2185 1840 B
2212 1794 2359 1862 piens
2387 1793 2671 1863 sapientior
2700 1794 2819 1857 crit,
2852 1804 2898 1848 et
2921 1794 3213 1864 intelligens
3246 1795 3606 1865 gubernacula
3631 1796 3813 1863 possi-

2212 1885 2376 1951 debit,
2399 1895 2474 1952 et,
2502 1903 2592 1956 qut
2630 1886 2847 1954 confidit
2877 1887 3278 1956 cogitationibus
3334 1889 3445 1941 suis
3491 1888 3648 1956 impie
3687 1895 3813 1956 agat

2213 1973 2397 2046 (Prov.
2448 1991 2488 2040 ι,
2537 1975 2600 2040 5;
2651 1991 2759 2037 xu,
2807 1975 2885 2047 ἢ).
2956 1976 3154 2039 Sexto,
3214 1985 3272 2031 ut
3328 1977 3616 2031 inveniatis
3675 1991 3810 2031 cum

2211 2067 2308 2124 Dei
2349 2077 2399 2121 et
2430 2067 2626 2123 vestris
2652 2067 2916 2133 lidelibus,
2940 2068 3176 2138 qualiter
3195 2084 3381 2138 pacem
3410 2078 3463 2123 et
3489 2069 3798 2123 amicitiam

2213 2161 2508 2214 secundum
2543 2160 2709 2213 Deum
2757 2175 2879 2214 cum
2931 2161 3125 2214 vestris
3153 2160 3388 2214 sobrinis
3418 2161 3595 2229 patrui
3627 2161 3804 2214 vestri

2212 2251 2339 2306 ﬁliis
2370 2250 2637 2315 habeatis,
2659 2258 2716 2305 et
2745 2259 2989 2305 mutuum
3030 2251 3357 2320 adjutorium
3386 2251 3542 2306 vobis
3581 2251 3649 2304 ad
3705 2251 3806 2304 Dei

2214 2342 2567 2406 voluntatem,
2605 2349 2660 2396 et
2687 2349 2890 2396 sanctte
2939 2342 3192 2396 Ecclesia;
3241 2357 3306 2396 ac
3357 2352 3592 2396 vestrum
3622 2342 3804 2394 bono-

2213 2449 2352 2496 rem,
2379 2441 2542 2502 atque
2579 2447 2925 2488 communem
2960 2431 3196 2487 ﬁdelium
3224 2442 3525 2488 vestrorum
3546 2432 3808 2487 salvatio-

2213 2538 2336 2577 nem
2364 2523 2689 2578 exhibeatis.

2283 2612 2414 2667 Car.
2459 2612 2553 2667 IX.
2596 2612 2886 2678 Cancrum,
2915 2613 3148 2684 qualiter
3171 2613 3286 2668 hzec
3309 2613 3377 2667 ad
3401 2611 3651 2667 effectum
3677 2628 3811 2682 per-

2213 2704 2466 2767 veniant,
2509 2711 2563 2756 et
2593 2714 2790 2757 caetera
2845 2704 3152 2758 necessaria
3215 2703 3562 2762 inveniantur:
3611 2711 3672 2755 et
3712 2718 3808 2756 as-

2214 2803 2529 2862 sequantur,
2565 2792 2706 2847 Deus
2731 2802 2816 2847 est
2855 2794 3184 2859 exorandus,
3231 2793 3320 2861 qui
3364 2792 3656 2861 unicuique
3705 2795 3806 2847 de-

2213 2897 2340 2942 voto
2369 2887 2633 2958 promittit
2665 2903 2678 2939 :
2707 2887 2769 2941 Si
2809 2887 2927 2957 quis
2967 2886 3162 2956 indiget
3190 2886 3468 2955 sapientia,
3495 2885 3732 2952 postulet
3772 2901 3805 2937 α

2214 2980 2345 3042 Deo,
2367 2989 2416 3032 et
2462 2978 2676 3032 dabitur
2701 2979 2779 3032 illi
2803 2979 2942 3046 (Jac.
2980 2993 3018 3044 ι,
3052 2977 3131 3046 5).
3179 2977 3245 3030 Et
3271 2977 3398 3030 item
3434 2976 3605 3030 dicit:
3637 2975 3804 3029 Indi-

2217 3069 2346 3122 cabo
2376 3069 2492 3133 tibi,
2540 3069 2722 3131 homo,
2743 3067 2870 3137 quid
2896 3069 2960 3122 sit
2985 3068 3198 3130 bonum,
3223 3075 3283 3135 ,σε
3311 3064 3435 3136 quid
3459 3064 3598 3119 Deus
3625 3068 3810 3133 requi-

2139 3130 2186 3192 C
2218 3172 2355 3214 rata
2385 3170 2433 3214 te
2453 3130 2558 3215 :Vid
2579 3169 2652 3215 est
2677 3130 2851 3230 facere
2869 3159 3134 3229 judicium
3174 3130 3231 3213 ει·
3248 3130 3535 3227 justitiam,
3570 3167 3614 3210 ct
3649 3130 3806 3211 salti-

2219 3253 2379 3304 citum
2403 3249 2676 3304 ambulare
2701 3265 2818 3303 cum
2844 3249 2950 3303 Deo
2974 3259 3066 3302 tuo
3093 3247 3280 3319 (Mich.
3315 3263 3386 3313 vr,
3416 3249 3490 3318 8).
3532 3247 3682 3302 Facis
3701 3250 3812 3301 nia

2219 3353 2301 3400 est
2321 3343 2556 3414 justitia,
2597 3357 2706 3397 non
2738 3356 2837 3411 pro
2860 3342 2968 3396 ullo
2997 3351 3213 3395 terreno
3257 3340 3430 3404 lucro,
3471 3339 3567 3395 sed
3595 3356 3698 3409 pro
3743 3355 3814 3395 eo

2218 3437 2334 3508 ipso
2362 3436 2488 3505 quia
2519 3434 2733 3504 iustitia
2756 3443 2859 3499 est,
2881 3435 3022 3489 sicut
3048 3432 3305 3504 scriptum
3333 3445 3413 3487 est
3436 3451 3449 3486 :
3477 3433 3633 3485 Justc
3669 3431 3808 3502 quod

2210 3527 2416 3597 justum
2464 3535 2540 3580 est
2588 3527 2883 3596 exsequeris
2928 3524 3107 3596 (Deut.
3149 3531 3263 3586 XVI,
3296 3522 3411 3594 20).
3472 3522 3805 3578 Faciendu

2219 3628 2300 3674 est
2319 3619 2582 3690 judicium
2616 3633 2715 3687 pro
2739 3617 3045 3687 iniquorum
3099 3616 3457 3677 correctione,
3490 3624 3546 3670 et
3576 3630 3681 3684 pro
3723 3613 3806 3667 in-

2211 3707 2414 3778 juriam
2444 3708 2824 3762 sustinentium
2852 3705 3170 3770 directione,
3203 3720 3312 3759 non
3348 3719 3447 3773 pro
3477 3702 3809 3758 malevolen-

2223 3801 2310 3856 tize
2349 3800 2578 3863 ultione,
2609 3813 2710 3853 nec
2737 3797 3052 3868 projustam
3095 3810 3316 3850 causam
3356 3794 3678 3849 habentium
3709 3809 3805 3862 op-

2218 3893 2516 3963 pressione.
2565 3889 2700 3944 Nam
2748 3891 2843 3960 qui
2885 3887 3374 3959 injustejndicant,
3413 3903 3524 3940 non
3567 3885 3814 3955 judicant

2215 3982 2502 4051 judicium,
2531 3982 2583 4035 id
2615 3990 2700 4036 est
2740 3981 2864 4051 jure
2910 3996 2974 4034 ac
3021 3978 3264 4049 legaliter
3288 3977 3521 4040 dictum,
3551 3979 3647 4030 sed
3680 3989 3813 4044 pm

2214 4076 2500 4145 judicium.
2533 4072 2720 4138 Unde,
2756 4074 2899 4128 sicut
2925 4072 3185 4126 Dominus
3213 4070 3363 4132 dicit,
3394 4070 3485 4138 qui
3508 4069 3709 4137 injuste
3723 4070 3814 4136 ju-

2220 4165 2422 4229 dicant,
2472 4163 2615 4234 jttste
2672 4163 2906 4232 judicati
2976 4161 3489 4215 condanuabuntttr.
3576 4157 3815 4213 Sollicita

2221 4257 2512 4325 unicuique
2541 4256 2926 4312 ambulandum
2955 4263 3041 4309 est
3085 4268 3206 4307 cum
3253 4251 3366 4306 Deo
3410 4264 3535 4312 suo,
3593 4259 3650 4304 et
3707 4248 3814 4318 regi

2221 4350 2512 4420 praecipue,
2545 4347 2637 4416 qui
2667 4349 2765 4402 sub
2785 4346 2951 4400 tantis
2979 4346 3085 4399 erit
3103 4342 3276 4414 [Nimis
3301 4343 3354 4396 in
3389 4339 3579 4395 futuro
3599 4341 3812 4398 sreculo.

529 4436 613 4492 les
641 4437 888 4491 homines
917 4438 970 4490 in
1019 4453 1187 4508 regno
1231 4440 1576 4494 securitatem
1626 4438 1879 4508 habeant,
1908 4453 1977 4491 ne
2023 4453 2119 4506 per
2143 4473 2197 4533 Β
2223 4441 2268 4495 si
2309 4440 2484 4493 malus
2520 4438 2696 4496 fuerit.
2727 4451 2888 4506 super
2913 4444 3144 4506 quantos
3166 4433 3268 4486 fuit
3293 4433 3470 4486 inisto
3505 4433 3732 4495 saeculo,
3758 4434 3808 4485 in

531 4525 748 4580 diversa
777 4527 990 4596 ingenia
1015 4543 1044 4580 a
1077 4529 1188 4582 suis
1217 4532 1409 4598 opibus
1439 4545 1572 4598 quas
1615 4529 1817 4584 habere
1842 4531 2119 4598 potuerint

531 4615 901 4684 despolientnr
939 4635 952 4670 :
999 4619 1123 4685 quia
1153 4629 1433 4688 postquam
1487 4619 1638 4672 radix
1677 4619 1914 4673 omnium
1951 4618 2118 4672 malo-

532 4723 654 4762 rum
682 4707 949 4776 cupiditas
995 4708 1048 4762 in
1095 4725 1260 4780 regno
1302 4711 1405 4764 isto
1427 4710 1650 4773 exarsit,
1685 4719 1745 4764 ut
1793 4709 1972 4764 nullus
2025 4717 2118 4763 aut

531 4812 672 4869 pene
699 4798 874 4853 nullus
905 4801 1164 4855 honorem
1196 4809 1289 4854 aut
1317 4801 1533 4870 aliquod
1562 4801 1764 4856 bonum
1797 4801 1913 4855 sine
1938 4801 2118 4872 pretio

532 4898 719 4960 posset
756 4891 1056 4959 acquirere,
1103 4901 1197 4945 aut
1241 4901 1444 4956 tenere,
1491 4901 1584 4947 aut
1632 4891 1980 4947 securitatem
2023 4892 2120 4944 ha-

533 4980 682 5046 bere,
717 4996 820 5052 pax
852 4991 906 5035 et
935 4982 1239 5047 consilium,
1276 4991 1328 5037 et
1358 4983 1591 5053 justitia,
1631 4991 1794 5052 atque
1826 4980 2115 5050 judicium,

535 5072 677 5128 sicut
720 5087 941 5128 necesse
990 5073 1188 5138 fuerat,
1226 5073 1402 5128 locum
1445 5075 1499 5129 in
1546 5075 1652 5129 isto
1680 5089 1846 5145 regno
1875 5089 1979 5129 non
2023 5074 2120 5128 ha-

537 5165 792 5221 buerunt.
817 5163 1044 5232 Quarto,
1061 5173 1120 5218 ut
1137 5165 1422 5221 inveniatis
1437 5181 1560 5221 cum
1584 5165 1676 5219 Dei
1703 5174 1760 5220 et
1783 5166 1980 5220 vestris
1994 5165 2121 5220 ﬁde-

537 5254 699 5322 libus,
726 5256 960 5325 qualiter
974 5256 1089 5310 istaz
1106 5257 1306 5326 rapina
1327 5265 1382 5311 et
1400 5257 1824 5326 depraedationes
1841 5257 1892 5309 in
1911 5257 2016 5310 isto
2033 5271 2120 5311 re-

537 5363 644 5418 gno
667 5355 902 5412 cessent,
931 5347 1280 5404 etmiseriste
1293 5349 1536 5419 populus,
1579 5349 1668 5417 qui
1687 5346 1801 5416 jam
1829 5362 1926 5416 per
1942 5346 2123 5416 plures

535 5454 708 5494 annos
720 5439 1148 5510 depraedationes
1161 5441 1402 5496 diversas
1417 5451 1469 5495 et
1491 5441 1793 5504 continuas,
1810 5448 1862 5494 et
1887 5454 1984 5510 per
1999 5455 2128 5494 exa-

537 5531 747 5587 ctiones
771 5532 840 5587 ad
873 5530 1236 5587 Nortmannos
1263 5532 1597 5601 repellendos
1617 5530 1890 5602 afﬂigitur,
1913 5529 2128 5599 aliquod
2162 5547 2170 5557 δ

540 5623 843 5678 remedium
871 5623 1090 5689 habeat,
1116 5623 1396 5694 etjustitia
1426 5632 1481 5678 et
1503 5623 1786 5694 judicium,
1819 5637 1938 5694 qua:
1971 5620 2129 5692 quasi

540 5723 788 5771 emortua
837 5715 980 5784 apud.
1028 5730 1127 5773 nos
1174 5725 1323 5781 sunt,
1376 5715 1724 5781 reviviscant,
1770 5723 1831 5770 ut
1876 5713 2132 5768 virtutem

2223 4547 2329 4601 quo
2351 4546 2409 4586 se
2439 4546 2468 4583 a
2516 4529 2717 4583 malitia
2744 4543 2850 4580 non
2883 4525 3138 4588 correxit,
3173 4533 3229 4577 et
3257 4538 3364 4577 non
3390 4521 3522 4576 fecit
3543 4521 3809 4590 judicium

2220 4620 2578 4690 etjustitiam,
2613 4629 2669 4672 et
2696 4634 2802 4672 non
2828 4616 3127 4672 ambulavit
3148 4615 3376 4670 sollicite
3405 4629 3534 4668 cum
3560 4613 3677 4668 Deo
3703 4627 3814 4666 suo.

2223 4711 2377 4766 Sicut
2424 4710 2570 4764 enim
2618 4710 2781 4763 homo
2852 4705 3132 4776 subjectus
3192 4705 3342 4758 vadit
3409 4703 3650 4759 sollicite
3697 4717 3814 4757 cum

2222 4803 2436 4859 seniore
2468 4815 2586 4864 suo,
2619 4808 2678 4854 ut
2706 4814 2769 4854 ea
2798 4799 2961 4854 faciat
2990 4814 3109 4868 quae
3138 4796 3213 4851 illi
3237 4795 3490 4867 placeant
3518 4797 3813 4851 secundum

2223 4893 2394 4948 Deum
2422 4891 2488 4945 ad
2517 4891 2771 4955 salutem,
2795 4897 2852 4943 et
2875 4888 3171 4942 secundum
3201 4885 3461 4940 saeculum
3520 4885 3594 4939 ad
3647 4885 3812 4939 hono-

2223 4996 2340 5038 rem
2385 4989 2440 5035 et
2483 4979 2808 5051 profectum,
2849 4987 2905 5033 et
2957 4978 3002 5032 si
3056 4977 3108 5041 in
3171 4976 3354 5046 aliquo
3411 4973 3640 5040 fecerit,
3681 4973 3819 5044 quod

2224 5071 2426 5129 seniori
2463 5085 2562 5126 suo
2585 5067 2887 5138 diSpliceat,
2908 5067 3010 5122 hoc
3036 5066 3218 5122 statim
3253 5065 3550 5120 emendare
3578 5064 3815 5125 festinat,

2225 5171 2288 5219 ut
2318 5164 2384 5218 ad
2409 5161 2640 5232 gratiam
2669 5159 2812 5214 illius
2843 5159 3087 5214 reveniat
3137 5176 3150 5210 :
3196 5156 3277 5211 sic
3306 5157 3462 5211 vobis
3488 5161 3718 5211 necesse
3744 5163 3818 5208 est

2225 5266 2287 5313 ut
2316 5257 2547 5313 sollicite
2591 5253 2877 5309 ambuletis
2925 5265 3048 5307 cum
3094 5248 3309 5302 seniore
3337 5257 3523 5302 vestro
3583 5263 3710 5315 rege
3741 5259 3817 5298 re-

2230 5367 2378 5422 gum,
2408 5359 2465 5404 ut
2489 5350 2555 5406 de
2575 5347 2888 5417 prteteritis,
2916 5359 3038 5415 quae
3069 5351 3257 5398 contra
3288 5341 3433 5396 illius
3483 5340 3809 5394 voluntatem

2231 5440 2458 5506 fecistis,
2494 5439 2568 5492 illi
2593 5453 2690 5507 per
2715 5435 3108 5491 confessionem
3133 5442 3187 5489 et
3208 5432 3388 5488 cordis
3411 5431 3806 5490 contritiouem,

2232 5539 2288 5586 et
2332 5545 2429 5600 per
2451 5544 2617 5598 opera
2660 5527 2797 5583 bona
2823 5523 3196 5586 satisfaciatis,
3242 5531 3297 5577 et
3329 5522 3399 5575 ab
3427 5521 3575 5576 illius
3606 5515 3806 5572 manda-

2237 5624 2307 5678 tis
2332 5623 2400 5676 de
2443 5627 2641 5675 caetero
2687 5633 2794 5673 non
2824 5617 3104 5671 declinetis
3143 5634 3155 5669 :
3184 5616 3307 5669 etsi
3340 5628 3440 5684 per
3474 5611 3801 5683 fragilitatem

2238 5713 2293 5768 in
2321 5712 2500 5782 aliquo
2524 5707 2661 5782 lapsi
2681 5705 2898 5764 fueritis
2919 5705 3060 5762 sicut
3085 5705 3176 5761 ille
3198 5704 3290 5776 qui
3338 5703 3574 5759 lubricat
3621 5700 3686 5758 de
3707 5708 3801 5753 uno
