4010 6330
167 363 278 424 989

1360 383 1448 438 DE
1494 383 1979 447 INSTITUTIONE
2021 395 2249 454 REGIA.
2321 461 2324 463 ,

3325 412 3435 468 990

161 475 324 591 pede,
353 489 420 532 oe
439 486 612 582 altero
637 482 772 552 pede
798 484 1072 591 vel‘manu
1102 489 1200 544 sibi
1228 490 1475 549 subvenit
1502 504 1561 550 ut
1583 498 1744 552 resti-
1770 499 1823 561 Δ
1849 519 2059 558 carnem
2073 516 2121 560 et
2134 511 2465 579 sanguinem,
2512 513 2603 567 sed
2625 515 2872 569 adversus
2894 487 3154 587 spiritales
3176 523 3431 591 nequitias

164 573 390 657 tuatur:
430 568 726 626 siciterum
753 589 853 644 per
871 577 1210 634 devotionem
1243 590 1298 636 et
1324 584 1518 639 bonam
1559 602 1750 657 opera-

162 654 371 709 tionem
397 665 622 725 certate,
651 669 712 716 ut
739 663 806 718 ad
833 666 1064 735 gratiam
1089 669 1320 726 senioris
1342 674 1507 728 vestri
1536 654 1749 732 Domini

158 741 264 798 Dei
299 747 623 816 reveniatis;
661 753 787 821 quia
835 765 1126 824 peccantes
1169 768 1377 822 etnon
1423 765 1749 834 poenitentes

158 835 429 894 Dominus
458 840 548 895 diu
594 851 654 897 ut
677 856 1066 903 convertantur
1099 851 1312 918 tolerat,
1341 855 1435 911 sed
1465 872 1572 912 non
1618 873 1747 913 con-

156 941 354 984 versos
389 929 576 987 durius
605 933 846 990 damnat.
873 936 1026 993 Sicut
1064 941 1229 996 etiam
1277 942 1330 996 in
1372 952 1551 1000 vestra
1586 957 1747 1004 aetate

157 1018 359 1073 audire
402 1030 460 1074 et
497 1022 683 1079 videre
732 1028 982 1096 potestis,
1029 1038 1084 1085 et
1133 1032 1200 1086 de
1241 1032 1416 1100 vobis,
1441 1050 1509 1090 ne
1548 1037 1744 1093 similia

155 1109 320 1164 vobis
341 1111 612 1178 eveniant,
648 1115 838 1173 timere
881 1128 938 1174 et
971 1136 1164 1178 cavere
1193 1123 1419 1180 debetis.
1477 1127 1539 1181 Et
1585 1129 1745 1184 talem

152 1211 265 1254 vos
295 1213 424 1268 erga
466 1201 668 1259 cultum
700 1207 970 1276 divinum,
995 1221 1050 1266 et
1072 1223 1312 1269 sanctam
1343 1216 1659 1286 Ecclesiam,
1683 1236 1746 1278 ac

154 1291 477 1348 sacerdotes
501 1301 558 1348 et
583 1310 768 1353 servos
790 1299 921 1367 Dei,
951 1311 1287 1377 cteterosque
1326 1309 1510 1366 ﬁdeles
1537 1321 1746 1370 vestros

154 1380 220 1435 in
241 1383 388 1438 omni
411 1392 554 1440 statu
576 1400 879 1458 manentes,
901 1403 954 1449 et
974 1411 1100 1467 erga
1124 1400 1378 1469 populum
1403 1404 1556 1460 vobis
1577 1421 1606 1459 a
1636 1405 1747 1462 Deo

153 1473 512 1528 commissum
538 1478 810 1545 exhibete,
844 1491 903 1537 ut
937 1500 1032 1539 vos
1052 1487 1293 1558 diligant,
1322 1499 1378 1546 et
1401 1508 1496 1548 eos
1518 1493 1749 1551 delectet

154 1570 278 1656 tam
311 1562 364 1618 in
409 1566 640 1634 spiritali
669 1572 913 1637 servitio,
955 1591 1116 1645 quam
1170 1580 1223 1634 in
1263 1583 1544 1652 temporali
1596 1586 1747 1656 adju-

154 1654 331 1719 torio,
406 1657 712 1730 ubicunque
765 1665 919 1719 vobis
984 1683 1206 1725 necesse
1267 1671 1450 1738 fuerit,
1505 1654 1744 1732 debitum

154 1743 487 1814 obsequium
516 1750 806 1818 exhibere;
837 1764 892 1810 et
926 1756 1046 1826 plus
1066 1775 1161 1815 vos
1190 1761 1416 1817 delectet
1438 1764 1746 1822 Christiana

155 1834 377 1905 religio,
411 1847 466 1894 et
493 1843 675 1899 cordis
716 1845 1012 1915 humilitas,
1062 1869 1225 1922 quam
1267 1870 1418 1910 vana:
1448 1873 1654 1930 pompa:
1692 1871 1748 1916 et.
1778 1843 1825 1902 Β

154 1928 473 2000 voluptates
510 1937 692 1992 carnis
751 1956 766 1992 :
817 1943 1070 2011 quoniam
1111 1947 1458 2014 quantislibet
1517 1928 1748 2010 molibus

157 2020 379 2086 argenti
429 2031 485 2078 et
527 2025 648 2080 auri
678 2027 1064 2099 circumdetur,
1111 2035 1439 2104 quibuslibet
1493 2040 1748 2108 pretiosis

156 2108 409 2165 vestibus
446 2111 700 2170 induatur
734 2132 883 2184 caro,
914 2122 1041 2190 quid
1089 2132 1173 2180 est
1209 2124 1350 2180 aliud
1381 2142 1541 2197 quam
1574 2130 1749 2185 caro?

161 2197 223 2252 id
243 2205 345 2290 est,
369 2203 619 2270 putredo,
644 2215 698 2261 et
719 2207 860 2264 ﬁlius
900 2211 1136 2269 hominis
1185 2217 1405 2282 vermis,
1452 2229 1505 2275 et
1549 2221 1743 2290 pulvis,

161 2301 234 2342 ac
259 2288 430 2344 cinis?
455 2291 572 2348 Non
599 2311 696 2352 vos
745 2307 953 2355 tantum
1017 2302 1248 2360 delectet
1289 2322 1386 2377 per
1432 2288 1749 2368 venationes

163 2377 382 2450 insequi
410 2384 610 2442 bestias
656 2391 956 2459 silvestres,
986 2407 1247 2466 quantum
1279 2416 1516 2470 pugnare
1559 2414 1749 2460 contra

165 2473 355 2528 carinis
391 2475 712 2547 voluptates,
743 2491 799 2536 et
830 2484 924 2539 Dei
949 2501 1013 2540 ac
1042 2498 1242 2544 sanctae
1279 2490 1448 2560 ipsius
1494 2493 1750 2550 Ecclesiae

167 2561 440 2654 inimicos,
494 2574 604 2623 tam
647 2569 981 2646 corporales,
1025 2593 1186 2648 quam
1235 2582 1548 2650 spirituales
1581 2586 1748 2654 :quia

168 2652 314 2708 sicut
339 2657 471 2713 dicit
511 2659 770 2719 Dominus
813 2682 912 2736 per
941 2667 1295 2738 Apostolum:
1328 2671 1465 2728 Caro
1503 2652 1750 2746 concupi-

169 2747 268 2802 scit
314 2748 564 2806 adversus
593 2755 855 2823 spiritum,
900 2768 946 2812 et
985 2761 1200 2830 spiritus
1249 2765 1499 2819 adversus
1539 2784 1749 2822 carnem

172 2837 319 2908 (Gal.
348 2857 405 2906 v,
431 2843 539 2913 l7).
567 2844 672 2899 Et:
706 2847 830 2902 Non
867 2861 945 2903 est
985 2851 1133 2905 nobis
1181 2853 1480 2909 colluctatio
1503 2857 1750 2911 adversus

170 2991 1808 3049 ————————____________w,

1809 3012 3260 3043 Μ

1855 593 2314 671 (Epltes.vr,12).
2356 602 2474 657 Νοη
2524 619 2622 660 vos
2663 606 2928 662 delectent
2980 619 3187 664 tantum
3231 613 3432 670 divitiae

1851 689 2255 757 possessionum
2279 693 2395 747 auri
2425 702 2480 748 et
2521 697 2728 765 argenti
2764 707 2928 768 atque
2978 714 3334 770 gemmarum,
3371 711 3432 758 ut

1854 779 1999 833 inter
2038 793 2130 833 eos
2160 784 2543 851 computemini
2577 787 2667 854 qui
2698 786 2836 840 idola
2869 788 3116 854 adorant,
3148 791 3430 858 quoniam,

1855 873 1995 926 sicut
2037 873 2165 928 dicit
2195 874 2508 944 Apostolus,
2552 879 2785 933 Avaritia
2809 879 3070 934 idolorum
3107 884 3326 938 servitus
3354 895 3430 940 est

1856 963 2080 1036 (Coloss.
2126 979 2185 1020 tu
2212 1006 2229 1032 ,
2273 967 2352 1039 5),
2381 978 2642 1044 quantum
2689 970 2840 1032 ﬁdes,
2887 987 3033 1042 spes,
3066 982 3121 1028 et
3165 976 3427 1042 Charitas,

1848 1053 2076 1124 justitia,
2127 1059 2352 1124 veritas,
2376 1069 2430 1114 et
2462 1059 2968 1130 justumjudicium,
2993 1080 3110 1133 quae
3129 1065 3434 1134 perducunt

1852 1150 2128 1205 hominem
2150 1153 2202 1206 in
2233 1152 2311 1208 eis
2342 1164 2774 1223 perseverantem
2805 1156 2872 1211 ad
2901 1165 3158 1212 aeternum
3186 1173 3429 1228 regnum,

1851 1248 1908 1296 et
1929 1239 2242 1311 angelorum
2268 1242 2619 1296 consortium.

1923 1329 2052 1385 CAP.
2099 1331 2168 1386 Χ.
2219 1331 2348 1398 Quae
2390 1347 2534 1386 nunc
2586 1331 2770 1386 verbis
2829 1330 3180 1388 dominationi
3238 1342 3434 1389 vestrae

1855 1422 2114 1487 dicerem,
2145 1421 2190 1476 si
2221 1436 2447 1491 corpore
2475 1436 2712 1490 praesens
2763 1421 3028 1485 adessem,
3082 1423 3198 1476 hmc
3239 1421 3435 1478 litteris

1854 1529 2085 1585 suggero
2122 1530 2135 1567 :
2169 1513 2296 1583 quia
2326 1514 2391 1568 de
2419 1512 2758 1583 generalibus
2787 1511 3042 1566 Ecclesia:
3092 1527 3156 1566 ac
3188 1512 3254 1566 de
3283 1511 3434 1582 regni

1851 1604 2105 1676 negotiis,
2156 1604 2271 1659 sine
2319 1602 2554 1671 generali
2608 1602 2905 1672 primorum
2953 1602 3100 1670 regni
3130 1601 3355 1655 consilio
3379 1608 3433 1654 et

1851 1709 2138 1758 consensu,
2183 1694 2416 1762 speciale
2457 1693 2587 1746 dare
2628 1691 2910 1746 consilium
2943 1692 3150 1750 nescio,
3185 1699 3236 1744 et
3283 1705 3420 1743 con-

1854 1800 2071 1840 sensum
2122 1785 2422 1839 deliberare
2466 1797 2572 1837 non
2620 1782 2793 1845 valeo,
2847 1795 2947 1835 nec
2972 1795 3260 1849 praesumo.
3300 1780 3432 1833 Pro-

1853 1889 2038 1948 pterea
2071 1879 2200 1932 mihi
2225 1877 2338 1946 jam
2367 1887 2422 1930 et
2449 1885 2608 1931 aetate
2633 1884 2686 1930 et
2713 1874 3026 1929 inﬁrmitate
3059 1891 3122 1928 ac
3152 1874 3434 1928 debilitate

1855 1969 2064 2032 attrito,
2088 1983 2191 2021 non
2219 1982 2440 2022 necesse
2463 1976 2545 2021 est
2571 1981 2601 2020 a
2623 1963 2985 2020 dominatione
3000 1971 3183 2018 vestra
3205 1963 3429 2032 imponi,

1853 2071 1913 2116 ut
1954 2062 2070 2116 sine
2118 2076 2280 2116 causa
2345 2060 2606 2123 laborem,
2667 2068 2954 2128 antequam
3038 2058 3104 2112 ad
3172 2057 3433 2127 placitum

1851 2162 2094 2208 vestrum
2156 2153 2249 2205 Dei
2288 2162 2343 2207 et
2391 2151 2555 2205 vstri
2589 2149 2774 2205 ﬁdeles
2812 2149 3157 2212 conveniant,
3206 2156 3260 2202 et
3310 2161 3430 2216 ego,

1856 2245 2301 2316 qualitercunque
2363 2231 2631 2314 potuero,
2697 2241 2910 2296 favente
2977 2241 3224 2302 Domino,
3291 2239 3437 2292 sicut

1851 2336 2100 2406 praedixi,
2149 2335 2201 2388 in
2253 2334 2346 2389 Dei
2380 2344 2434 2388 et
2471 2344 2710 2388 vestrum
2757 2333 3060 2393 servitium,
3112 2340 3169 2385 et
3220 2330 3435 2385 illorum

1853 2425 2170 2494 obsequium
2217 2426 2450 2479 veniam.
2479 2424 2537 2479 Si
2566 2431 2768 2485 autem,
2797 2421 2940 2491 quod
2996 2423 3139 2475 Deus
3198 2429 3431 2483 avertat,

1856 2515 2074 2570 interim
2134 2513 2359 2583 alicujus
2412 2512 2836 2584 perturbationis
2873 2526 3037 2566 causa
3084 2511 3346 2572 evenerit,
3380 2516 3434 2561 et

1855 2605 1987 2660 mihi
2017 2613 2199 2658 notum
2224 2604 2400 2659 facere
2425 2602 2775 2659 dominationi
2806 2610 3001 2656 vestra:
3027 2599 3312 2669 placuerit,
3337 2613 3435 2666 pro

1856 2695 2000 2749 scire
2034 2704 2088 2746 et
2118 2708 2297 2762 posse,
2328 2702 2383 2747 et
2411 2692 2635 2747 consilio
2674 2699 2723 2746 et
2757 2689 2956 2745 auxilio
2981 2690 3035 2744 in
3075 2697 3254 2745 vestro
3279 2688 3436 2742 obse—

1856 2786 1984 2858 quio
2015 2785 2246 2841 ﬁdeliter
2273 2785 2556 2842 laborabo.

1673 3150 1897 3228 VIII.

934 3310 1068 3386 AD
1133 3311 1615 3393 CAROLUM
1693 3318 1816 3396 III
1895 3315 2694 3407 IMPERATOREM,

493 3452 558 3508 Ut
603 3453 854 3514 Ludovici
881 3458 1039 3516 Balbi
1062 3463 1262 3520 sobrini
1287 3465 1373 3520 sui
1407 3466 1534 3536 ﬁliis
1562 3467 1767 3537 regibus
1791 3467 2006 3522 idoneos
2049 3467 2354 3522 educatores
2381 3476 2428 3522 et
2455 3456 2788 3521 consiliarios
2818 3465 3123 3519 constituat.

1413 3595 1577 3660 (Apud
1612 3598 1838 3648 eumdem
1875 3609 1940 3648 ex
1975 3596 2195 3660 eodem.)

234 3843 466 3899 Domino
512 3843 730 3901 Canoso
780 3844 1092 3915 imperatori
1143 3847 1378 3918 glorioso
1434 3851 1748 3908 Hincnnus
1776 3829 1820 3897 α
1853 3857 2090 3913 nostros,
2134 3847 2467 3916 propinquos
2495 3852 2728 3908 vestros,
2767 3850 2823 3898 et
2863 3843 3096 3913 pupillos
3127 3841 3244 3898 sine
3279 3851 3439 3914 patre

161 3937 452 4005 episc0pus
479 3950 543 3989 ac
568 3935 738 4003 plebis
772 3936 868 3991 Dei
902 3935 1134 3992 famulus
1161 3949 1482 4009 praesentem
1525 3951 1577 3998 et
1606 3942 1750 3997 futu-

165 4041 290 4080 ram
327 4033 480 4095 optat
515 4026 930 4094 prosperitatem
958 4035 1014 4081 et
1040 4026 1290 4097 gloriam.

233 4117 476 4170 Audiens
543 4114 825 4171 laudabilis
911 4117 1035 4172 ﬁdei
1099 4126 1295 4174 vestrae
1363 4120 1750 4191 benignitatem

160 4220 296 4275 erga
325 4204 462 4258 ﬁlios
484 4204 689 4259 sobrini
716 4197 882 4260 vestri
903 4205 1186 4273 Ludovici,
1219 4209 1492 4277 quondam
1520 4211 1750 4266 senioris

161 4295 360 4360 nostri,
387 4295 590 4366 gratias
631 4296 740 4351 Deo
765 4296 946 4362 retuli,
980 4307 1170 4367 petens
1210 4309 1268 4355 ut
1293 4302 1383 4369 qui
1410 4301 1560 4357 dedit
1597 4303 1752 4358 vobis

164 4385 333 4448 velle,
376 4385 537 4439 donet
567 4400 686 4455 qua:
717 4387 957 4455 coepistis
984 4387 1247 4458 perﬁcere
1271 4405 1372 4459 pro
1395 4389 1534 4445 bona
1565 4393 1753 4447 volun-

163 4482 323 4529 tate:
363 4481 418 4529 et
463 4475 565 4530 hoc
595 4483 703 4530 tam
751 4490 848 4547 per
877 4491 984 4542 me,
1021 4493 1181 4548 quam
1226 4494 1324 4548 per
1367 4481 1660 4537 familiares
1697 4492 1752 4537 et

165 4564 439 4634 subjectos
473 4566 605 4621 mihi
656 4566 868 4622 Domini
919 4569 1346 4646 misericordiam
1387 4586 1502 4636 oro,
1556 4581 1616 4627 ut
1661 4590 1751 4629 ve-

162 4666 283 4712 stra
325 4664 568 4726 potestas
617 4665 780 4727 atque
831 4661 1166 4728 prosperitas
1217 4661 1270 4716 in
1323 4678 1420 4717 sua
1474 4665 1751 4720 voluntate

168 4748 575 4812 corroboretur,
607 4757 662 4801 et
697 4759 757 4804 ut
787 4751 838 4804 in
869 4750 974 4806 ﬁde
998 4761 1144 4806 recta
1192 4762 1248 4807 et
1296 4755 1551 4823 operibus
1593 4756 1750 4812 bonis

164 4847 602 4909 perseverantem
636 4838 705 4894 de
758 4839 1038 4910 temporali
1091 4856 1259 4910 regno
1310 4845 1632 4914 quandoque
1677 4846 1746 4900 ad

163 4937 431 4985 aeternum
469 4929 752 5002 perducat.

237 5018 368 5076 CAP.
412 5019 455 5074 1.
506 5019 832 5088 Precamur,
879 5022 1108 5078 Domine
1158 5023 1492 5088 charissime,
1551 5034 1614 5081 ut
1665 5042 1748 5083 re-

164 5118 358 5184 spectu
388 5111 483 5168 Dei
509 5112 772 5182 adjutoris
801 5122 854 5170 et
880 5115 1207 5182 protectoris
1242 5117 1407 5172 vestri
1447 5119 1744 5188 regiminis,

1851 3936 1970 3991 loco
1997 3935 2241 3993 ﬁliorum.
2260 3934 2508 3996 teneatis,
2536 3941 2592 3986 ct
2614 3933 2694 3986 eis
2723 3945 2946 3999 regnum
2981 3933 3048 3984 ab
3078 3933 3440 3986 antecessori-

1849 4025 1952 4079 bus
1978 4022 2189 4076 illorum
2217 4020 2571 4076 successione
2591 4019 2872 4073 dimissum
2903 4033 3003 4086 per
3034 4020 3434 4088 suggestionem

1850 4115 2149 4184 primorum
2185 4111 2336 4182 regni
2371 4109 2530 4178 hujus
2564 4108 2885 4178 disponatis,
2921 4117 2976 4162 et
3003 4109 3093 4176 qui
3129 4109 3195 4162 de
3233 4109 3440 4178 primo-

1850 4208 2003 4262 ribus
2051 4206 2246 4276 cuique
2297 4204 2511 4260 illorum
2563 4202 2889 4257 convenient
2935 4201 3217 4255 ordinetis.
3272 4199 3341 4253 Et-
3389 4199 3436 4253 si

1850 4295 1995 4352 forte
2035 4295 2240 4350 fuerint
2283 4309 2350 4349 ex
2398 4292 2757 4356 nostratibus,
2796 4290 2890 4361 qui
2936 4291 3116 4359 potius
3160 4302 3279 4358 quae
3325 4301 3439 4340 sum

1850 4385 2147 4440 voluntatis
2197 4392 2342 4448 sunt,
2374 4398 2536 4451 quam
2585 4397 2704 4451 qua:
2733 4381 2801 4436 ad
2845 4381 3104 4435 honorem
3150 4387 3205 4432 et
3249 4376 3436 4431 defen-

1852 4477 2058 4531 sionem
2104 4483 2306 4530 sancta:
2343 4473 2619 4536 Ecclesiae,
2660 4487 2726 4526 ac
2770 4471 3146 4526 ministrorum
3193 4469 3332 4539 ejus,
3381 4475 3436 4521 et

1852 4568 1918 4622 ad
1944 4581 2130 4637 regum
2172 4580 2236 4620 ac
2282 4565 2434 4634 regni
2464 4579 2654 4632 pacem
2701 4572 2755 4617 et
2787 4563 3229 4632 tranquillitatem
3267 4561 3436 4630 perti-

1851 4667 2034 4723 neant,
2080 4656 2260 4713 facere
2289 4657 2479 4721 velint,
2522 4655 2788 4725 sapientia
2839 4663 2896 4708 et
2940 4664 3207 4724 potestate
3255 4661 3437 4708 vestra

1849 4764 1945 4804 eos
1971 4758 2244 4814 revocate,
2285 4748 2369 4802 vel
2397 4749 2442 4803 si
2482 4747 2649 4802 fuerit
2688 4761 2909 4802 necesse
2952 4746 3312 4816 comprimite,
3355 4752 3434 4798 at-

1849 4854 1956 4910 que
1985 4849 2200 4894 exteros
2226 4839 2578 4894 adversantes
2610 4839 2731 4892 istis
2762 4837 2958 4891 vestris
3004 4837 3149 4900 ﬁliis,
3191 4845 3246 4890 et
3281 4836 3438 4889 nobis

1849 4929 2102 4984 omnibus
2143 4937 2340 4984 vestrae
2379 4927 2738 4982 dominationi
2785 4926 3030 4980 ﬁdelibus
3061 4924 3434 4979 defensionem

1851 5019 2027 5072 solatii
2075 5018 2350 5083 exhibete,
2397 5027 2666 5087 quatenus
2709 5025 2764 5070 et
2811 5016 2952 5085 apud
2986 5016 3152 5068 Deum
3197 5013 3434 5068 debitam

1851 5110 1977 5164 inde
2017 5110 2535 5176 remunerationem,
2576 5116 2631 5163 et
2657 5107 2797 5177 apud
2835 5105 3088 5160 sacculum
3122 5120 3316 5159 nomen
3346 5118 3437 5158 ce-

167 5205 324 5277 regni
373 5204 533 5275 hujus
582 5206 906 5272 Ecclesiam,
956 5222 1118 5277 quam
1169 5208 1420 5265 Christus
1460 5212 1747 5281 acquisivit
1779 5188 1824 5246 D
1853 5199 2003 5253 [eme
2029 5198 2294 5254 habeatis-

165 5295 435 5366 sanguine
461 5311 580 5362 suo,
610 5297 752 5351 sicut
787 5304 843 5350 et
881 5311 980 5366 per
1005 5296 1318 5353 universum
1361 5299 1547 5354 orbem
1592 5300 1750 5355 diﬁ‘u-

164 5399 307 5448 sam,
336 5384 476 5454 apud
508 5399 608 5440 nos
638 5385 691 5438 in
739 5384 926 5439 multis
967 5384 1280 5455 collapsam,
1309 5395 1489 5443 vestro
1517 5389 1747 5456 sapienti

114 5544 117 5546 Π
164 5473 396 5531 consilio
431 5483 488 5529 et
525 5475 809 5545 potestatis
844 5475 1046 5530 auxilio
1081 5475 1359 5542 relevetis,
1393 5485 1448 5530 et
1479 5477 1629 5548 regni
1660 5477 1745 5531 di-

163 5564 433 5619 visionem
470 5565 835 5632 consolidetis,
871 5579 937 5625 ac
977 5565 1244 5636 primores
1281 5565 1450 5636 ipsius
1474 5567 1750 5639 compagi-
1804 5549 1812 5559 ’

1925 5287 2054 5344 CAP.
2094 5288 2158 5344 ll.
2200 5289 2268 5344 Et
2318 5289 2446 5360 quia
2491 5287 2719 5358 legimus
2769 5285 2836 5341 de
2881 5283 3191 5339 Alexandro
3214 5281 3430 5350 Magno,

1852 5382 2005 5451 cujus
2030 5384 2350 5454 paedagogus
2372 5383 2639 5437 Leonides
2671 5379 2888 5434 nomine
2916 5377 3036 5442 fuit,
3067 5377 3209 5447 quod
3235 5376 3431 5430 citatos

1855 5487 2035 5528 mores
2059 5484 2115 5526 et
2151 5472 2493 5526 inhonestum
2544 5471 2816 5524 incessum
2852 5469 3058 5524 habens
3102 5467 3157 5521 in
3201 5465 3428 5537 pueritia

1851 5563 1994 5619 idem
2039 5563 2366 5629 Alexander,
2399 5578 2465 5618 ex
2509 5561 2736 5633 praefato
2764 5561 3054 5633 paedagogo
3099 5573 3198 5614 suo
3239 5559 3428 5614 eadem

167 5652 334 5720 netis,
377 5661 434 5708 et
460 5668 579 5724 qua:
598 5653 652 5708 in
681 5655 782 5710 hoc
816 5670 982 5726 regno
1004 5664 1227 5726 propter
1249 5654 1614 5713 dissensiones
1631 5673 1752 5729 per-
1847 5655 2057 5724 accepit
2079 5653 2233 5719 vitia,
2258 5669 2378 5724 qum
2403 5655 2618 5710 adultus
2649 5655 2704 5709 in
2727 5654 2906 5723 seipse
2933 5651 3210 5722 corrigere
3235 5648 3424 5712 voluit,

165 5756 355 5811 peram
385 5749 638 5813 aguntur,
669 5743 824 5800 evelli
848 5744 1081 5812 faciatis,
1107 5745 1311 5802 etistos
1328 5744 1749 5819 juvenes,reges
1846 5753 2051 5803 etcum
2077 5744 2261 5802 omnia
2303 5762 2465 5818 regna
2495 5744 2707 5810 vicerit,
2745 5744 2980 5822 seipsum
3018 5743 3074 5798 in
3097 5741 3194 5796 hoc
3223 5739 3424 5795 uincere
