4010 6330
524 330 622 386 991

526 460 629 498 non
655 442 842 512 potuit,
876 436 1146 510 quoniam,
1183 441 1244 489 ut
1270 431 1488 502 quidam
1529 428 1744 498 sapiens
1773 423 2028 494 scripsit:

649 547 758 603 Quo
779 541 932 591 semel
961 547 1037 589 est
1061 539 1238 587 imbuta
1264 549 1440 586 recens
1463 534 1681 603 servabit
1700 532 1902 603 pdorem

711 589 975 655 ifestaidiu.
1477 595 1668 657 (Horat.
1695 593 1730 642 ι.
1757 609 1790 652 ι,
1813 590 1951 653 epist.
1985 589 2082 650 2.).

526 707 583 754 et
611 697 678 754 de
708 695 816 751 lilio
855 691 1161 748 Salomonis
1189 690 1334 760 regis
1372 690 1600 760 legimus
1627 686 1745 756 (III
1803 685 1929 755 Reg.
1981 681 2101 753 xu),

527 787 653 856 quia
685 785 874 840 relicto
905 795 1118 844 senum,
1167 789 1222 834 et
1258 778 1519 846 juveuum
1551 792 1683 830 usus
1710 773 1959 833 consilio,
1992 786 2108 824 ma-

527 891 685 946 gnam
714 881 918 944 partem
950 871 1103 940 regni
1149 870 1421 939 perdidit;
1457 878 1512 922 et
1557 883 1662 921 non
1710 881 1828 927 suo,
1875 862 1965 916 sed
2019 859 2106 912 avi

525 967 607 1020 sui
641 964 805 1018 David
833 962 1049 1024 merito,
1078 976 1296 1029 parvam
1334 968 1545 1028 partem
1591 957 1740 1027 regni
1769 955 1818 1007 ei
1847 951 2108 1007 Dominus

527 1054 862 1108 reservavit:
916 1052 1033 1106 istis
1077 1050 1366 1120 juvenibus
1420 1047 1664 1102 fidelibus
1718 1044 1843 1098 filiis
1888 1041 2105 1103 vestris,

526 1144 748 1214 regibus
798 1141 1019 1204 nostris,
1076 1149 1319 1192 maturos
1377 1151 1441 1190 ac
1492 1136 1783 1206 prudentes
1819 1140 1980 1199 atque
2020 1144 2109 1182 so-

528 1236 675 1292 brios
735 1234 946 1302 bajulos
1024 1231 1251 1302 singulis
1326 1229 1677 1291 constituite,
1739 1226 1832 1294 qui
1891 1223 2108 1279 oderint

531 1327 838 1390 avaritiam,
886 1334 941 1379 et
989 1339 1086 1379 eos
1135 1320 1300 1376 verbo
1338 1329 1394 1374 et
1440 1317 1684 1388 exemplo
1724 1313 1990 1383 justitiam
2030 1312 2112 1365 di-

528 1415 697 1488 ligere
745 1418 1010 1479 doceant,
1058 1413 1352 1469 secundum
1399 1411 1732 1481 Scripturam
1789 1407 2107 1462 dicentem:

529 1509 744 1578 Diligile
783 1508 1049 1578 justitiam
1095 1505 1181 1574 qui
1221 1503 1476 1573 judicatis
1528 1512 1721 1554 terram
1752 1497 1908 1568 (Sap.
1960 1495 2112 1564 1,1),

532 1601 810 1669 quoniam,
845 1600 934 1668 qui
975 1597 1143 1668 diligit
1175 1595 1522 1666 iniquitatem,
1547 1593 1653 1647 odit
1685 1592 1915 1645 animam
1960 1603 2113 1643 suam

530 1689 704 1762 (Psal.
741 1705 797 1754 x,
825 1688 900 1757 6).

599 1781 729 1835 CAP.
761 1779 846 1833 lll.
888 1778 1126 1833 Doceant
1159 1792 1254 1832 eos
1279 1777 1448 1831 verbo
1479 1782 1532 1829 et
1559 1769 1824 1841 exemplo,
1862 1775 2105 1824 sanctam
2138 1765 2182 1823 Β

528 1873 824 1928 Ecclesiam
853 1879 908 1925 et
944 1870 1221 1924 ministros
1247 1869 1364 1939 ejus
1395 1868 1680 1928 honorare,
1721 1864 1934 1917 dicente
1958 1859 2109 1915 Scri-

527 1974 686 2035 ptura
712 1981 725 2017 :
756 1962 1079 2032 Presbyteris
1098 1960 1319 2014 humilia
1345 1959 1578 2013 animam
1601 1964 1829 2028 tuam,_et
1851 1951 2112 2022 magnatis

526 2052 725 2107 inclina
779 2061 934 2121 caput
980 2061 1126 2104 tuum
1157 2047 1346 2120 (Eccli.
1377 2063 1450 2111 tv,
1479 2047 1556 2119 7).
1601 2045 1806 2112 Quibus
1853 2041 2113 2098 Dominus

528 2144 699 2199 dicit:
761 2143 866 2208 Qui
902 2159 989 2197 vos
1014 2141 1184 2206 audit,
1234 2157 1314 2215 me
1332 2139 1498 2199 audit,
1532 2146 1581 2191 et
1621 2136 1710 2206 qui
1760 2151 1848 2188 vos
1894 2133 2109 2201 spernit,

529 2252 611 2288 me
633 2235 826 2305 spernit
851 2233 1004 2306 (Luc.
1048 2249 1107 2296 x,
1142 2232 1251 2303 16).
1292 2231 1398 2285 Et:
1451 2227 1785 2283 Honoranles
1829 2240 1911 2278 me
1951 2223 2114 2276 hono-

529 2327 768 2394 riﬁcabo,
798 2337 845 2379 et
875 2326 963 2396 qui
991 2332 1324 2378 contemnunt
1347 2339 1428 2376 me
1456 2329 1608 2375 erunt
1636 2316 1883 2389 ignobiles
1901 2314 1952 2383 (Ι
1985 2314 2110 2384 Reg.

529 2433 608 2481 ιι,
640 2415 750 2485 50).
807 2416 1044 2471 Doceant
1088 2429 1182 2469 eos
1224 2413 1390 2467 verbo
1433 2421 1488 2467 et
1535 2409 1801 2479 exemplo,
1857 2405 2114 2461 Ecclesia:

529 2518 730 2566 sancta:
771 2509 1075 2564 rectoribus
1102 2517 1264 2577 atque
1295 2504 1560 2560 ministris
1591 2502 1773 2557 debita
1802 2498 2112 2570 privilegia,

529 2607 722 2676 spiritu
750 2605 846 2658 Dei
877 2604 1116 2667 condita,
1141 2609 1198 2655 et
1236 2601 1398 2655 totius
1427 2598 1611 2653 mundi
1643 2593 1954 2650 reverentia
1985 2606 2116 2646 con-

529 2706 741 2750 secrata
788 2709 1028 2758 scrvare,
1088 2692 1368 2760 Scriptura
1427 2690 1692 2744 docente:
1744 2685 1854 2740 Lex
1901 2682 2114 2736 Domini

529 2773 988 2856 irreprehensibilis
1022 2823 1038 2850 ,
1101 2792 1398 2836 convertens
1465 2781 1691 2841 animas,
1763 2775 2116 2830 testimonium

531 2876 742 2930 Domini
782 2876 954 2945 ﬁdele,
997 2873 1306 2944 sapientiam
1352 2881 1607 2941 prwstans
1653 2867 1884 2938 parvulis
1936 2862 2110 2934 (Psal.

531 2985 695 3032 mn,
731 2968 806 3039 8).
842 2967 906 3020 Et
933 2966 986 3020 in
1025 2963 1317 3034 Evangelio
1345 2961 1605 3015 Dominus
1634 2975 1648 3014 :
1683 2957 1787 3023 Qui
1809 2955 1984 3024 diligit
2010 2969 2110 3016 me,

531 3059 783 3111 mandata
814 3074 928 3111 mea
955 3056 1179 3111 custodit
1203 3054 1386 3126 (Joan.
1421 3067 1533 3115 xxv,
1562 3051 1672 3120 15).
1711 3049 1815 3104 Ει;
1856 3045 1914 3100 Si
1942 3045 2114 3114 diligi-

531 3150 600 3201 tis
629 3166 726 3202 me.
759 3150 1008 3203 mandata
1048 3165 1164 3202 mea
1209 3155 1408 3200 servate
1447 3145 1498 3215 (Ι
1529 3143 1690 3197 Ιοαη.
1747 3141 1844 3210 ιν).
1878 3140 1946 3193 Et
1982 3153 2112 3208 apo-

531 3241 702 3297 stolus
733 3259 747 3296 :
786 3241 888 3307 Qui
912 3241 1035 3296 dicit
1065 3240 1188 3311 quia
1218 3238 1380 3308 diligo
1413 3236 1604 3301 Deum,
1633 3244 1680 3288 et
1713 3232 1965 3286 mandata
1996 3231 2112 3300 ejus

533 3349 636 3387 non
665 3333 908 3397 custodit,
958 3330 1185 3385 mendax
1227 3338 1300 3384 est
1345 3328 1526 3399 (Joan.
1558 3342 1672 3390 vni,
1703 3324 1817 3393 47).
1873 3323 1941 3378 Et
1984 3323 2111 3376 item

532 3422 794 3479 Dominus
821 3424 875 3477 in
923 3421 1212 3492 Evangelio
1245 3413 1708 3490 contemptoribds
1735 3415 2113 3469 mandatorum

531 3528 752 3570 suorum
780 3531 793 3566 :
828 3511 932 3577 Qui
959 3522 1059 3576 est,
1084 3510 1278 3579 inquit,
1309 3525 1373 3562 ex
1403 3511 1533 3573 Deo,
1578 3507 1732 3562 verba
1775 3505 1874 3560 Dei
1914 3503 2062 3557 audit
2091 3515 2112 3556 .'

531 3613 803 3674 propterea
823 3617 911 3654 nos
939 3617 1042 3652 non
1064 3599 1281 3662 auditis,
1309 3599 1432 3668 quia
1460 3613 1524 3651 ex
1547 3596 1656 3650 Deo
1678 3611 1782 3648 non
1804 3593 1947 3647 estis.

603 3691 734 3746 Cn.
773 3690 859 3744 IV.
901 3689 1140 3744 Doceant
1185 3703 1279 3743 eos
1329 3689 1492 3742 verbo
1545 3696 1601 3741 et
1633 3684 1906 3754 exemplo,
1957 3681 2114 3753 regni

532 3769 858 3853 primoribus
895 3787 950 3834 et
973 3779 1184 3834 caeteris
1218 3779 1366 3849 regni
1399 3778 1662 3841 ﬁdelibus,
1708 3785 1872 3845 atque
1909 3783 2113 3830 sanctze

534 3870 788 3928 Ecclesia:
813 3870 1206 3934 defensoribus,
1234 3869 1524 3938 unicuique
1550 3869 1602 3922 in
1625 3883 1724 3923 suo
1747 3865 1938 3921 ordine
1965 3880 2116 3920 com-

533 3970 804 4031 petentem
856 3961 1025 4030 legem
1083 3969 1140 4014 et
1176 3941 1446 4030 justitiam
1491 3971 1838 4020 conservare,
1899 3955 2115 4009 dicente

537 4051 854 4121 Scriptura:
889 4051 1111 4106 Iustitia
1151 4049 1302 4120 Regis
1337 4048 1588 4104 exaltabit
1629 4047 1819 4101 solium
1870 4047 2009 4116 ejus,
2065 4054 2113 4099 et

434 4141 452 4164 ‘
534 4145 746 4199 veritate
800 4143 1098 4198 solidantur
1148 4140 1506 4212 gubernacula
1563 4139 1878 4210 populorum
1927 4137 2107 4210 (Prov.

533 4247 587 4300 ι,
626 4235 736 4304 16).
767 4234 1106 4300 Custodiant,
1152 4241 1208 4288 et
1247 4233 1477 4288 doceant
1517 4247 1610 4286 eos
1639 4238 1788 4286 caste
1829 4245 1892 4284 ac
1936 4229 2116 4284 sobrie

533 4331 592 4380 et
630 4325 715 4394 pie
750 4325 953 4387 vivere,
982 4323 1132 4392 quia,
1179 4323 1319 4377 sicut
1360 4320 1492 4375 dicit
1538 4319 1842 4388 Scriptura,
1875 4317 2114 4388 Spiritus

1351 314 1680 374 HINCMARI
1719 312 1930 369 RllEM.
1966 307 2284 368 ARCHIEP.
2326 303 2690 363 OPUSCULA
2731 303 2964 360 VARIA.

2130 424 2175 482 Α
2207 426 2261 473 et
2295 417 2512 488 pupillis
2560 423 2618 472 et
2658 414 2843 469 viduis
2890 411 3230 471 defensorem
3279 429 3438 481 esse,
3501 414 3647 471 furta
3689 435 3797 477 ω.

2141 3105 2188 3170 C

3681 309 3796 367 95?.

2209 507 2439 572 bibere,
2499 505 2764 560 adulteria
2816 506 3035 576 punire,
3109 507 3334 576 iniquos.
3363 524 3477 563 non
3525 511 3797 579 exaltare,

2207 597 2510 666 impudicos
2537 606 2593 650 et
2618 596 2911 650 histriones
2932 612 3044 651 non
3075 599 3308 664 nutrire,
3338 598 3538 668 impios
3561 600 3631 653 de
3651 610 3803 657 terra

2206 691 2452 760 perdere,
2483 688 2782 758 parricidas
2807 695 2862 741 et
2889 687 3225 756 perjurantes
3248 689 3430 742 vivere
3458 704 3566 742 non
3596 689 3803 754 sinere,

2213 779 2486 834 Ecclesias
2537 777 2862 841 defendere,
2915 792 3183 847 pauperes
3217 777 3582 848 eleemosynis
3621 779 3806 845 alere,

2203 869 2377 939 justos
2407 885 2569 939 super
2596 869 2744 939 regni
2770 869 2982 939 negotia
3015 870 3349 924 constituere
3372 910 3387 934 ,
3421 886 3586 925 senes
3616 882 3670 925 et
3707 887 3806 926 sa-

2208 959 2420 1032 pie'ntes
2448 970 2501 1016 et
2530 962 2743 1016 sobrios
2773 961 3117 1016 consiliarios
3156 961 3388 1024 habere,
3417 975 3703 1031 magorum
3748 970 3813 1014 et

2209 1054 2505 1109 ariolorum
2529 1095 2544 1119 ,
2586 1055 3136 1125 pythonissarumqne
3173 1053 3650 1122 superstitionibus
3689 1069 3811 1108 non

2211 1147 2525 1211 intendere,
2557 1145 2896 1200 iracundiam
2929 1143 3179 1209 diflerre,
3218 1144 3448 1214 patriam
3488 1143 3711 1198 fortiter
3748 1151 3814 1197 et

2202 1239 2347 1310 juste
2378 1248 2567 1293 contra
2597 1239 2939 1293 adversarios
2985 1235 3312 1302 defendere,
3363 1252 3462 1306 per
3507 1237 3695 1292 omnia
3749 1237 3810 1290 in

2211 1333 2322 1387 Deo
2359 1333 2540 1386 vivere
2565 1371 2579 1395 ,
2615 1330 3067 1400 prosperitatibus
3107 1330 3346 1383 animum
3392 1344 3499 1382 non
3546 1327 3809 1390 elevare.

2212 1431 2406 1477 cuncta
2434 1422 2659 1476 adversa
2687 1420 2954 1489 patienter
2983 1417 3126 1474 ferre
3145 1461 3159 1484 ,
3192 1419 3350 1472 fidem
3380 1418 3711 1472 catholicam
3751 1419 3810 1471 in

2213 1512 2382 1566 Deum
2413 1509 2647 1576 habere,
2687 1510 2826 1564 lilios
2863 1524 2993 1563 suos
3030 1524 3136 1562 non
3177 1509 3357 1562 sinere
3396 1508 3563 1575 impie
3602 1521 3810 1575 agere,

2213 1603 2378 1658 certis
2407 1602 2558 1656 horis
2595 1599 2933 1656 orationibus
2968 1599 3255 1662 insistere,
3292 1606 3421 1652 ante
3458 1598 3622 1651 horas
3660 1613 3810 1650 con-

2215 1709 2379 1765 gruas
2408 1694 2588 1749 cibum
2619 1708 2722 1747 non
2753 1701 2990 1762 gustare.
3030 1689 3120 1746 Va:
3147 1693 3281 1746 enim
3313 1702 3470 1745 teme
3503 1693 3657 1757 cuius
3713 1708 3813 1746 re:

2210 1801 2339 1853 puer
2364 1793 2462 1848 est,
2478 1793 2525 1837 et
2551 1782 2704 1852 cujus
2730 1783 2990 1852 principes
3014 1799 3168 1836 mane
3193 1782 3468 1835 comedunt
3496 1781 3703 1850 (Et-cie.
3723 1782 3809 1852 ι).

2213 1871 2340 1928 llrec
2391 1873 2540 1943 regni
2594 1872 3012 1942 prosperitatem
3063 1872 3118 1925 in
3165 1873 3417 1942 praesenti
3467 1871 3715 1935 faciunt,
3751 1883 3814 1928 et

2211 1979 2394 2035 regem
2443 1964 2512 2018 ad
2570 1978 2734 2034 regna
2784 1963 3031 2018 coelestia
3068 1963 3290 2018 meliora
3329 1963 3650 2033 perducunt.
3697 1962 3811 2032 Qui

2212 2072 2343 2112 vero
2372 2055 2672 2111 secundum
2702 2054 2842 2110 hanc
2882 2054 3054 2124 legem
3084 2069 3309 2125 regnum
3340 2070 3447 2109 non
3477 2056 3770 2124 dispensat
3792 2098 3809 2121 ,

2213 2150 2412 2205 multas
2463 2150 2720 2204 nimirum
2773 2149 3136 2203 adversitates
3189 2148 3401 2217 imperii
3459 2147 3746 2202 tolerabit.
3785 2168 3804 2198 ι

2215 2239 2284 2294 Ει
2312 2241 2360 2295 si
2391 2255 2487 2294 rex
2515 2240 2601 2294 his
2627 2253 2750 2309 quae
2775 2239 3090 2310 praescripta
3118 2247 3244 2292 sunt
3267 2239 3538 2292 contraria
3566 2239 3813 2292 senserit

2217 2334 2301 2387 vel
2331 2333 2542 2404 egerit,
2569 2340 2624 2387 et
2652 2333 2707 2386 in
2741 2333 2824 2387 his
2850 2331 3141 2386 contrariis
3168 2330 3621 2401 perseveraverit,
3657 2331 3815 2383 sicut

2215 2423 2269 2480 in
2296 2424 2491 2478 throno
2515 2419 2793 2476 hominum
2816 2422 3023 2490 primus
3050 2422 3350 2476 eontitutus
3368 2431 3450 2474 est
3466 2461 3480 2484 ,
3508 2421 3584 2474 sic
3603 2435 3814 2475 omnes

2214 2529 2564 2588 quoscunque
2587 2520 2902 2583 peccatores
2925 2512 3026 2566 sub
3050 2527 3107 2567 se
3132 2512 3184 2566 in
3209 2512 3458 2582 praesenti
3483 2511 3676 2566 habuit
3711 2527 3814 2566 sn-

2213 2623 2313 2677 pra
2342 2622 2402 2661 se
2427 2606 2587 2660 modo
2617 2603 2942 2674 implacabili
2976 2604 3031 2658 in
3054 2603 3141 2657 illa
3169 2603 3348 2657 futura
3374 2617 3529 2674 pinna
3553 2601 3810 2658 habebit.

2215 2697 2281 2750 Et
2316 2712 2420 2750 non
2451 2695 2622 2749 solum
2652 2694 2799 2764 regi,
2827 2694 2923 2748 sed
2951 2702 3000 2748 et
3028 2694 3176 2748 omni
3208 2693 3301 2764 qui
3332 2694 3386 2746 in
3416 2693 3816 2748 dominationis

2215 2793 2297 2838 est
2324 2792 2612 2854 potestate,
2632 2783 2749 2836 'tria
2773 2783 3083 2837 necessario
3114 2783 3317 2837 habere
3347 2790 3587 2851 oportet,
3617 2790 3816 2837 terro-

2217 2889 2330 2928 rem
2361 2874 2603 2938 scilicet,
2632 2872 3029 2928 ordinationem
3054 2913 3069 2937 ,
3101 2881 3156 2927 et
3180 2887 3440 2927 amorem.
3486 2871 3596 2925 Nisi
3650 2872 3814 2926 enim

2218 2971 2431 3018 ametur
2460 2963 2721 3018 Dominus
2741 3003 2755 3029 ,
2783 2972 2838 3017 et
2867 2971 3160 3028 metuatur,
3201 2963 3468 3018 ordinatio
3494 2963 3631 3016 illius
3669 2979 3816 3018 eon-

2219 3062 2364 3108 stare
2384 3053 2604 3107 minime
2627 3052 2842 3122 poterit.
2869 3051 2972 3106 Per
3001 3051 3259 3107 beneficia
3283 3067 3413 3121 ergo
3432 3061 3485 3105 et
3507 3050 3816 3106 aﬂabilita-

2223 3157 2331 3202 tem
2363 3146 2616 3216 procuret
2645 3156 2706 3199 ut
2736 3144 3008 3216 diligatur,
3035 3154 3090 3200 et
3120 3160 3216 3216 per
3238 3143 3440 3212 justam
3469 3145 3819 3212 vindictam,

2219 3252 2326 3290 non
2356 3235 2588 3307 propriae
2614 3234 2824 3304 injuriae
2847 3236 2944 3290 sed
2968 3236 3104 3306 legis
3131 3235 3245 3300 Dei,
3267 3236 3478 3290 studeat
3503 3246 3561 3289 ut
3587 3247 3815 3291 metua-

2219 3337 2325 3382 tur.
2350 3328 2418 3381 Et
2441 3327 2494 3381 in
2517 3328 2601 3381 his
2623 3333 2676 3381 et
2699 3326 2818 3380 aliis
2841 3327 3093 3381 omnibus
3111 3327 3366 3396 princeps
3390 3341 3599 3395 semper
3620 3326 3814 3383 Deum

2216 3419 2453 3489 cogitet,
2495 3425 2552 3473 et
2591 3417 2666 3472 illi
2711 3417 2986 3472 adhaereat
3015 3435 3031 3470 :
3063 3417 3222 3486 quia,
3263 3417 3368 3472 nisi
3407 3417 3675 3471 conditori
3710 3434 3811 3473 suo

2215 3507 2566 3580 pertinaciter
2591 3505 2908 3569 adhaeserit,
2931 3515 2987 3561 et
3011 3506 3146 3575 ipse,
3173 3514 3231 3560 ct
3255 3521 3447 3560 omnes
3472 3507 3564 3575 qui
3586 3507 3639 3560 ei
3668 3521 3806 3561 con-

2216 3597 2486 3661 sentiunt,
2509 3597 2616 3651 cito
2639 3596 2936 3665 deperient.
2961 3595 3153 3651 Omnis
3180 3597 3343 3667 igitur
3362 3597 3454 3667 qui
3483 3607 3682 3666 przeest
3705 3599 3810 3654 hoc

2215 3688 2470 3758 primitus
2499 3695 2608 3741 tota
2634 3687 2799 3740 animi
2832 3687 3129 3742 intentione
3153 3697 3440 3757 procuret,
3470 3697 3528 3740 ut
3557 3704 3655 3758 per
3688 3705 3812 3744 orn-

2217 3779 2307 3834 nia
2335 3780 2402 3834 de
2430 3779 2523 3834 Dei
2551 3777 2820 3845 adjutorio
2845 3779 3066 3833 omnino
3089 3793 3196 3833 non
3223 3779 3452 3834 dubitet.
3480 3779 3539 3834 Si
3571 3797 3811 3851 namque

2215 3873 2442 3942 cmperit
2468 3874 2520 3927 in
2552 3873 2762 3928 actibus
2809 3873 2920 3928 suis
2967 3873 3342 3927 auxiliatorem
3375 3873 3580 3929 habere
3620 3874 3811 3930 Domi-

2216 3979 2379 4026 num,
2430 3962 2606 4018 nullus
2659 3963 2937 4016 hominum
2985 3961 3314 4031 contemptui
3354 3961 3565 4017 habere
3607 3967 3818 4033 poterit-

2215 4055 2332 4124 ejus
2358 4054 2714 4108 dominatum.
2760 4053 2875 4108 Non
2911 4064 2995 4109 est
3023 4055 3168 4108 enim
3199 4062 3442 4122 potestas
3472 4056 3579 4110 nisi
3613 4074 3643 4110 a
3679 4057 3807 4112 Deo.

2217 4142 2336 4212 lpse
2363 4143 2538 4198 elevat
2567 4144 2634 4198 de
2659 4153 2904 4199 stercore
2928 4157 3186 4213 egenum,
3213 4153 3268 4198 et
3298 4145 3493 4199 sedere
3523 4146 3662 4201 facit
3689 4164 3812 4202 cum

2215 4234 2553 4305 principibus
2579 4235 2763 4304 populi
2790 4235 2895 4290 sui.
2929 4234 3160 4304 Deponit
3188 4245 3443 4306 potentes
3469 4235 3541 4292 de
3566 4239 3699 4293 sede
3717 4279 3732 4302 ,
3757 4249 3816 4293 et:

2216 4326 2421 4381 exultat
2450 4326 2700 4380 humiles.

532 4425 745 4471 sanctus
769 4415 1061 4484 disciplina:
1098 4413 1305 4483 effugiet
1335 4413 1536 4481 ﬁctum,
1563 4421 1612 4466 et
1634 4411 1836 4480 auferet
1863 4425 1917 4464 se
1957 4427 1989 4462 a
2020 4425 2113 4466 co-
2147 4451 2200 4512 Β
2292 4416 2422 4472 ΟΜ».
2466 4403 2551 4470 Vl.
2591 4416 2696 4486 Ipsi
2730 4426 2908 4471 autem
2946 4417 3112 4488 bajnli
3150 4433 3484 4489 magnopere
3517 4420 3810 4490 providere

534 4511 873 4582 gitationibus
893 4525 1010 4579 qua:
1049 4518 1169 4562 sunt
1199 4510 1310 4563 sine
1336 4508 1624 4570 intellectu,
1649 4516 1696 4560 et
1727 4521 1828 4558 non
1859 4505 2115 4560 habitabit

535 4602 591 4654 in
624 4615 838 4669 corpore
860 4598 1066 4652 subdito
1092 4599 1314 4668 peccatis
1345 4597 1498 4669 (Sap.
1527 4614 1578 4662 ι,
1611 4595 1691 4667 5).

606 4689 738 4743 CAP.
778 4687 842 4742 V.
899 4686 1210 4756 Proponant
1245 4689 1325 4743 eis
1369 4687 1680 4757 frequenter
1723 4687 1888 4742 verba
1941 4687 2116 4742 sancti

535 4776 829 4847 Cypriani,
877 4777 969 4846 qui
1017 4777 1161 4844 regis
1219 4777 1578 4832 ministerium
1643 4776 1697 4831 in
1757 4791 1899 4831 nono
1944 4776 2144 4842 gradu'

535 4868 856 4923 abusionum
886 4876 1071 4938 aperte
1109 4869 1366 4934 ostendit,
1397 4887 1414 4919 ι
1443 4867 1669 4939 Regem,
1700 4868 1974 4938 inquiens,
2007 4883 2116 4922 non

538 4958 801 5027 iniquum,
851 4957 944 5012 sed
981 4966 1343 5014 correctorem
1385 4957 1690 5026 iniquorum
1737 4973 1856 5012 esse
1879 4966 2110 5027 oportet.

537 5049 693 5106 Unde
718 5051 772 5104 in
801 5050 1093 5120 semetipso
1119 5049 1352 5104 nominis
1387 5049 1470 5102 sui
1495 5049 1810 5120 dignitatem
1841 5049 2116 5105 custodire

538 5141 719 5197 debet.
758 5139 964 5195 Nomen
988 5140 1132 5194 enim
1165 5123 1308 5209 regis
1355 5137 1789 5194 intellectualiter
1831 5139 1937 5193 hoc
1983 5139 2115 5192 reti-

537 5237 653 5295 net,
715 5237 776 5284 ut
821 5227 1078 5296 subjectis
1125 5227 1382 5284 omnibus
1424 5227 1654 5282 rectoris
1706 5226 1941 5282 olIicium
1996 5243 2119 5297 pro-

537 5331 709 5378 curet.
769 5321 876 5376 Sed
931 5320 1163 5391 qualiter
1217 5319 1354 5374 alios
1402 5321 1702 5390 [corrigere
1748 5319 1971 5388 poterit,
2024 5319 2116 5389 qui

533 5415 786 5485 proprios
835 5429 1038 5480 mores,
1102 5427 1170 5467 ne
1227 5412 1400 5483 iniqui
1468 5413 1596 5478 sint,
1671 5427 1779 5468 non
1844 5413 2116 5483 corrigit?

533 5504 753 5559 Justitia
806 5518 938 5558 vero
1008 5503 1153 5574 regis
1207 5511 1332 5569 est,
1407 5504 1682 5559 neminem
1754 5503 1954 5572 injuste
2017 5517 2119 5572 per

534 5594 836 5663 potentiam
864 5593 1192 5664 opprimere,
1239 5595 1360 5650 sine
1399 5597 1712 5668 acceptione
1758 5611 2117 5668 personarum

537 5681 681 5738 inter
727 5683 905 5740 virum
952 5691 1008 5740 et
1051 5684 1363 5756 proximum
1390 5701 1547 5744 suum
1576 5685 1844 5758 judicare,
1891 5687 2116 5746 advenis
2154 5713 2156 5715 ν

2224 4506 2449 4572 debent,
2479 4522 2546 4560 ne
2575 4522 2738 4576 super
2763 4508 2941 4562 socios
2969 4524 3094 4564 suos
3122 4524 3179 4564 se
3207 4509 3502 4576 extollant,
3536 4511 3635 4566 sed
3655 4511 3810 4582 juxta

2225 4595 2560 4666 Scripturam
2593 4598 2858 4652 dicentem
2881 4616 2892 4652 :
2913 4597 3124 4663 Quanto
3141 4616 3360 4670 magnus
3387 4617 3472 4662 es,
3504 4602 3735 4655 humilia
3760 4613 3812 4656 te

2223 4691 2279 4745 in
2307 4689 2578 4754 omnibus,
2617 4698 2666 4744 et
2714 4705 2892 4743 coram
2931 4689 3041 4743 Deo
3070 4691 3294 4744 invenies
3324 4691 3556 4761 gratiam
3598 4691 3803 4762 (Eccli.

2225 4798 2320 4847 ιιι,
2349 4799 2422 4837 xx
2445 4782 2486 4853 ).
2514 4782 2615 4846 Et,
2642 4782 2783 4836 sicut
2808 4781 2873 4836 de
2898 4780 3086 4836 Joiada
3118 4781 3361 4862 legimus,
3380 4782 3511 4852 quia
3541 4783 3674 4839 Joas
3701 4785 3804 4840 Re-

2225 4890 2346 4945 gem
2373 4889 2596 4943 puerum
2627 4873 2886 4939 elevavit,
2916 4881 2972 4928 et
3009 4873 3163 4927 unxit
3200 4873 3254 4927 in
3293 4888 3477 4944 regem
3520 4875 3542 4946 (
3565 4875 3654 4929 IV
3683 4876 3801 4947 Reg.

2217 4978 2330 5029 xu,
2355 4962 2463 5034 2),
2495 4960 2778 5030 imponens
2823 4961 2881 5015 ei
2917 4961 3195 5027 diadema,
3244 4971 3300 5017 et
3341 4963 3479 5017 dans
3525 4963 3703 5034 legem
3750 4967 3801 5019 in

2218 5067 2381 5107 manu
2411 5051 2556 5122 ejus,
2587 5059 2647 5104 ut
2676 5050 2974 5105 secundum
3002 5050 3149 5104 illam
3181 5051 3409 5116 viveret,
3451 5060 3508 5106 et
3546 5053 3797 5122 populum

2220 5152 2466 5212 regeret,
2493 5149 2550 5196 et
2575 5141 2757 5196 docuit
2787 5139 2966 5210 ipsum
2995 5141 3252 5212 juvenem
3281 5156 3467 5212 regem
3516 5157 3692 5212 usque
3737 5142 3800 5197 ad

2219 5244 2434 5289 aetatem
2464 5231 2743 5298 adultam;
2795 5233 2862 5287 de
2887 5247 2998 5302 quo
3021 5233 3280 5302 scriptum
3318 5242 3439 5299 est,
3485 5235 3615 5302 quia
3665 5235 3799 5289 bene

2222 5325 2469 5398 regnavit
2507 5325 2622 5394 ipse
2649 5323 2800 5389 Joas,
2829 5325 3066 5393 quandiu
3098 5324 3275 5378 docuit
3305 5341 3424 5378 eum
3455 5324 3702 5379 Joiadas,
3733 5325 3794 5378 Et

2221 5429 2442 5477 sanctus
2478 5418 2774 5490 Gregorius
2802 5417 2822 5490 (
2845 5416 2937 5473 lib.
2965 5433 3050 5483 vt,
3077 5435 3158 5488 ep.
3182 5418 3294 5490 23)
3332 5418 3589 5475 admonet
3626 5418 3794 5473 nutri-

2220 5519 2370 5568 tores
2397 5511 2632 5567 filiorum
2664 5510 3009 5580 imperatoris
3032 5509 3345 5566 Graecorum
3367 5551 3383 5577 ,
3415 5520 3476 5564 ut
3499 5526 3564 5564 ea
3593 5510 3698 5564 illis
3720 5509 3789 5563 lo—

2220 5611 2480 5673 quantur,
2526 5615 2649 5672 quae
2688 5613 2877 5656 eorum
2917 5607 3126 5656 mentes
3165 5599 3218 5654 in
3261 5599 3532 5655 charitate
3567 5599 3707 5654 circa
3732 5613 3786 5651 se

2221 5693 2488 5764 invicem,
2517 5701 2575 5749 et
2601 5702 2728 5764 erga
2754 5691 3026 5763 subjectos
3055 5691 3111 5748 in
3137 5690 3552 5748 mansuetudine
3575 5689 3781 5758 conjun-
