4010 6330
183 370 290 426 995

961 366 1054 421 AD
1090 361 1453 420 PROCERES
1498 363 1587 420 DE
1623 361 2104 420 lNS'l‘lTUTlONE
2142 357 2654 418 CAROLOMANNI.

3327 366 3431 422 91H

179 492 312 553 gant
332 524 346 547 ,
374 497 443 537 ne
484 482 528 536 si
573 482 702 552 quid
732 481 838 536 odii
868 481 1012 536 inter
1037 495 1094 534 se
1123 480 1272 551 pueri
1299 481 1674 549 conceperint,
1704 478 1759 532 in
1785 485 1835 540 Α
1863 477 2093 531 invicem
2130 491 2189 531 se
2231 474 2489 544 adjuvare
2527 475 2722 544 parati,
2753 487 2898 543 quia,
2926 483 2985 528 ut
3028 474 3285 544 scriptum
3323 487 3428 542 est,

185 585 376 646 aperto
397 583 583 643 postea
626 581 892 641 erumpat.
938 571 1148 636 Verba,
1191 571 1470 640 inquiens,
1514 570 1760 623 nutrien-

175 666 320 719 ‘tium
345 705 360 729 ,
391 672 480 716 aut
504 663 591 716 iac
614 671 773 716 erunt
801 662 846 716 si
887 663 1038 750 bona.
1064 671 1226 726 sunt,
1270 670 1364 715 aut
1401 673 1665 713 venenum
1709 659 1755 715 si

182 754 352 808 mala.
397 753 546 807 Talia
588 767 718 821 ergo
766 751 822 804 in
863 751 1095 818 pueritia
1138 751 1217 804 eis
1261 758 1586 825 suggerant,
1636 763 1756 818 quae

174 842 529 912 postmodum
555 840 844 894 ostendant
872 854 1030 907 quam
1047 839 1187 892 bona
1215 839 1436 904 fuerint,
1465 853 1583 908 quae
1611 854 1641 892 a
1658 854 1756 892 nu-

181 935 441 990 tritorum
475 948 693 988 suorum
720 946 814 986 ore
838 938 1122 985 suxerunt.

256 1025 388 1080 CAP.
417 1023 531 1078 VH.
561 1025 767 1078 Debent
791 1023 954 1078 etiam
981 1023 1266 1090 providere
1314 1036 1382 1076 ne
1407 1022 1544 1076 tales
1571 1021 1674 1076 illis
1701 1022 1754 1076 in

187 1115 563 1170 familiaritate
580 1114 895 1184 jungantur,
918 1127 1022 1180 per
1045 1126 1272 1180 quorum
1301 1111 1666 1181 suggestiones
1691 1111 1758 1163 ad

177 1205 374 1274 iniqua
404 1219 564 1274 opera
585 1242 602 1267 ,
627 1203 718 1257 vel
750 1203 815 1256 ad
845 1202 1142 1256 discordias
1177 1201 1323 1255 inter
1352 1215 1418 1254 se
1455 1209 1509 1256 et
1545 1201 1756 1254 illorum

178 1293 459 1362 subjectos
485 1293 647 1348 corda
673 1293 884 1347 illorqu
912 1288 1315 1360 pertrahantur,
1346 1291 1469 1360 quia
1499 1291 1758 1359 scriptum

179 1396 304 1442 est:
337 1387 687 1454 Corrumpunt
719 1401 886 1437 mores
915 1384 1071 1437 bonos
1104 1382 1358 1452 colloquia
1386 1382 1528 1435 mala
1555 1381 1606 1452 (1
1628 1380 1750 1435 Cor.

176 1491 276 1540 xv,
306 1475 376 1530 55
398 1474 437 1546 ).
481 1473 686 1528 Debent
724 1482 903 1526 autem
939 1472 1045 1526 illis
1089 1472 1252 1542 bajuli
1299 1487 1486 1526 eorum
1533 1486 1756 1540 persua-

176 1565 350 1629 dere,
383 1573 574 1620 utnon
606 1565 715 1618 sint
745 1563 972 1617 invicem
1005 1562 1307 1617 invidentes
1327 1602 1342 1626 ,
1374 1562 1603 1616 invicem
1632 1576 1757 1630 pro-

175 1661 445 1709 vocantes
471 1693 487 1718 ,
538 1653 636 1708 sed
686 1659 871 1706 mutua
922 1650 1206 1706 dilectione
1245 1649 1553 1719 conjuncti,
1579 1659 1634 1704 et
1669 1649 1758 1704 ad-

1861 565 2057 618 Frater
2085 565 2301 633 fratrem
2325 564 2572 632 adjuvet,
2605 576 2651 617 et
2683 564 2834 617 ambo
2863 564 3199 617 consolantur
3227 569 3244 634 (
3271 565 3428 622 Prov.

1860 669 1991 707 xvm
2009 693 2024 716 ,
2058 654 2122 706 i9
2145 651 2184 722 ).
2211 651 2265 706 Si
2289 652 2429 706 enim
2447 690 2463 717 ,
2491 651 2704 706 domine
2726 652 2796 704 mi
2819 667 2913 706 rex
2932 691 2946 717 ,
2980 651 3136 719 hujus
3160 654 3304 722 regni
3327 653 3432 709 Eo-

1862 742 2048 806 clesia,
2074 750 2128 795 et
2155 740 2384 794 ministri
2411 739 2526 808 ejus
2552 755 2616 797 ac
2639 740 2863 810 populus
2880 781 2896 805 ,
2932 742 3045 795 haec
3083 756 3179 811 per
3201 757 3295 796 vos
3322 743 3426 798 ob-

1861 834 2154 897 tinuerint,
2191 840 2446 900 quantam
2495 832 2794 887 mercedem
2836 841 2890 887 et
2931 833 3425 888 remunerationem

1869 920 1992 980 inde
2020 925 2158 994 apud
2187 925 2386 987 Deum,
2419 933 2474 977 et
2510 924 2708 977 bonum
2739 939 2932 979 nomen
2985 925 3122 993 apud
3152 925 3410 979 smeulum

1860 1009 2127 1068 habebitis
2144 1054 2158 1077 ,
2181 1029 2244 1067 ex
2271 1013 2451 1066 verbis
2478 1013 2703 1081 apostoli
2750 1028 2975 1082 pensare
3020 1015 3244 1082 potestis
3264 1052 3280 1077 ,
3327 1014 3423 1083 qui

1860 1104 1990 1158 dicit
2031 1120 2044 1154 :
2081 1103 2186 1168 Qui
2213 1103 2439 1156 converti
2469 1101 2645 1170 fecerit
2671 1111 2986 1170 peccatorem
3015 1103 3079 1154 ab
3120 1118 3294 1156 errore
3333 1103 3429 1157 vita

1859 1211 1970 1248 sua:
1989 1235 2004 1260 ,
2047 1196 2266 1248 salvabit
2299 1194 2528 1248 animum
2569 1192 2682 1261 ejus
2709 1211 2739 1245 a
2770 1204 2934 1246 morte
2953 1233 2967 1257 ,
2995 1203 3040 1246 et
3070 1194 3258 1260 aperiet
3287 1193 3428 1248 mul-

1862 1282 2135 1335 titudinem
2163 1291 2490 1351 peccatorum
2519 1296 2735 1334 suorum
2763 1279 2968 1350 (Jacob.
2995 1296 3050 1340 v,
3079 1280 3194 1348 20).
3222 1278 3278 1333 Si
3301 1295 3431 1350 ergo

1863 1371 2137 1440 apostolus
2171 1372 2362 1441 spiritu
2407 1371 2498 1424 Dei
2528 1371 2715 1439 plenus
2745 1369 2812 1424 de
2843 1386 2951 1424 uno
2975 1377 3259 1438 peccatore
3297 1383 3431 1422 con-

1859 1475 2016 1514 verso
2065 1469 2268 1514 tantam
2317 1459 2804 1514 remunerationem
2860 1457 3160 1527 promittit,
3214 1454 3434 1526 colligat

1862 1551 2125 1620 sapientia
2154 1559 2368 1615 vestra,
2416 1558 2672 1618 quantam
2716 1549 2782 1602 de
2827 1557 3100 1602 tantorum
3147 1545 3320 1600 salute
3368 1558 3436 1600 ac

1861 1642 2104 1716 profectu
2132 1642 2620 1696 remunerationem
2651 1640 2792 1694 apud
2820 1641 2985 1693 Deum
3014 1636 3303 1692 habebitis.

186 1779 3418 1820 ——___——-———_———_—-———————_‘

1739 1901 1870 1978 1x.
2818 1857 2832 1878 ’

180 2078 321 2156 ΑΙ)
376 2073 880 2156 PBOCERES
914 2072 1260 2160 REGNI,
1292 2071 1485 2148 PRO
1537 2067 2288 2148 INSTITUTIONE
2335 2067 3066 2149 CAROLOMANNI
3096 2062 3430 2155 REGIS.

1149 2225 1237 2281 ET
1277 2225 1364 2280 DE
1401 2221 1655 2279 ORDINE
1691 2219 1964 2275 PALATII
2004 2220 2099 2289 (ex
2128 2217 2443 2290 Adalardo).

1423 2353 1589 2419 (Apud
1612 2351 1840 2403 eumdem
1866 2363 1929 2400 ex
1967 2350 2187 2411 eodem.)

299 2575 614 2632 HINCIARUS
645 2575 927 2646 episcopus
955 2590 1018 2630 ac
1039 2574 1209 2644 plebis
1238 2574 1332 2628 Dei
1364 2571 1616 2627 famulus.

247 2663 378 2720 Car.
405 2666 446 2718 1.
479 2663 582 2718 Pro
617 2666 791 2719 aetatis
815 2674 867 2718 et
893 2665 1032 2718 sacri
1062 2664 1266 2718 ordinis
1294 2661 1633 2730 antiquitate,
1656 2673 1752 2728 po-

172 2758 432 2811 steriores
478 2764 736 2822 tempore,
783 2754 906 2809 boni
961 2762 1016 2807 et
1063 2754 1332 2822 sapientes
1373 2751 1496 2814 viri,
1549 2749 1752 2818 rogatis

176 2843 525 2912 exiguitatem
570 2857 764 2906 meam,
813 2851 871 2894 ut
903 2841 992 2910 qui
1025 2841 1251 2912 negotiis
1284 2838 1666 2894 ecclesiasticis
1697 2845 1751 2890 et

174 2931 447 2999 palatinis,
493 2930 708 2998 quando
755 2930 808 2983 in
849 2928 1202 2999 amplitudine
1252 2937 1308 2982 et
1337 2927 1544 2981 unitate
1600 2927 1750 2994 regni

174 3036 433 3090 prospere
462 3021 762 3090 agebantur
807 3018 1045 3082 interfui,
1076 3028 1129 3073 et
1159 3016 1381 3072 consilia
1418 3014 1751 3070 doctrinam-

176 3123 278 3177 que
308 3109 517 3163 illorum
550 3109 639 3178 qui
669 3118 911 3163 sanctam
945 3109 1240 3164 Ecclesiam
1285 3109 1338 3162 in
1382 3108 1670 3162 sanctitate
1696 3115 1750 3161 et

169 3197 376 3266 justitia
401 3207 679 3264 rexerunt,
711 3199 803 3253 sed
836 3210 1101 3254 eteorum
1132 3200 1220 3268 qui
1248 3199 1571 3254 soliditatem
1601 3197 1750 3268 regni

171 3299 418 3360 tempore
465 3291 742 3360 superiore
777 3292 1085 3361 prosperius
1131 3292 1512 3360 disposuerunt
1547 3290 1746 3354 audivi,

165 3398 406 3452 quorum
463 3383 772 3452 magisterio
827 3384 1164 3437 traditionem
1217 3383 1483 3452 majorum
1528 3396 1748 3436 suorum

165 3473 359 3537 didici,
410 3481 528 3540 post
555 3473 758 3528 obitum
789 3472 952 3526 etiam
997 3472 1175 3527 domui
1209 3471 1467 3525 Ludovici
1513 3470 1747 3540 impera-

167 3561 329 3621 toris,
361 3559 414 3612 iu
437 3574 620 3613 eorum
650 3561 928 3629 obsequio,
959 3561 1047 3629 qui
1082 3575 1178 3629 pro
1210 3560 1440 3613 filiorum
1475 3557 1589 3626 ejus
1621 3569 1747 3612 tunc

169 3648 433 3716 temporis
489 3663 671 3718 regum
720 3659 1024 3703 nostrorum
1073 3649 1360 3704 concordia
1401 3657 1744 3716 sategernnt,

167 3756 270 3809 pro
302 3739 517 3793 modulo
554 3755 672 3792 meo
721 3738 1095 3808 frequentibus
1148 3739 1445 3800 itineribus,
1497 3737 1673 3792 verbis
1695 3746 1750 3791 et.

168 3832 390 3901 scriptis
431 3830 695 3894 laboravi,
741 3831 806 3885 ad
838 3831 1226 3884 institutionem
1275 3831 1430 3884 istius
1452 3830 1666 3896 juvenis
1693 3838 1748 3882 et

1779 2568 1828 2627 B
1925 2559 2053 2617 Car.
2078 2561 2139 2616 ll.
2163 2560 2427 2631 lntelligat
2451 2559 2616 2632 igitur
2638 2560 2888 2618 dominus
2919 2578 3035 2630 rex,
3059 2563 3126 2619 ad
3149 2565 3292 2634 quod
3311 2564 3429 2621 otii-

1857 2653 1998 2707 cium
2023 2660 2105 2706 est
2131 2661 2441 2721 provectus,
2472 2664 2524 2707 et
2553 2653 2805 2708 obaudiat
2842 2656 3314 2711 commonitionem
3339 2666 3426 2712 at-

1855 2757 1959 2811 que
1979 2742 2619 2812 comminationemltegis
2642 2759 2823 2814 regum
2843 2745 3067 2799 dicentis
3087 2745 3138 2800 ei
3159 2762 3280 2801 cum
3305 2749 3428 2804 aliis

1855 2833 2096 2900 regibus:
2119 2831 2182 2883 Et
2201 2848 2337 2884 nunc
2355 2847 2512 2900 reges,
2534 2833 2726 2901 inquit,
2740 2833 3029 2903 intelligite,
3047 2836 3323 2889 erudimini
3334 2838 3425 2907 qui

1844 2929 2098 2997 judicans
2125 2937 2334 2980 terram.
2363 2927 2564 2982 Servite
2578 2927 2798 2982 Domino
2816 2930 2869 2981 in
2885 2930 3087 2994 timore,
3106 2940 3153 2984 et
3169 2931 3428 2994 exsultate

1851 3019 1899 3071 ei
1928 3033 2044 3070 cum
2074 3026 2313 3069 tremore.
2338 3016 2714 3086 Appreltendite
2742 3019 3091 3088 disciplinam,
3124 3037 3186 3074 ne
3214 3023 3426 3091 quando

1852 3109 2115 3161 irascatur
2127 3106 2404 3172 Dominus,
2420 3116 2466 3161 et
2480 3109 2702 3177 pereatis
2713 3110 2777 3162 de
2793 3110 2871 3162 via
2881 3109 3048 3179 justa.
3066 3111 3215 3167 Sicut
3231 3114 3427 3169 multos

1853 3199 1992 3253 hanc
2019 3197 2491 3252 commonitionem
2517 3208 2572 3253 et
2598 3201 3070 3256 comminationem
3093 3201 3426 3276 negligentes

1850 3290 2059 3359 perisse
2088 3289 2337 3359 legimus,
2394 3289 2719 3353 audivimus,
2765 3299 2822 3344 et
2868 3292 3032 3345 etiam
3065 3290 3428 3348 nostro‘tem-

1851 3394 1984 3448 pore
2033 3379 2253 3432 scimus.
2285 3378 2554 3432 Obaudiat
2598 3380 2759 3433 etiam
2790 3390 3032 3434 sanctam
3086 3379 3419 3451 Scripturam

1851 3468 1952 3522 sibi
2003 3468 2401 3536 praecipientem
2433 3466 2683 3537 :Diligite
2721 3467 2982 3537 justitiam
3027 3470 3118 3539 qui
3157 3469 3419 3537 judicatis

1851 3568 2064 3613 terram.
2099 3559 2300 3614 Sentite
2327 3560 2392 3613 de
2441 3558 2662 3613 Domino
2692 3561 2744 3614 in
2777 3561 3031 3624 bonitate,
3053 3571 3101 3614 et
3139 3563 3194 3614 in
3220 3564 3424 3630 simpli-

1850 3649 2002 3702 citate
2043 3649 2215 3702 cordis
2253 3649 2470 3719 quwrite
2515 3649 2661 3702 illum
2682 3669 2698 3715 ;
2729 3649 2851 3718 quia
2885 3651 2940 3703 in
2970 3649 3262 3704 malivolam
3305 3649 3424 3704 imi-

1850 3752 1989 3788 mam
2021 3753 2123 3790 non
2162 3738 2392 3790 introibit
2421 3739 2693 3806 sapientia,
2726 3755 2816 3793 nec
2839 3739 3091 3793 habitabit
3124 3741 3178 3792 in
3205 3757 3424 3811 corpore

1853 3827 2060 3879 subdito
2089 3829 2318 3894 peccatis
2347 3827 2502 3898 (Sap.
2537 3845 2574 3893 ι,
2606 3829 2675 3896 i).

169 3920 417 3974 moderni
463 3920 604 3989 regis
635 3921 824 3983 nostri,
875 3930 928 3974 et
977 3921 1046 3974 ad
1090 3920 1476 3974 recrectionem
1522 3919 1744 3973 honoris
1771 3913 1818 3974 C
1916 3917 2044 3970 Car.
2079 3916 2163 3970 lll.
2193 3917 2304 3987 Ego
2354 3927 2557 3984 autem,
2586 3927 2642 3973 et
2670 3933 2766 3987 pro
2796 3919 3047 3989 imposito
3094 3921 3416 3986 ministerio,

167 4021 227 4065 et
253 4012 404 4081 pacis
433 4011 684 4066 Ecclesia:
712 4026 777 4064 ac
819 4009 990 4079 regni,
1021 4010 1267 4064 ordinem
1296 4007 1744 4073 ecclesiasticum,

169 4109 226 4153 et
257 4099 661 4168 dispositionem
689 4098 881 4152 domus
909 4099 1068 4168 regia:
1094 4097 1145 4151 in
1177 4113 1334 4153 sacro
1354 4099 1578 4168 palatio,
1605 4098 1748 4152 sicut

171 4187 357 4241 audivi
402 4197 458 4243 et
507 4187 614 4241 vidi
666 4187 1053 4249 demonstrem,
1095 4197 1364 4256 quatenus
1407 4189 1459 4241 in
1508 4187 1747 4242 novitate

171 4293 272 4332 sua
300 4292 361 4331 ea
388 4277 630 4332 doctrina
659 4276 953 4341 imbuatur,
979 4285 1041 4330 ut
1078 4276 1132 4329 in
1164 4277 1424 4348 regimine
1455 4278 1599 4348 regni
1636 4279 1747 4332 Deo

170 4369 410 4438 placere,
435 4375 490 4421 et
543 4367 596 4421 in
633 4367 735 4421 hoc
779 4367 976 4421 saeculo
1029 4366 1262 4422 feliciter
1291 4381 1541 4436 regnare,
1588 4377 1642 4424 et
1680 4369 1746 4424 de

171 4457 427 4528 praesenti
463 4470 627 4527 regno
671 4457 736 4510 ad
772 4467 1032 4512 teternum
1079 4457 1259 4511 valeat
1305 4459 1608 4526 pervenire.
1634 4459 1746 4513 Ex-

171 4547 476 4616 perimento
520 4547 715 4617 quippe
759 4548 1156 4617 cognoscimus,
1194 4549 1320 4618 quia
1381 4565 1474 4604 vas
1521 4566 1742 4616 novum,

173 4648 285 4702 quo
316 4633 463 4702 prius
491 4649 681 4704 sapore
708 4643 764 4688 et
801 4637 968 4690 odore
1012 4636 1276 4690 imbutum
1305 4636 1490 4704 fuerit,
1535 4639 1664 4693 illud
1692 4640 1744 4694 in

169 4731 448 4790 posterum
501 4723 591 4776 diu
643 4723 917 4790 retinebit,
967 4723 1110 4779 sicut
1156 4734 1212 4780 et
1261 4727 1483 4796 quidam
1527 4731 1746 4798 sapiens

173 4809 327 4865 dicit.

297 4909 406 4969 Quo
426 4909 579 4961 semel
603 4919 682 4962 est
705 4911 885 4965 imbuta
907 4925 1083 4964 recens
1104 4915 1540 4966 servabit-odorem

358 4970 503 5021 Testa
523 4972 627 5022 diu.
1087 4976 1281 5038 (Horat.
1315 4977 1352 5026 l.
1379 4991 1414 5038 ι,
1439 4978 1581 5040 epist.
1607 4977 1682 5040 2.)

169 5069 240 5124 Et
271 5069 499 5142 legimus
543 5071 787 5143 (Quintil.
819 5073 855 5127 Ι.
887 5089 925 5128 ι.
959 5091 1006 5129 c.
1039 5075 1092 5146 1)
1124 5077 1392 5145 quomodo
1443 5077 1747 5136 Alexander

170 5163 224 5216 in
263 5163 493 5232 pueritia
523 5179 621 5218 sua
651 5165 840 5219 habuit
894 5165 1132 5233 bajulum
1176 5169 1394 5223 nomine
1429 5168 1740 5237 Leonidem,

170 5253 358 5308 citatis
387 5254 628 5310 moribus
669 5264 724 5310 el.
764 5255 1118 5326 incomposito
1157 5258 1373 5314 incessu
1424 5261 1736 5328 notabilem,
1767 5257 1817 5316 D
1841 5261 1946 5315 sive
1975 5261 2188 5327 bonum,
2218 5263 2322 5316 sive
2362 5263 2559 5317 malum
2597 5263 2774 5335 (Rom.
2798 5280 2907 5327 xw,
2932 5265 3040 5335 10).
3080 5264 3196 5323 Νοη
3230 5265 3412 5318 audiat
3501 5292 3542 5338 ρ.

1847 4012 1903 4057 et
1929 4020 2028 4074 pro
2054 4005 2193 4059 bona
2223 4016 2277 4060 et
2301 4006 2608 4060 rationabili
2652 4016 2828 4061 vestra
2847 4008 3111 4074 jussione,
3138 4013 3422 4080 aggrediar

1845 4092 2066 4160 exsequi
2112 4093 2252 4161 quod
2285 4094 2507 4163 rogatis,
2539 4109 2641 4148 non
2676 4110 2796 4148 meo
2827 4111 3008 4160 sensu,
3042 4112 3214 4165 neque
3243 4100 3420 4152 verbis

1846 4184 2005 4248 meis,
2033 4187 2127 4238 sed
2161 4195 2218 4240 ut
2241 4186 2472 4255 prtemisi
2505 4186 2769 4254 majorum
2797 4189 3104 4253 traditione,
3134 4191 3419 4245 attendens

1845 4276 2110 4333 dicentem
2134 4279 2416 4334 Dominum
2443 4280 2508 4334 ad
2531 4282 2844 4350 prophetam
2870 4299 2882 4336 :
2905 4281 2979 4334 Tu
3005 4292 3177 4336 autem
3199 4285 3418 4338 audiens

1849 4367 2116 4422 nuntiabis
2147 4369 2220 4422 eis
2263 4385 2332 4422 ex
2357 4385 2439 4424 me
2469 4369 2685 4441 (Eucti.
2714 4387 2795 4434 tu,
2822 4370 2928 4443 l7).
2964 4369 3049 4425 Ex
3091 4389 3190 4433 me,
3221 4373 3412 4441 inquit,

1844 4462 1898 4507 et
1927 4469 2029 4509 non
2057 4470 2123 4510 ex
2154 4464 2205 4510 te
2233 4474 2246 4510 :
2275 4457 2400 4526 quia
2425 4458 2564 4512 sicut
2587 4459 2702 4527 ipse
2729 4459 2858 4514 dicit
2883 4478 2896 4514 :
2929 4458 3032 4525 Qui
3074 4477 3106 4514 a
3143 4463 3415 4530 semetipso

1844 4543 2093 4614 loquitur,
2147 4544 2368 4614 gloriam
2421 4547 2686 4616 propriam
2727 4549 2913 4618 qurerit
2964 4547 3146 4620 (Joan.
3171 4565 3261 4612 vn,
3297 4550 3411 4618 18).

1846 4632 2042 4689 Sancta
2092 4635 2371 4704 Scriptura
2420 4637 2475 4690 in
2526 4637 2674 4692 omni
2723 4638 2914 4694 ordine
2977 4649 3033 4694 et
3079 4639 3416 4709 professione

1846 4725 2133 4794 unicuique
2195 4727 2620 4784 administratori
2695 4729 2979 4799 praecipit,
3037 4739 3094 4783 ut
3155 4731 3415 4802 intelligat

1845 4823 2038 4867 cuncta
2066 4828 2186 4882 quae
2215 4815 2291 4868 ait
2323 4833 2336 4866 :
2363 4814 2625 4881 Quoniam
2658 4817 2701 4870 si
2740 4817 2988 4886 intelligit
3017 4818 3415 4872 administratio

1845 4917 2006 4971 quam
2036 4903 2175 4971 gerit
2199 4903 2340 4957 unde
2364 4906 2646 4959 exordium
2689 4907 2850 4976 cepit,
2880 4907 3160 4960 sollicitius
3192 4909 3410 4978 satagit,

1843 5001 1905 5046 ut
1931 4992 1998 5046 de
2022 4992 2502 5050 administrationis
2545 4997 2747 5072 talento
2787 4997 2890 5052 sibi
2912 4999 3115 5072 credito
3146 4997 3414 5052 rationem

1845 5083 2172 5148 redditurus,
2235 5082 2426 5139 Omnes
2472 5071 2946 5141 enim-astabimus
3006 5071 3126 5141 ante
3181 5087 3416 5140 tribunal

1846 5171 2064 5237 Christi,
2090 5182 2145 5225 ut
2176 5172 2364 5242 referat
2391 5176 2744 5246 unusquisque
2763 5191 2880 5245 qua:
2905 5191 2996 5243 per
3017 5191 3204 5243 corpus
3233 5176 3405 5244 gessit,

170 5357 293 5410 qua:
347 5358 480 5412 puer
537 5346 692 5414 quasi
748 5345 831 5401 lac
886 5347 1243 5402 adulterinum
1301 5364 1498 5420 sugens
1555 5352 1622 5420 ab
1675 5367 1742 5409 eo
1840 5354 2040 5424 ajusto
2065 5354 2265 5424 judice,
2305 5357 2446 5427 quod
2495 5358 2755 5413 Dominus
2804 5358 2860 5412 in
2910 5358 3201 5428 Evangelio
3250 5373 3410 5412 servo

171 5433 423 5500 sumpsit.
457 5432 610 5490 Unde
648 5435 703 5489 in
733 5435 911 5490 adulta
939 5445 1097 5492 aetate
1123 5439 1340 5507 sapiens
1360 5449 1416 5494 et
1451 5456 1544 5496 rex
1585 5441 1740 5498 fortis

169 5521 408 5588 seipsum
449 5524 894 5592 reprehendebat,
946 5527 1207 5587 etvitare
1249 5529 1478 5593 volebat,
1527 5533 1621 5587 sed
1681 5544 1741 5590 ut

1841 5446 1983 5501 malo
2012 5455 2066 5500 et
2115 5449 2266 5517 pigro
2324 5463 2706 5516 responsurum
2761 5465 2821 5506 se
2849 5449 3066 5514 fatetur,
3095 5450 3187 5504 sed
3218 5451 3407 5504 audire

1841 5544 2154 5590 mereatur:
2188 5535 2347 5604 Euge,
2404 5553 2545 5590 serve
2593 5537 2722 5592 bone
2751 5548 2797 5591 et
2842 5538 3036 5606 ﬁdelis,
3082 5539 3204 5608 quia
3253 5555 3408 5607 super

168 5609 389 5678 legitur,
441 5626 561 5665 cum
606 5613 787 5668 omnia
840 5630 1002 5686 regna
1031 5617 1238 5686 vicerit,
1271 5619 1324 5673 in
1363 5620 1466 5676 hoc
1503 5621 1736 5691 seipsum
1838 5641 2009 5698 pauca
2039 5625 2186 5693 fuisti
2213 5625 2404 5693 ﬁdelis,
2440 5643 2600 5696 supra
2628 5628 2792 5681 multa
2819 5638 2868 5682 te
2907 5629 3235 5697 constituam,
3268 5629 3405 5684 intra

169 5698 390 5754 vincere
425 5714 529 5756 non
556 5703 748 5771 potuit.

1839 5715 1894 5768 in
1913 5713 2163 5785 gaudium
2189 5714 2400 5771 Domini
2428 5717 2503 5771 tui
2534 5716 2751 5788 (Matth.
2781 5734 2908 5786 xxv,
2937 5719 3048 5784 2i).
