4010 6330
582 337 684 396 995

1403 328 1737 387 HINCMARI
1770 324 1982 383 RHEM.
2021 323 2338 378 ARCHIEP.
2375 323 2740 384 OPUSCULA
2778 328 3008 387 VARIA.

582 510 586 514 ,
648 456 774 513 CAP.
834 453 923 508 IV.
977 449 1232 518 Legimus
1292 447 1344 500 in
1400 452 1587 500 sancta
1633 442 1897 511 scriptura
1947 434 2158 492 Veteris
2184 435 2234 496 A
2260 433 2440 491 domui
2469 438 2640 494 Israel
2663 441 2878 512 (Ezeclt.
2914 459 2998 507 tit,
3032 445 3142 517 i7).
3174 465 3192 500 ι
3218 445 3831 518 Speculatorisolﬁcium

579 546 949 610 Testamenti,
999 543 1124 610 quia
1173 540 1338 593 David
1390 551 1486 591 rex
1540 534 1700 589 simul
1751 541 1806 586 et
1847 529 2150 601 propheta,

581 641 942 714 praeﬁgurans.
982 635 1264 690 Dominum
1316 639 1558 685 nostrum
1611 626 1796 682 Jesum
1851 625 2151 686 Christum,

579 713 668 803 qui
711 731 855 786 solus
901 740 990 781 rex
1022 722 1182 778 simul
1211 730 1266 776 et
1292 717 1547 773 sacerdos
1573 716 1690 772 ﬁeri
1721 716 1915 786 potuit,
1939 714 2073 768 duos
2098 713 2153 767 in

578 819 948 877 sacerdotibus
969 813 1188 868 ordines
1216 807 1518 871 constituit,
1554 807 1608 861 in
1641 805 1868 860 summis
1902 803 2155 858 videlicet

577 910 938 984 pontiﬁcibus,
964 915 1020 960 et
1052 905 1106 958 in
1138 902 1366 958 minoris
1401 899 1608 955 ordinis
1635 897 2026 960 sacerdotibus,
2059 893 2151 963 qui

577 1020 718 1060 nunc
767 1000 1171 1072 presbyteratus
1220 995 1520 1067 funguntur
1552 993 1767 1058 oﬁicio;
1800 1008 1863 1046 ea
1899 991 2152 1046 videlicet

572 1097 906 1168 provisione,
938 1100 998 1147 ut
1036 1093 1163 1147 dum
1212 1090 1441 1160 quilibet
1485 1085 1807 1141 Pontiﬁcum
1842 1085 1952 1138 vita
1989 1083 2154 1138 dece-

573 1190 745 1252 deret,
805 1189 1114 1257 quicunque
1164 1181 1506 1236 sacerdotum
1557 1178 1794 1247 optimus
1843 1183 2148 1246 putaretur,

572 1282 622 1336 ei
655 1281 708 1333 in
737 1278 1110 1349 pontiﬁcatum
1163 1273 1498 1329 succederet.
1553 1270 1621 1324 Et
1651 1270 1707 1324 in
1761 1267 1914 1324 Novo
1960 1265 2150 1323 Testa-

573 1381 779 1435 mento,
810 1369 1066 1424 Dominus
1113 1375 1297 1420 noster
1325 1362 1482 1418 Iesus
1508 1360 1755 1415 Christus
1800 1361 1866 1414 de
1908 1359 2150 1414 multitu-

508 1504 511 1507 -
573 1464 698 1519 dine
722 1459 1103 1528 discipulorum
1135 1471 1376 1520 suorum,
1406 1454 1545 1510 sicut
1590 1453 1644 1508 in
1685 1453 1977 1521 Evangelio
2017 1451 2149 1520 legi-

571 1570 712 1616 mus,
746 1551 1025 1608 duodecim
1052 1550 1234 1619 elegit,
1267 1563 1401 1617 quos
1430 1556 1486 1603 et
1514 1547 1800 1618 Apostolos
1828 1545 2144 1601 nominavit.

571 1643 776 1698 Horum
823 1643 880 1697 in
929 1641 1168 1697 Ecclesia
1233 1640 1408 1695 locum
1461 1646 1646 1694 tenent
1692 1637 1949 1708 episcOpi,
2007 1635 2147 1691 sicut

571 1752 727 1793 sacra
784 1735 1062 1804 Scriptura
1112 1740 1166 1789 et
1227 1732 1476 1788 catholici
1529 1732 1777 1786 doctores
1826 1728 2141 1783 ostendunt.

570 1827 880 1898 Designavit
900 1825 1064 1880 etiam
1085 1823 1220 1878 alios
1246 1822 1584 1893 septuaginta
1609 1818 1900 1890 duos(Luc.
1924 1834 1999 1883 γι,
2031 1818 2144 1888 15),

569 1921 662 1990 qui
697 1920 796 1974 sub
826 1917 1108 1972 duodecim
1135 1915 1391 1985 apostolis
1422 1914 1645 1982 ﬁguram
1677 1911 2149 1982 presbyterorum,

570 2013 624 2067 id
675 2022 755 2067 est
789 2010 1007 2065 secundi
1053 2009 1260 2063 ordinis
1305 2007 1645 2062 sacerdotum
1688 2014 2145 2074 prmmonstrave-

570 2111 734 2158 runt:
768 2110 829 2155 ut
857 2100 1239 2155 decedentibus
1268 2097 1560 2169 episcopis,
1611 2097 1678 2152 de
1708 2096 1791 2150 his
1837 2097 2058 2151 secundi
2090 2102 2145 2150 et

568 2193 840 2248 inferioris
886 2190 1092 2246 ordinis
1151 2188 1548 2250 sacerdotibus,
1609 2187 1906 2240 secundum
1955 2199 2144 2241 sacros

567 2298 805 2340 canones
833 2283 1026 2351 spiritu
1053 2281 1149 2334 Dei
1190 2279 1456 2344 conditos,
1487 2287 1538 2332 et
1571 2277 1735 2331 totius
1765 2276 1948 2330 mundi
1984 2291 2142 2332 reve-

569 2374 744 2428 rentia
788 2379 1191 2435 coonsecratos,
1242 2368 1308 2422 ad
1357 2367 1552 2422 summi
1585 2366 1878 2421 sacerdotii
1933 2366 2142 2436 apicem

564 2465 684 2520 loco
736 2463 1078 2517 decessorum
1125 2459 1496 2530 episcoporum
1545 2458 1944 2526 provehantur,
2002 2457 2143 2512 sicut

565 2571 722 2611 sacra
806 2551 1088 2623 Scriptura
1163 2550 1395 2603 Actuum
1461 2547 1824 2618 apostolorum
1891 2556 2142 2616 patenter

562 2644 819 2708 ostendit,
851 2642 1063 2698 dicente
1097 2640 1257 2695 Petro
1299 2640 1364 2694 ad
1405 2637 1707 2694 confratres
1746 2652 1893 2704 suos,
1925 2638 2140 2707 quando

561 2735 748 2801 Judas,
784 2733 875 2803 qui
899 2741 1315 2788 connumeratus
1343 2729 1519 2785 fuerat
1560 2730 1613 2783 in
1655 2729 1846 2784 ordine
1871 2729 2141 2800 apostolo-

563 2841 718 2889 rum,
777 2831 831 2877 et
882 2823 1105 2876 sortitus
1160 2830 1361 2875 sortem
1421 2819 1708 2874 ministerii
1763 2819 2137 2890 apostolatus,

560 2915 692 2968 abiit
720 2914 772 2966 in
805 2912 977 2966 locum
999 2925 1186 2965 suum:
1220 2909 1453 2977 Oportet,
1487 2908 1757 2976 inquiens,
1787 2924 1852 2961 ex
1880 2908 1960 2961 his
1991 2909 2134 2972 viris,

559 3005 649 3075 qui
674 3002 940 3058 nobiscum
968 2999 1264 3069 congregati
1305 3007 1425 3051 sunt
1474 2999 1528 3050 in
1569 2997 1709 3050 omni
1757 3006 2004 3066 tempore,
2033 3011 2136 3066 quo

560 3094 773 3149 intravit
821 3101 867 3145 et
909 3090 1061 3143 exivit
1111 3090 1246 3142 inter
1284 3104 1376 3142 nos
1415 3086 1672 3140 Dominus
1719 3083 1896 3150 Iesus,
1954 3095 2133 3140 testem
2163 3128 2206 3192 C

561 3181 956 3240 resurrectionis
979 3181 1092 3250 ejus
1121 3179 1388 3233 nobiscum
1409 3179 1526 3247 ﬁeri
1569 3195 1731 3232 unum
1764 3179 1963 3232 existis
1992 3177 2129 3249 (Act.

562 3274 740 3346 1.2!).
767 3273 831 3326 Et
858 3272 1003 3326 venit
1052 3270 1247 3326 electio
1301 3270 1481 3324 divina
1529 3284 1693 3339 super
1725 3268 2001 3336 Matbiam,
2040 3270 2130 3340 qui

563 3371 950 3420 annumeratus
976 3370 1059 3416 est
1078 3375 1198 3415 cum
1230 3360 1478 3414 undecim
1502 3358 1779 3428 apostolis.

627 3455 754 3509 CAP.
784 3453 848 3509 V.
899 3452 966 3505 Et
987 3452 1042 3505 in
1063 3465 1215 3505 sacra
1236 3449 1440 3519 Regum
1464 3449 1684 3503 historia
1712 3449 1958 3517 legimus,
2006 3449 2133 3518 quia

555 3546 827 3617 principes
857 3543 1214 3606 sacerdotum,
1247 3540 1463 3609 quando
1511 3554 1664 3594 sacra
1695 3541 1946 3594 unctione
1979 3555 2132 3610 reges

557 3640 610 3693 in
643 3652 864 3708 regnum
894 3635 1205 3698 sacrabant,
1237 3647 1492 3687 coronam
1538 3631 1927 3702 signiﬁcantem
1970 3633 2135 3694 vieto—

557 3731 694 3784 riam
725 3735 984 3798 ponentes
1011 3739 1171 3794 super
1191 3723 1366 3794 capita
1394 3739 1600 3786 eorum,
1636 3723 1804 3791 legem
1830 3723 1880 3776 in
1915 3739 2130 3778 manum

554 3819 670 3888 ejus
698 3817 914 3880 dabant,
947 3823 1006 3868 ut
1051 3815 1254 3869 scirent
1311 3813 1540 3881 qualiter
1582 3813 1788 3882 seipsos
1829 3828 2035 3883 regere,
2080 3821 2135 3868 et

555 3922 752 3980 pravos
776 3905 1070 3976 corrigere,
1097 3913 1152 3960 et
1177 3905 1346 3959 bonos
1374 3905 1430 3958 in
1452 3904 1592 3956 viam
1629 3913 1831 3958 rectam
1875 3905 2133 3959 deberent

555 4000 806 4070 dirigere.
840 3998 991 4054 Unde
1019 3997 1160 4051 sicut
1181 3997 1370 4050 beatus
1394 4010 1527 4066 papa
1550 3994 1796 4050 Gelasms
1818 3997 1885 4050 ad
1903 3997 2135 4052 Anasta-

555 4091 694 4146 sium
740 4089 1123 4158 imperatorem
1161 4086 1330 4158 (epist.
1362 4084 1449 4155 10)
1507 4100 1573 4139 ex
1619 4086 1790 4140 sacris
1838 4086 2132 4157 Scripturis

555 4182 904 4241 demonstrat,
937 4187 995 4232 et
1030 4179 1084 4232 in
1116 4178 1198 4231 liis
1241 4192 1362 4246 qua:
1415 4191 1582 4243 nuper
1625 4175 1766 4244 apud
1814 4177 2133 4247 martyrium

556 4279 755 4325 sancta:
777 4269 968 4323 Macra:
989 4270 1038 4321 in
1067 4267 1267 4337 synodo
1295 4275 1443 4336 gesta
1491 4274 1615 4321 sunt
1645 4267 1974 4333 continetur,
2027 4269 2135 4323 duo

556 4370 682 4416 sunt
707 4360 900 4429 quibus
931 4358 1294 4426 principaliter
1315 4373 1418 4411 una
1444 4374 1565 4411 cum
1609 4359 1914 4426 specialiter
1958 4358 2136 4428 cujus-

2254 538 2358 594 est,
2389 537 2446 582 ut
2472 533 2761 588 commisso
2785 534 2885 588 sibi
2915 537 3130 605 populo,
3163 541 3411 608 exemplo
3431 553 3486 596 et
3518 543 3688 598 verbo
3710 560 3834 614 qua-

2255 619 2377 675 liter
2400 622 2581 677 vivere
2611 623 2801 678 debeat
2841 626 3176 694 incessanter
3225 633 3723 689 annnntiet:sicut
3772 637 3832 694 de

2254 709 2491 776 Christo,
2525 713 2616 782 qui
2648 714 2799 772 senui
2830 730 2908 778 se,
2931 716 2985 771 id
3001 709 3093 775 ἂι
3119 718 3339 787 imitari,
3386 723 3658 791 praecipit,
3707 726 3832 778 scri-

2252 810 2401 871 ptum
2427 811 2531 868 est,
2557 820 2675 874 qua:
2703 806 2852 875 coepit
2873 804 3030 861 Iesus
3058 807 3232 875 facere
3253 819 3302 863 et
3330 811 3522 866 docere
3549 813 3696 881 (Aet.
3710 814 3836 884 1,1).

2252 892 2322 947 Ει
2349 893 2429 948 sic
2447 895 2613 948 vitam
2643 910 2709 950 ac
2737 911 2916 952 mores
2943 897 3046 952 sibi
3075 899 3498 954 commissorum
3525 902 3836 970 speculetur

2253 982 2558 1048 attendere,
2578 992 2636 1038 et
2660 994 2946 1055 postquam
2969 987 3280 1053 attenderit,
3307 1004 3561 1044 sermone
3594 992 3644 1044 si
3693 1003 3833 1062 pote-

2252 1074 2326 1129 rit
2353 1083 2411 1130 et
2428 1083 2552 1130 actu
2581 1077 2870 1148 corrigere,
2895 1085 2950 1132 et
2971 1078 3016 1132 si
3043 1093 3150 1133 non
3174 1080 3394 1148 poterit,
3413 1081 3570 1150 juxta
3605 1097 3833 1155 evange-

2251 1162 2410 1219 licam
2441 1165 2683 1235 regulam
2705 1166 2973 1221 scelerum
3015 1168 3265 1238 operario
3285 1185 3311 1224 s
3335 1170 3500 1226 debet
3541 1172 3830 1228 declinare

2320 1253 2449 1309 Car.
2497 1253 2580 1308 Vl.
2637 1256 2702 1310 Et
2725 1271 2821 1310 rex
2845 1257 2896 1312 in
2924 1258 3212 1328 semetipso
3231 1260 3467 1315 nominis
3495 1263 3578 1315 sui
3609 1262 3831 1331 dignita-

2251 1352 2358 1400 tem
2383 1346 2656 1400 custodire
2687 1347 2866 1402 debet.
2892 1347 3098 1402 Nomen
3127 1350 3273 1404 enim
3305 1351 3447 1422 regis
3489 1351 3829 1413 intellectua-

2249 1435 2496 1490 litcrlioc
2521 1437 2736 1501 retinet,
2769 1445 2829 1490 ut
2858 1435 3117 1504 subjectis
3137 1439 3390 1495 omnibus
3429 1442 3668 1496 rectoris
3715 1440 3829 1499 oili-

2249 1523 2390 1578 cium
2415 1535 2688 1592 procuret.
2723 1524 2831 1581 Sed
2854 1526 3089 1596 qualiter
3117 1528 3254 1583 alios
3277 1529 3560 1601 corrigere
3613 1533 3828 1600 poterit,

2249 1617 2341 1686 qui
2375 1617 2624 1687 proprios
2651 1633 2828 1673 mores
2857 1634 2924 1674 ne
2947 1620 3114 1690 iniqui
3147 1621 3257 1675 sint
3279 1637 3388 1676 non
3415 1623 3683 1692 corrigit?
3701 1639 3832 1694 quo-

2248 1707 2394 1762 niam
2414 1708 2624 1778 justitia
2657 1711 2799 1781 regis
2825 1711 3098 1766 exaltatur
3125 1712 3338 1776 solium,
3365 1721 3421 1767 et
3447 1715 3681 1769 veritate
3701 1714 3829 1770 soli-

2251 1802 2447 1857 dantur
2473 1802 2832 1872 gubernacula
2861 1803 3199 1874 populorum.
3234 1805 3364 1872 Quae
3407 1821 3540 1861 vero
3562 1807 3637 1860 sit
3675 1805 3832 1874 justi-

2251 1895 2324 1949 tia
2353 1895 2518 1965 regis,
2546 1895 2686 1950 idem
2710 1897 2901 1952 beatus
2923 1897 3224 1968 Cyprianus
3264 1899 3318 1953 in
3372 1915 3517 1956 nono
3559 1901 3830 1956 abusionis

2247 1983 2417 2056 gradu
2440 1985 2889 2043 suﬁicientissime
2911 1996 3195 2042 monstrat.

2317 2077 2447 2132 Car.
2494 2078 2601 2132 Vll.
2653 2078 2826 2134 liabet
2858 2080 3054 2149 quippe
3097 2080 3232 2135 ordo
3276 2079 3635 2136 sacerdotalis
3684 2079 3829 2151 leges

2248 2168 2508 2224 divinitus
2535 2169 2924 2239 promulgatas,
2953 2168 3189 2238 qualiter
3234 2170 3483 2240 quisque
3504 2172 3574 2240 ad
3617 2170 3828 2224 culmen

2246 2257 2548 2326 regiininis,
2577 2259 2830 2313 videlicet
2858 2259 3221 2330 episcopatus,
3251 2231 3698 2324 veniré‘f‘dcmeat,
3749 2270 3830 2314 at-

2245 2361 2352 2416 que
2379 2348 2446 2401 ad
2473 2348 2578 2402 hoc
2609 2359 2754 2404 recte
2776 2350 3376 2420 perveniensuqugliter
3394 2352 3561 2417 \ivat,
3611 2360 3666 2405 et
3694 2353 3829 2404 bene

2243 2439 2451 2504 vivens,
2479 2439 2716 2509 qualiter
2739 2441 2950 2507 doceat,
2969 2449 3024 2496 et
3041 2449 3188 2497 recte
3208 2441 3430 2507 docens,
3455 2442 3827 2496 inﬁrmitatem

2244 2543 2396 2582 suam
2455 2529 2696 2598 quotidie
2739 2540 2940 2599 quanta
2987 2531 3425 2586 consideratione
3486 2542 3824 2603 cognoscat:

2244 2619 2480 2688 qualiter
2502 2620 2664 2674 etiam
2699 2621 2976 2676 ministros
3014 2621 3118 2676 sibi
3145 2621 3456 2690 suppositos
3498 2635 3686 2688 regere
3727 2619 3824 2674 de-

2241 2712 2405 2769 beat:
2439 2728 2599 2782 quam
2637 2728 2773 2784 pura
2808 2714 2973 2768 etiam
2998 2713 3293 2768 intentione
3332 2727 3515 2767 sacros
3565 2710 3830 2766 ecclesia-

2243 2803 2412 2857 sticos
2439 2803 2658 2858 ordines
2684 2803 3003 2873 dispensare
3034 2811 3134 2874 :_et
3163 2817 3269 2871 qua
3297 2801 3618 2856 discretione
3645 2800 3826 2870 ligare

2241 2896 2326 2951 vel
2351 2895 2559 2951 solvere
2587 2895 2832 2950 subditos
2872 2893 3086 2948 debeat.
3147 2891 3225 2948 De
3277 2892 3471 2962 quibus
3501 2891 3716 2961 legibus
3771 2889 3826 2943 in

2240 2987 2442 3042 eisdem
2471 2987 2729 3056 scriptum
2757 2986 2932 3042 estita
2958 2984 3222 3056 (leest.,
3249 2999 3330 3054 cp.
3360 2982 3414 3052 5)
3447 2997 3460 3034 :
3499 2999 3516 3030 ι
3561 2979 3705 3033 Nulli
3737 2994 3830 3033 sa-

2241 3077 2447 3132 cerdoti
2472 3092 2597 3132 suos
2627 3076 2786 3130 liceat
2811 3090 3047 3131 canones
3078 3075 3345 3145 ignorare,
3379 3087 3476 3126 nec
3516 3071 3826 3140 quidquam

2240 3173 2418 3228 facere
2457 3172 2599 3241 quod
2650 3171 2872 3225 Patrum
2914 3169 3086 3240 possit
3146 3167 3346 3238 regulis
3397 3166 3629 3220 obviare.
3673 3163 3828 3231 Quia

2237 3280 2345 3320 non
2380 3265 2559 3318 minus
2610 3262 2665 3316 in
2711 3270 3023 3318 sanctarum
3077 3259 3426 3313 traditionum
3485 3256 3828 3325 delinquitur

2237 3358 2546 3414 sanctiones
2573 3371 2734 3424 quam
2759 3355 2812 3408 in
2845 3355 3014 3424 ipsius
3044 3353 3256 3408 Domini
3305 3351 3550 3420 injuriam
3595 3349 3828 3420 prosili-

2237 3459 2340 3505 tur.
2380 3469 2399 3503 ι
2436 3447 2588 3516 Quod
2614 3445 2716 3501 tale
2741 3454 2848 3510 est,
2874 3445 3024 3514 quia,
3053 3453 3110 3498 ut
3130 3459 3281 3498 sacra
3309 3451 3574 3497 monstrat
3620 3450 3825 3496 aucto-

2235 3543 2387 3604 ritas,
2419 3545 2645 3606 cognata
2668 3542 2795 3592 sunt
2843 3535 3078 3590 scliisma
3105 3544 3159 3589 et
3187 3534 3444 3598 hatresis;
3492 3547 3554 3586 ac
3591 3533 3633 3586 si
3695 3533 3823 3588 aliis

2186 3635 2188 3637 ’
2235 3629 2416 3683 verbis
2445 3628 2655 3682 dicatur
2684 3643 2698 3683 :
2725 3625 2844 3680 Non
2896 3625 3074 3678 minus
3100 3623 3480 3680 schismaticus
3522 3621 3817 3692 delinquit,

2235 3736 2358 3777 cum
2389 3719 2834 3790 praevaricatione
2875 3725 3188 3772 sanctarum
3216 3715 3518 3786 regularum
3551 3728 3647 3782 per
3676 3729 3819 3768 con-

2235 3822 2498 3880 temptum
2531 3825 2590 3865 se
2616 3809 2684 3864 ab
2710 3810 2914 3864 unitate
2943 3815 3143 3863 sanctae
3163 3807 3435 3870 Ecclesiae,
3471 3823 3590 3876 quae
3611 3821 3820 3877 corpus

2235 3904 2437 3960 Christi
2459 3912 2564 3968 est,
2595 3902 3003 3970 dividit,_quam
3049 3899 3355 3964 haereticus,
3411 3899 3501 3968 qui
3557 3897 3620 3952 de
3678 3897 3818 3962 Deo,

2234 3996 2410 4066 capite
2442 3993 2693 4049 videlicet
2718 3992 2885 4062 ipsius
2913 3990 3188 4054 Ecclesiae,
3209 3989 3351 4044 male
3379 3989 3564 4043 sentit.

2304 4086 2432 4142 CAP.
2489 4083 2620 4140 Vlll.
2659 4083 2726 4137 Et
2747 4085 2888 4138 sicut
2910 4082 3109 4137 dictum
3140 4089 3224 4135 est
3245 4080 3311 4134 de
3339 4079 3542 4150 legibus
3564 4079 3822 4136 ecclesia-

2235 4177 2404 4241 sticis,
2433 4174 2578 4244 quod
2611 4173 2738 4228 nulli
2767 4172 3038 4228 sacerdoti
3067 4187 3195 4226 suos
3219 4170 3383 4225 liceat
3407 4185 3644 4226 canones
3669 4172 3820 4242 igno-

2237 4282 2380 4333 rare,
2411 4281 2510 4320 nec
2536 4265 2829 4334 quidquam
2863 4262 3040 4317 facere
3068 4262 3210 4333 quod
3241 4261 3462 4314 Patrum
3507 4261 3686 4329 possit
3741 4276 3821 4315 re-

2236 4355 2374 4427 gulis
2397 4355 2617 4410 obviare
2649 4371 2660 4407 :
2692 4354 2767 4408 ita
2813 4352 3022 4423 legibus
3065 4351 3240 4407 sacris
3289 4351 3570 4404 decretum
3609 4361 3718 4414 est,
3765 4358 3821 4404 ut

557 4465 665 4519 que
690 4465 834 4502 cura:
862 4449 1121 4516 subjectis
1151 4449 1380 4501 mundus
1421 4449 1508 4502 hic
1563 4451 1789 4520 regitur,
1836 4453 2131 4506 auctoritas
2160 4471 2212 4530 Ι)
2240 4447 2384 4516 leges
2425 4445 2640 4499 nescire
2665 4443 2794 4498 nulli
2821 4443 3002 4508 liceat,
3038 4451 3132 4496 aut
3160 4457 3279 4512 qua:
3309 4451 3435 4496 sunt
3461 4450 3670 4496 statuta
3693 4457 3820 4496 oon-

558 4554 712 4616 saera
741 4538 1076 4605 pontiﬁcum,
1107 4546 1160 4590 et
1190 4538 1383 4607 regalis
1410 4548 1645 4606 potestas
1677 4559 1690 4594 :
1725 4541 1777 4594 in
1800 4543 1994 4612 quibus
2023 4560 2139 4614 per-

480 4687 483 4691 ,
559 4630 705 4683 sonis
725 4628 864 4680 sicut
889 4627 1138 4680 ordinum
1166 4637 1290 4681 sunt
1316 4629 1482 4683 divisa
1507 4631 1783 4698 vocabula,
1812 4635 1883 4687 ita
1934 4643 2057 4688 sunt
2083 4644 2139 4689 et

560 4719 728 4772 divisa
759 4718 810 4769 in
836 4732 1154 4786 unoquoque
1178 4719 1367 4774 ordine
1423 4736 1486 4775 ac
1532 4721 1866 4791 professione
1916 4726 2137 4780 ordina-

562 4813 764 4863 tionum
789 4807 980 4864 cilicia.
1015 4809 1309 4880 Diligenter
1336 4813 1497 4881 igitur
1528 4815 1756 4884 quisque
1786 4815 1946 4870 debet
1971 4817 2023 4870 in
2047 4831 2136 4871 or-

559 4905 680 4955 dine
700 4913 752 4955 et
781 4900 1111 4972 professione
1135 4917 1229 4955 sua
1258 4918 1365 4970 quo
1390 4905 1606 4958 nomine
1659 4915 1912 4959 censetur
1961 4914 2137 4961 atten-

557 4998 705 5059 dere,
737 5001 791 5046 et
811 5005 1136 5061 magnopere
1162 4993 1445 5061 providere
1474 5008 1541 5048 ne
1573 5009 1601 5046 a
1629 4995 1847 5049 nomine
1867 4996 2138 5052 discordet

556 5084 750 5139 ot'ﬁcio.
788 5101 807 5133 ι
837 5083 1076 5137 Primum
1109 5097 1362 5152 namque,
1400 5103 1419 5133 ι
1474 5093 1533 5137 ut
1585 5085 1777 5140 beatus
1832 5086 2137 5157 Cyprianus

557 5179 688 5232 dicit
717 5177 802 5247 (de
823 5177 1004 5240 Abus.,
1031 5191 1149 5246 cap.
1179 5175 1289 5246 l0),
1323 5194 1343 5228 ‹
1373 5177 1442 5230 ab
1471 5177 1722 5246 episcopo
1751 5179 1878 5247 quid
1922 5180 2005 5233 sui
2037 5193 2136 5235 no-

559 5270 720 5322 minis
748 5269 981 5339 dignitas
1007 5276 1186 5322 teneat
1206 5268 1527 5338 inquiratur,
1552 5269 1805 5337 quoniam
1828 5269 2136 5340 episcopus,

561 5376 682 5416 cum
729 5360 977 5442 Griecum
1022 5375 1217 5416 nomen
1250 5362 1341 5426 sit,
1381 5361 1678 5430 speculator
1731 5363 2136 5433 interpretatur.

561 5455 740 5521 Quare
772 5470 900 5508 vero
923 5454 1230 5523 speculator
1252 5456 1492 5525 ponitur,
1523 5465 1574 5510 et
1600 5456 1728 5526 quid
1755 5471 1786 5511 a
1804 5457 2138 5526 speculatore

561 5537 1175 5612 requiratur,,[10minus
1209 5544 1323 5615 ipse
1373 5546 1630 5610 denudat,
1688 5563 1808 5602 cum
1863 5546 1962 5603 sub
2003 5547 2140 5601 Eze-

559 5634 758 5690 chielis
791 5637 1064 5704 prophette
1090 5649 1344 5706 persona,
1373 5638 1626 5708 episcopo
1649 5637 1806 5694 oﬁicii
1842 5640 1924 5694 sui
1970 5641 2137 5693 ratio-

562 5737 689 5779 nem
719 5723 1017 5789 denuntiat,
1051 5724 1129 5782 ita
1177 5725 1430 5796 inquiens
1457 5746 1470 5785 :
1497 5727 1886 5797 Speculatorem
1919 5731 2042 5784 dedi
2089 5740 2138 5786 te

2242 4547 2502 4592 temnere.
2539 4535 2672 4589 Cum
2705 4535 2852 4588 enim
2879 4533 3097 4597 dicitur,
3134 4532 3264 4585 nulli
3312 4531 3475 4586 liceat
3525 4531 3678 4601 leges
3735 4546 3820 4584 ne-

2241 4626 2402 4690 scire,
2438 4624 2519 4677 vel
2557 4640 2677 4693 qua:
2700 4633 2826 4678 sunt
2857 4631 3060 4678 statuta
3082 4632 3453 4687 contemnere,
3499 4623 3651 4675 nulla
3702 4638 3820 4693 per-

2239 4731 2371 4772 sona
2399 4716 2453 4769 in
2477 4729 2797 4784 quocunque
2823 4714 3015 4767 ordine
3052 4712 3328 4767 mundano
3376 4712 3652 4780 excipitur
3707 4727 3816 4782 qua

2238 4807 2341 4861 hac
2376 4805 2640 4859 sententia
2664 4822 2768 4857 non
2791 4804 3214 4874 constringatur.
3245 4802 3460 4856 Habent
3485 4805 3635 4856 enim
3670 4815 3815 4872 reges

2237 4907 2292 4953 et
2324 4897 2632 4967 reipublicae
2657 4894 2889 4949 ministri
2937 4893 3082 4963 leges
3130 4893 3329 4962 quibus
3384 4892 3440 4945 in
3493 4904 3814 4962 quacunque

2239 4985 2514 5060 prOvineia
2541 4989 2795 5059 degentes
2819 5002 3007 5058 regere
3031 4987 3229 5041 debent
3263 5003 3276 5038 :
3315 4983 3521 5039 habent
3577 4982 3812 5052 Capitula

2239 5083 2674 5139 Christianorum
2697 5095 2882 5150 regum
2909 5094 2974 5133 ac
2995 5077 3400 5149 progenitorum
3431 5091 3683 5139 suorum,
3706 5086 3817 5144 qua:

2240 5174 2476 5243 generali
2501 5187 2768 5228 consensu
2802 5170 3044 5226 ﬁdelium
3074 5183 3295 5225 suorum
3334 5175 3529 5223 tenere
3580 5166 3817 5236 legalitcr

2239 5263 2734 5336 promulgaverunt.
2775 5262 2851 5316 De
2877 5261 3072 5332 quibus
3111 5261 3304 5316 beatus
3349 5260 3690 5330 Augustinus
3736 5256 3813 5312 di-

2241 5357 2316 5410 cit
2342 5356 2452 5427 (Iib.
2477 5355 2541 5408 de
2567 5369 2685 5408 vera
2705 5351 2895 5423 Reiig.,
2920 5366 2974 5406 c.
2999 5352 3111 5422 51),
3137 5352 3264 5420 quia
3292 5350 3421 5406 licet
3472 5351 3720 5406 homines
3751 5347 3811 5400 de

2242 5450 2328 5504 his
2347 5446 2607 5516 judicent,
2634 5461 2755 5500 cum
2779 5460 2870 5500 eas
2895 5445 3203 5508 instituunt,
3232 5452 3411 5497 tamen
3441 5459 3570 5498 cum
3625 5442 3814 5497 fuerint

2242 5541 2501 5596 institutae
2543 5550 2706 5609 atque
2745 5539 2992 5602 ﬁrmatae,
3051 5551 3157 5591 non
3209 5535 3392 5592 licebit
3431 5534 3708 5604 judicibus
3753 5532 3812 5584 de

2242 5630 2375 5700 ipsis
2398 5630 2662 5700 judicare.
2703 5631 2798 5685 sed
2823 5629 3120 5688 secundum
3148 5628 3309 5697 ipsas.

2314 5721 2443 5777 CAP.
2493 5720 2585 5776 1X.
2627 5720 2790 5777 Multo
2821 5721 2999 5776 minus
3026 5727 3206 5775 autem
3234 5718 3346 5788 regi
3375 5717 3461 5774 vel
3495 5716 3713 5774 cuilibet
3757 5711 3807 5764 in
