4010 6330
198 355 300 412 99⁸1

979 350 1073 406 AD
1106 346 1468 407 PROCERES
1501 346 1591 404 DE
1622 345 2115 404 INSTITUTIONE
2134 346 2644 406 CAROLOMANNI.

3350 357 3460 415 998

190 479 522 538 quocunque
549 464 740 519 ordine
778 470 966 519 contra
1003 462 1150 532 leges
1177 461 1389 517 divinas
1432 462 1559 517 licet
1612 475 1773 530 agere
1802 463 1851 522 Α
1877 475 2043 517 onera
2105 464 2279 533 ipsum
2336 464 2498 518 veluti
2552 463 2833 521 fortiorem
2884 462 3158 522 solidavlt.
3217 469 3456 526 Paxillus

194 573 296 629 per
321 562 712 626 contemptum.
758 553 909 609 Unde
956 554 1186 623 principi
1233 561 1391 608 terra:
1449 566 1777 623 magnopere

194 647 587 717 providendum
615 655 778 714 atque
809 644 1104 699 cavendum
1138 653 1241 709 est,
1275 660 1343 699 ne
1391 645 1445 699 in
1503 645 1588 700 his
1635 644 1777 698 Deus

193 736 524 800 offendatur,
561 750 661 804 per
708 750 845 805 quos
880 734 1066 806 religio
1113 733 1419 791 Christiana
1480 736 1778 791 consistere

193 828 379 891 debet,
420 835 476 879 et
502 825 683 880 caeteri
708 826 776 879 ab
798 824 1095 880 offensione
1123 825 1341 882 salvari.
1373 826 1441 881 Et
1464 827 1602 890 ideo,
1649 827 1776 896 quia

194 931 288 971 res
313 913 711 970 ecclesiasticas
730 913 915 969 divino
933 913 1140 983 judicio
1162 918 1388 972 tuendas
1410 924 1466 972 et
1482 916 1775 972 defensan-

196 1007 300 1062 das
338 1007 596 1077 suscepit,
629 1022 893 1061 consensu
922 1006 1055 1075 ejus,
1088 1008 1353 1064 electione
1372 1009 1502 1064 cieri
1553 1024 1618 1063 ac
1663 1009 1776 1079 ple-

192 1094 304 1160 bis,
337 1105 393 1148 et
415 1096 806 1166 approbatione
851 1096 1224 1165 episcoporum
1272 1098 1580 1166 provincias,
1621 1099 1773 1167 quis-

192 1205 306 1260 que
332 1192 399 1245 ad
426 1187 853 1246 eccl‘bsiasticum
903 1191 1143 1261 regimen
1172 1190 1376 1260 absque
1421 1191 1524 1246 ulla
1574 1192 1776 1246 venali-

194 1287 310 1333 tate
331 1280 557 1349 p‘rovehi
585 1281 744 1334 debet
769 1296 782 1333 :
809 1279 957 1349 quia,
987 1280 1129 1334 sicut
1166 1280 1422 1335 Dominus
1445 1282 1497 1335 in
1528 1281 1774 1353 Evange-

191 1367 271 1423 lio
301 1369 469 1422 dicit:
504 1366 608 1434 Qui
638 1385 741 1422 non
770 1369 932 1422 intrat
960 1384 1052 1438 per
1072 1364 1259 1422 ostium
1302 1371 1356 1423 in
1402 1369 1531 1423 ovile
1577 1372 1771 1439 ovium,

188 1459 288 1513 sed
318 1460 549 1513 ascendit
581 1460 814 1522 aliunde,
840 1458 930 1513 ille
952 1460 1041 1528 far
1064 1470 1140 1513 est
1163 1470 1211 1513 et
1234 1460 1370 1514 latro
1394 1460 1574 1532 (Joan.
1607 1478 1662 1527 χ,
1694 1462 1768 1533 i).

189 1546 596 1604 Ecclesiastieis
622 1549 821 1620 regulis
850 1550 965 1604 sine
991 1548 1303 1605 diﬁicultate
1331 1552 1654 1607 omnimodis
1676 1553 1772 1608 de-

188 1636 290 1691 bet
313 1636 514 1701 favere,
541 1638 586 1692 si
612 1654 717 1691 non
757 1638 868 1693 vult
898 1637 1098 1709 Regem
1122 1655 1307 1709 regum
1362 1639 1653 1696 oﬁ‘endere.
1708 1641 1775 1697 Et

132 1738 135 1741 '
189 1727 340 1781 sicut
368 1729 605 1798 episcopi
637 1743 700 1783 ac
730 1744 824 1783 rex
867 1729 1158 1799 providere
1206 1730 1424 1796 debent,
1476 1741 1534 1786 ut
1574 1733 1774 1788 nullius

124 1832 125 1837 ‘
194 1819 275 1872 rei
307 1819 502 1873 intuitu
533 1819 764 1889 eligatur
787 1821 1092 1891 episcopus,
1124 1821 1225 1876 nisi
1249 1822 1341 1875 Dei
1372 1822 1558 1888 solius,
1614 1823 1665 1877 id
1691 1833 1773 1878 est

189 1921 304 1960 non
332 1921 431 1976 pro
489 1907 670 1977 aliquo
709 1923 930 1964 munere
983 1910 1238 1976 dationis,
1294 1925 1393 1966 nec
1443 1927 1542 1981 pro
1593 1912 1773 1984 aliquo

187 1996 460 2066 obsequio
491 1998 748 2066 humano,
775 2000 859 2053 vel
882 2000 1285 2072 propinquitate
1333 2004 1773 2076 consanguinita-

187 2085 288 2150 tis,
316 2100 410 2140 seu
433 2088 694 2151 amicitia,
727 2088 812 2142 vel
838 2089 1060 2145 servitio
1100 2090 1399 2161 temporali,
1455 2102 1550 2146 aut
1590 2092 1770 2163 aliqua

184 2175 500 2242 occasione,
542 2192 663 2246 qua:
694 2178 967 2232 contraria
1003 2194 1127 2234 esse
1176 2181 1346 2249 possit
1382 2181 1624 2247 veritati,
1678 2189 1775 2236 aut

182 2267 389 2322 divina:
409 2269 720 2323 auctoritati
756 2284 772 2322 :
807 2269 880 2323 ita
943 2284 1035 2323 rex
1085 2269 1357 2324 custodire
1401 2270 1584 2336 debet,
1633 2272 1775 2326 sicut

181 2363 412 2411 sanctus
432 2356 764 2427 Augustinus
788 2357 1125 2412 demonstrat
1159 2356 1246 2428 (de
1275 2356 1427 2413 Ciuit.
1461 2358 1558 2413 Dei
1589 2358 1684 2414 lib.
1715 2374 1769 2426 v,

183 2463 237 2501 c.
268 2446 387 2518 24),
428 2463 495 2502 ne
533 2448 869 2513 muneribus,
899 2447 982 2503 vel
1005 2447 1278 2502 blanditiis
1306 2447 1624 2518 cujusquam
1662 2463 1775 2504 see-

180 2536 347 2594 ierati
380 2537 702 2607 pelliciatur,
748 2547 804 2593 et
854 2538 1249 2593 adulationibus
1291 2537 1592 2608 decipiatur
1626 2555 1640 2592 :
1673 2553 1774 2594 nec

179 2627 598 2698 quibuscunqne
648 2629 1062 2699 propinquitatis
1109 2629 1598 2684 necessitudinibus
1638 2642 1774 2684 eon-

179 2717 410 2789 iunetis,
441 2728 628 2774 contra
661 2721 827 2774 Deum
873 2728 1225 2789 sanctamque
1258 2720 1555 2775 Ecclesium
1610 2727 1774 2788 atque

183 2809 577 2877 rempublicam
622 2823 875 2878 perverse
934 2796 1247 2879 agentibus,
1314 2807 1506 2863 aﬁ‘ectn
1568 2808 1773 2863 carnali

182 2908 403 2970 parcat,
431 2901 641 2955 dicente
671 2901 764 2955 Dei
820 2900 1011 2970 spiritu
1058 2916 1155 2971 per
1201 2901 1367 2957 David
1408 2903 1769 2972 prophetam:

185 2990 386 3044 Nonne
404 3007 492 3046 eos
510 2992 599 3062 qui
622 2991 839 3046 oderunt
871 3000 938 3055 te,
962 2992 1125 3056 Deus,
1155 2992 1387 3057 oderam,
1417 3003 1463 3046 et
1504 3008 1663 3062 super
1682 2992 1777 3046 ini-

181 3079 354 3132 micos
380 3089 495 3132 tuos
526 3080 884 3134 tabescebam?
918 3079 1159 3151 Perfecto
1206 3081 1325 3135 odio
1364 3082 1575 3136 oderant
1629 3083 1772 3149 illos,

179 3168 389 3222 inimici
412 3168 541 3238 [acti
569 3180 688 3224 sunt
711 3170 838 3223 milii
882 3169 1052 3241 (Psal.
1084 3187 1347 3237 cxxxvut,
1374 3172 1464 3238 2|,
1494 3171 1609 3244 2'2).
1659 3174 1763 3229 lni-

182 3260 360 3313 micos
385 3258 528 3313 enim
560 3259 653 3314 Dei
681 3258 923 3329 perfecto
975 3260 1099 3317 odio
1147 3261 1326 3318 odisse
1373 3270 1474 3329 est,
1516 3264 1583 3318 ad
1630 3264 1772 3333 quod

180 3349 318 3404 facti
353 3358 479 3404 sunt
507 3349 750 3420 diligere,
775 3358 832 3405 et
853 3352 995 3421 quod
1024 3350 1229 3407 faciunt
1258 3352 1565 3423 increpare,
1592 3368 1773 3409 mores

179 3455 477 3510 pravorum
505 3456 774 3511 premere,
806 3443 929 3496 vitm
964 3443 1244 3512 prodesse.

260 3528 391 3584 Car.
422 3527 490 3582 X.
519 3529 677 3586 Tales
702 3531 863 3585 etiam
888 3532 1113 3587 comites
1133 3541 1188 3586 et
1210 3532 1309 3587 sub
1332 3547 1390 3587 se
1415 3531 1623 3602 iudices
1647 3549 1774 3588 con-

183 3619 422 3674 stitucre
472 3620 650 3685 debet,
694 3620 787 3689 qui
835 3621 1116 3675 avaritiam
1157 3622 1391 3687 oderint,
1428 3624 1770 3693 etjustitiaut

184 3710 441 3779 diligant,
472 3718 528 3765 et
563 3711 664 3765 sub
695 3712 797 3764 hac
830 3711 1138 3766 conditione
1166 3726 1316 3766 suam
1345 3714 1770 3770 administratio-

184 3816 315 3854 nem
359 3809 643 3870 peragant,
690 3808 747 3855 et
788 3801 888 3855 sub
936 3816 995 3856 se
1040 3801 1342 3871 hujusmodi
1395 3804 1773 3861 ministeriales

186 3890 541 3945 substituant.
576 3889 682 3944 «Et
730 3890 1036 3969 quicunque
1067 3892 1119 3945 in
1156 3892 1300 3946 omni
1345 3894 1534 3948 ordine
1562 3902 1615 3948 et
1641 3911 1770 3964 pro-

186 3981 429 4037 fessione
474 3981 527 4035 in
571 3981 940 4038 dominatione
979 3983 1415 4050 constituuntur,
1469 3993 1523 4040 et
1567 3985 1769 4041 domini

185 4070 551 4141 appellantur,
594 4072 735 4127 sicut
770 4082 991 4128 sanctus
1032 4073 1332 4145 Cyprianus
1358 4074 1408 4127 in
1438 4084 1591 4130 sexto
1618 4074 1766 4130 Abu-

184 4162 361 4217 sionis
399 4162 565 4230 gradu
611 4162 946 4218 demonstrat
971 4164 1109 4235 (cap.
1134 4163 1211 4236 6),
1245 4163 1630 4221 dominationis
1658 4167 1770 4222 vir-

188 4261 363 4306 tutem
389 4260 607 4307 auctore
632 4261 687 4307 et
708 4262 1057 4322 cooperatore
1093 4254 1319 4309 Domino
1350 4263 1569 4310 teneant
1598 4273 1611 4310 :
1641 4256 1768 4325 quia

188 4342 331 4397 nihil
370 4343 585 4411 proﬁcit
626 4342 939 4397 dominandi
987 4344 1186 4399 habere
1223 4353 1564 4414 potestatem,
1597 4347 1639 4400 si
1669 4348 1766 4401 do-

190 4433 375 4487 minus
403 4433 516 4503 ipse
547 4447 653 4486 non
683 4431 881 4488 habeat
911 4442 966 4487 et
999 4432 1217 4487 virtutis
1258 4433 1512 4504 rigorem.
1546 4434 1648 4490 Sed
1682 4438 1768 4492 hic

188 4514 412 4576 virtutis
458 4522 607 4591 rigor
652 4537 760 4577 non
807 4532 915 4577 tam
963 4523 1219 4577 exteriori
1268 4523 1612 4591 fortitudine,
1650 4541 1769 4595 quae

187 4613 248 4665 et
278 4609 390 4678 ipsa
429 4611 779 4666 saecularibus
809 4612 1040 4666 dominis
1069 4613 1369 4668 necessaria
1405 4622 1506 4679 est,
1546 4616 1767 4686 indiget,

189 4714 360 4771 quam
406 4702 570 4756 animi
624 4702 871 4758 interiori
920 4702 1270 4770 fortitudine,
1324 4705 1484 4760 bonis
1529 4707 1772 4763 moribus

190 4793 438 4850 exerceri
485 4794 858 4863 debet:srepe
909 4793 1053 4848 enim
1102 4794 1413 4851 dominandi
1460 4810 1555 4865 per
1603 4798 1770 4853 animi

192 4882 580 4953 negligentiam
620 4885 864 4953 perditur
901 4881 1185 4940 fortitudo.
1211 4882 1338 4939 Tria
1367 4899 1496 4956 ergo
1524 4901 1772 4942 necessa-

193 4974 280 5028 ria
310 4974 410 5028 hos
445 4974 535 5043 qui
574 4974 922 5029 dominantur
972 4973 1175 5031 habere
1220 4983 1452 5044 oportet,
1505 4984 1767 5033 terrorem

194 5062 425 5127 scilicet,
472 5072 529 5118 et
576 5064 994 5128 ordinationem,
1045 5072 1103 5120 et
1150 5079 1412 5120 amorem.
1461 5064 1574 5121 Nisi
1624 5067 1767 5121 enim

194 5162 411 5209 ametur
435 5154 687 5209 dominus
713 5156 916 5225 pariter
954 5164 1009 5210 et
1042 5164 1333 5222 metuatur,
1365 5157 1635 5212 ordinatio
1669 5159 1771 5212 mi-

194 5246 343 5298 nime
388 5255 639 5301 constare
682 5246 827 5302 illius
870 5253 1065 5317 potest.
1113 5245 1219 5300 Per
1263 5245 1523 5301 beneﬁcia
1562 5251 1771 5318 ergoet

195 5331 565 5390 atl‘abilitatem
605 5345 860 5406 procuret
911 5344 969 5389 nt
1020 5335 1303 5406 diligatur,
1354 5344 1409 5390 et
1451 5350 1548 5405 per
1595 5335 1775 5403 justas

196 5422 485 5489 vindictas,
516 5440 623 5481 non
655 5426 881 5498 propria:
928 5422 1139 5494 injuriae
1181 5424 1275 5480 sed
1322 5424 1458 5496 legis
1496 5425 1613 5492 Dei,
1659 5436 1773 5481 stu-

195 5509 326 5567 deat
367 5522 429 5566 ut
471 5525 760 5571 metuatur.
808 5516 1100 5583 Pr0pterea
1149 5528 1380 5584 quoque,
1437 5514 1564 5569 dum
1617 5515 1773 5571 multi

193 5599 433 5671 pendent
468 5602 523 5655 in
559 5617 647 5667 eo,
684 5603 933 5671 ipse'Deo
976 5600 1250 5657 adhaerere
1288 5603 1469 5669 debet,
1500 5603 1592 5673 qui
1620 5602 1769 5658 illum

199 5688 258 5744 in
298 5688 553 5745 ducatum
596 5691 896 5759 constituit,
932 5690 1028 5760 qui
1065 5690 1132 5746 ad
1166 5692 1431 5761 portanda
1477 5693 1771 5750 multorum

1879 551 2023 605 enim
2060 553 2165 607 nisi
2206 553 2343 608 bene
2375 555 2512 609 forte
2541 553 2787 609 ﬁrmetur
2815 596 2829 620 ,
2857 566 2913 609 et
2938 557 3097 612 alicui
3127 558 3334 616 fortiori
3358 563 3453 617 ad-

1877 639 2103 705 haereat,
2131 657 2292 697 omne
2317 644 2457 714 quod
2485 644 2538 698 in
2563 660 2629 699 eo
2657 645 2852 715 pendet
2876 646 2986 702 cito
3014 647 3309 713 Iabitur,‘bt
3338 651 3453 721 ipse

1866 731 2087 786 solutus
2114 747 2143 784 a
2176 733 2355 797 rigore
2401 749 2513 787 sum
2565 734 2859 801 ﬁrmitatis,
2915 752 3038 791 cum
3081 739 3334 795 oneribus
3382 742 3454 797 ad

1878 831 2079 877 terram
2105 824 2396 878 delabitur.
2429 824 2521 879 Sic
2545 835 2601 880 et
2630 828 2884 899 princeps
2917 830 3020 885 nisi
3056 846 3154 886 suo
3184 814 3525 925 conditoﬁ/

1876 914 2228 984 pertinaciter
2255 916 2564 979 adlneserit,
2591 927 2644 971 et
2674 918 2804 988 ipse,
2838 929 2892 975 et
2917 937 3076 976 omne
3105 924 3248 994 quod
3281 914 3456 980 conti-

1876 1017 1989 1071 net,
2014 1005 2123 1061 cito
2159 1007 2386 1076 deperit.
2412 1026 2429 1060 ι
2461 1007 2529 1061 Ει
2555 1008 2709 1074 sciat,
2738 1011 2879 1079 quod
2910 1013 3049 1067 sicut
3071 1014 3123 1068 in
3146 1014 3453 1085 principatu

1875 1096 2154 1151 hominum
2203 1099 2411 1169 primus
2461 1100 2786 1155 constitutus
2825 1111 2942 1167 est,
2988 1103 3061 1158 ita
3101 1120 3451 1176 quoscunque

1873 1197 2180 1258 peccatores
2207 1190 2308 1244 sub
2337 1205 2396 1243 se
2429 1189 2481 1243 in
2515 1190 2764 1261 praesenti
2796 1192 3002 1258 habuit,
3031 1195 3131 1250 nisi
3159 1212 3217 1251 se
3247 1205 3302 1252 et
3332 1197 3453 1254 illos

1873 1278 2192 1343 correxerit,
2235 1295 2397 1348 supra
2429 1294 2488 1335 se
2518 1281 2676 1336 modo
2701 1282 3026 1354 implacabili
3053 1286 3105 1340 in
3142 1286 3231 1341 illa
3261 1286 3448 1344 futura

1872 1381 2031 1435 pmna
2061 1368 2304 1422 habebit.

1946 1457 2075 1513 Cn.
2109 1458 2200 1513 XI.
2237 1460 2295 1516 In
2326 1462 2640 1519 memoratis
2669 1479 2902 1535 namque
2936 1467 3101 1538 gestis
3140 1468 3280 1540 apud
3309 1484 3454 1524 mar-

1874 1548 2074 1619 tyrium
2125 1561 2324 1605 sanctzn
2371 1553 2583 1621 Macran,
2635 1564 2689 1608 et
2737 1556 2804 1610 de
2850 1557 2934 1612 his
2978 1573 3101 1628 qua:
3136 1558 3203 1612 ad
3250 1567 3454 1615 sanctae

1873 1636 2128 1693 Ecclesiae
2170 1657 2234 1695 ac
2281 1651 2553 1697 rectorum
2600 1645 2769 1713 ipsius
2815 1647 3075 1702 honerem
3104 1656 3160 1702 et
3185 1649 3447 1718 vigorem,

1875 1736 1933 1782 et
1958 1729 2022 1783 de
2070 1729 2155 1784 his
2201 1746 2321 1801 quae
2348 1732 2414 1785 ad
2448 1733 2591 1800 regis
2626 1742 2678 1787 et
2721 1736 2872 1805 regni
2918 1736 3243 1791 soliditatem
3289 1745 3452 1807 atque

1805 1801 1848 1859 Β
1876 1832 2060 1872 curam
2101 1821 2392 1889 pertinent,
2429 1836 2638 1876 necnon
2677 1832 2733 1878 et
2767 1801 2832 1879 de
2858 1824 3050 1880 domus
3079 1826 3242 1895 regiae
3271 1801 3452 1895 dispo-

1872 1907 2087 1972 sitione,
2115 1924 2179 1963 ex
2205 1910 2592 1966 catholicorum
2618 1914 2910 1968 secundum
2934 1923 3243 1969 sanctarum
3268 1913 3453 1983 Scrip-

1875 2008 2116 2055 turarum
2147 2002 2414 2056 tramitem
2438 2002 2980 2074 promulgationibus,
3016 2014 3179 2072 atque
3209 2019 3273 2058 ex
3297 2003 3453 2059 Chri-

1872 2090 2170 2144 stianorum
2200 2106 2386 2160 regum
2412 2091 2905 2155 constitutionibus,
2946 2107 3045 2161 per
3072 2090 3302 2162 capitula
3328 2092 3451 2145 bre-

1870 2182 2011 2237 viter
2037 2197 2101 2237 ac
2124 2182 2436 2248 salubriter,
2466 2183 2509 2236 si
2536 2192 2823 2237 teneantur
2844 2191 2898 2237 et
2923 2191 3312 2252 exsequantur,
3339 2182 3452 2237 col-

1871 2271 2009 2326 lecta
2056 2272 2418 2328 continentur.
2469 2273 2848 2327 Verumtamen
2889 2273 3014 2343 quia
3048 2271 3446 2337 Samaritanus,

1871 2376 2034 2415 verus
2080 2361 2332 2416 videlicet
2375 2371 2560 2416 custos
2597 2362 2817 2415 humani
2850 2362 3086 2432 generis,
3131 2361 3450 2427 stabulario,

1872 2450 1926 2504 id
1969 2457 2054 2504 est
2107 2450 2399 2520 pontiﬁcali
2456 2450 2665 2515 ordini,
2710 2449 2863 2518 cujus
2923 2465 3065 2504 curae
3109 2450 3451 2505 vulneratum

1872 2553 2142 2608 quemque
2163 2539 2509 2594 commiserat
2532 2538 2598 2591 ad
2624 2537 2943 2601 sanandum,
2971 2540 3105 2592 dans
3135 2540 3267 2593 duos
3288 2538 3453 2592 dena-

1872 2628 2014 2691 rios,
2044 2626 2213 2683 Vetus
2242 2628 2450 2683 scilicet
2485 2643 2548 2683 ac
2577 2626 2783 2682 Novum
2814 2627 3240 2694 Testamentum,
3281 2629 3449 2684 dixit:

1877 2717 2029 2782 Quod
2058 2717 2531 2787 supererogaveris,
2574 2734 2665 2787 ego
2709 2733 2827 2770 cum
2873 2718 3078 2771 rediero
3107 2718 3323 2772 reddant
3355 2717 3449 2770 tibi

1877 2805 2029 2878 (Luc.
2062 2824 2120 2869 Χ,
2156 2808 2271 2879 '55),
2315 2810 2519 2864 eisdem
2563 2808 2750 2878 gestis,
2799 2809 2947 2863 velut
2989 2822 3055 2863 ex
3100 2822 3451 2878 supercroga-

1877 2898 2045 2963 tione,
2087 2913 2207 2967 qum
2241 2899 2517 2969 praemissa
2544 2906 2668 2952 sunt
2706 2899 2759 2953 in
2796 2899 2900 2953 hoc
2924 2898 3202 2969 opusculo,
3241 2904 3296 2952 et
3328 2911 3450 2969 qua:

1876 3000 2187 3059 semientur,
2215 2989 2451 3058 adjicere
2477 2991 2687 3045 studeo.
2860 2990 2877 3001 ’

1951 3081 2080 3136 CAP.
2112 3080 2226 3134 XII.
2256 3080 2624 3135 Adalhardum
2653 3095 2836 3135 senem
2863 3087 2915 3135 et
2940 3078 3239 3150 sapientem
3267 3078 3450 3135 domui

1877 3164 2055 3226 Caroli
2100 3170 2280 3241 magni
2321 3170 2660 3241 imperatoris
2688 3170 3068 3241 propinquum,
3104 3178 3161 3223 et
3188 3177 3453 3224 monaste-

1873 3260 1939 3314 rii
1979 3257 2219 3313 Corbeiae
2261 3259 2535 3324 abbatem,
2573 3258 2714 3313 inter
2741 3258 2945 3327 primos
2973 3256 3312 3312 consiliarios
3338 3256 3453 3325 pri-

1872 3365 2019 3404 mum
2052 3349 2107 3403 in
2134 3348 2494 3404 adolescentia
2542 3362 2661 3402 mea
2707 3347 2838 3401 vidi.
2886 3347 3052 3417 Cujs
3095 3347 3330 3402 libellum
3381 3348 3452 3401 de

1871 3440 2064 3496 ordine
2090 3439 2273 3509 palatii
2306 3438 2407 3511 legi
2443 3447 2499 3494 et
2532 3438 2745 3508 scripsi,
2796 3439 2850 3493 in
2901 3453 3008 3507 quo
3059 3440 3201 3493 inter
3251 3447 3447 3493 caetera

1872 3531 2183 3587 continetur
2222 3530 2431 3585 duabus
2488 3529 2856 3600 principaliter
2892 3530 3246 3585 divisionibus
3280 3530 3449 3590 totius

1871 3623 2022 3694 regni
2055 3630 2256 3679 statum
2281 3634 2553 3687 constare,
2596 3621 2899 3691 anteposito
2931 3636 3144 3690 semper
3170 3629 3224 3676 et
3251 3620 3451 3690 ubique

1870 3712 2256 3780 omnipotentis
2296 3711 2389 3766 Dei
2417 3709 2644 3778 judicio.
2682 3709 2919 3764 Primam
2953 3710 3202 3765 videlicet
3226 3710 3448 3766 divisio-

1872 3813 1993 3853 nem
2021 3812 2141 3852 esse
2167 3798 2372 3863 dicens,
2417 3812 2521 3867 qua
2561 3798 2780 3853 assidue
2810 3808 2864 3852 et
2894 3798 3270 3853 indeﬁeienter
3303 3799 3446 3869 regis

1869 3888 2128 3957 palatium
2165 3887 2452 3957 regebatur
2498 3899 2555 3942 et
2599 3888 2991 3954 ordinabatur;
3024 3888 3251 3942 alteram
3297 3904 3447 3953 vero,

1871 3993 1975 4045 qua
2018 3977 2183 4033 totius
2227 3978 2377 4048 regni
2417 3984 2590 4031 status
2631 3977 2928 4032 secundum
2951 3992 3104 4031 suam
3133 3977 3450 4047 qualitatem

1870 4067 2264 4123 Studiosissime
2293 4067 2624 4138 providendo
2652 4068 2992 4121 servabatur.

1938 4160 2068 4214 Car.
2099 4158 2235 4213 XIII.
2259 4157 2318 4212 In
2343 4158 2516 4229 prima
2546 4158 2710 4228 igitur
2737 4158 3106 4228 dispositione,
3133 4157 3276 4227 regis
3300 4157 3448 4227 pala-

1870 4247 2004 4302 tium
2064 4248 2118 4302 in
2170 4254 2492 4301 ornamento
2548 4245 2709 4300 tutius
2758 4246 2945 4316 palatii
3007 4246 3082 4301 ita
3140 4246 3448 4300 ordinatum

1869 4345 2007 4391 erat.
2051 4336 2372 4405 Anteposito
2414 4349 2548 4406 ergo
2591 4349 2718 4403 rege
2741 4342 2794 4387 et
2820 4336 3026 4407 regina,
3061 4349 3184 4392 cum
3226 4334 3447 4389 nobilis-

1873 4427 2006 4482 sima
2032 4426 2184 4497 prole
2212 4441 2330 4491 sua,
2373 4434 2484 4480 tam
2528 4426 2582 4480 in
2625 4425 2977 4495 Spiritalihus,
3005 4441 3166 4497 quam
3190 4434 3247 4482 et
3271 4428 3324 4481 in
3350 4441 3449 4480 sae-

1874 4517 2169 4581 cularibus,
2217 4525 2381 4586 atque
2426 4515 2796 4587 corporalibus
2828 4518 3008 4583 rebus,
3036 4532 3136 4587 per
3166 4518 3265 4572 bos
3287 4517 3448 4572 mini-

1873 4617 2018 4662 stros
2079 4607 2227 4662 omni
2285 4616 2525 4676 tempore
2572 4607 2996 4677 gubernabatur.
3040 4606 3305 4663 Videlicet
3350 4604 3453 4677 per

1872 4699 2304 4769 apocrisiarium,
2336 4698 2388 4752 id
2437 4706 2523 4753 est
2564 4698 2929 4767 re=ponsalem
2975 4700 3314 4769 negotiorum
3357 4714 3447 4755 ee-

1872 4790 2297 4847 clesiasticorum
2329 4808 2342 4843 :
2373 4791 2527 4860 cujus
2582 4791 2939 4846 ministerium
2979 4806 3046 4845 ex
3090 4806 3157 4845 eo
3201 4798 3447 4859 tempore

1873 4881 2101 4951 sumpsit
2144 4880 2449 4945 exordium,
2508 4880 2724 4950 quando
2776 4878 3162 4934 Constantinus
3215 4894 3446 4949 magnus

1871 4974 2163 5042 imperator
2207 4970 2550 5027 Christianus
2600 4970 2848 5036 eﬁ‘ectus,
2880 4977 3102 5040 propter
3128 4983 3366 5023 amorem
3391 4979 3447 5024 et

1871 5063 2132 5117 honorem
2186 5071 2496 5117 sanctorum
2550 5060 2914 5132 apostolorum
2962 5059 3109 5114 Petri
3151 5067 3208 5115 et
3252 5058 3443 5126 Pauli,

1870 5167 2099 5223 quorum
2140 5155 2388 5209 doctrina
2435 5169 2500 5209 ac
2543 5153 2845 5208 ministerio
2872 5152 2939 5207 ad
2969 5151 3168 5207 Christi
3214 5151 3444 5219 gratiam

1870 5244 2211 5315 baptismatis
2256 5245 2578 5300 sacramenti
2622 5241 2885 5313 pervenit,
2938 5241 3113 5297 locum
3160 5250 3215 5296 et
3262 5239 3442 5295 sedem

1871 5349 2022 5389 suam
2051 5374 2066 5399 ,
2110 5334 2298 5389 urbem
2349 5334 2553 5389 scilicet
2594 5334 2928 5401 Romanam,
2984 5347 3136 5402 papa:
3183 5330 3446 5387 Silvestre

1869 5424 2044 5479 edicto
2058 5424 2321 5497 privilegii
2339 5423 2577 5487 tradidit,
2592 5431 2645 5477 et
2657 5422 2838 5476 sedem
2854 5437 3005 5478 suam
3024 5422 3075 5476 in
3091 5421 3310 5476 civitate
3324 5436 3443 5486 sua,

1870 5528 1990 5585 quae
2026 5525 2182 5569 antea
2217 5513 2531 5584 Byzantium
2568 5513 2887 5578 vocabatur,
2921 5513 3152 5567 nominis
3186 5511 3269 5566 sui
3309 5510 3442 5565 civi-

1875 5614 2038 5660 tatem
2085 5602 2390 5673 ampliando
2430 5602 2714 5657 aediﬁcavit
2739 5619 2751 5655 :
2778 5611 2832 5657 et
2860 5604 2941 5659 sic
2970 5600 3306 5673 responsales
3336 5608 3445 5657 tam

1873 5692 2130 5751 Romanae
2174 5691 2342 5762 sedis,
2389 5706 2550 5763 quam
2577 5699 2633 5747 et
2663 5689 2890 5749 aliarum
2937 5692 3327 5764 praeeipuarum
3351 5703 3444 5745 se-

3528 515 3624 815 j

3490 920 3743 1298 λ
