4010 6330
557 326 662 382 999

1364 316 1695 375 HINCMARI
1737 315 1950 373 RHEM.
1987 313 2305 369 ARCHIEP.
2338 312 2707 370 OPUSCULA
2744 313 2978 369 VARIA.

3658 318 3807 374 1000

552 440 723 504 dium,
776 437 829 493 in
866 436 1067 509 palatio
1109 451 1213 507 pro
1258 434 1641 492 ecclesiasticis
1684 433 1917 505 negotiis
1956 446 2123 488 exeu-
2150 430 2201 491 A
2226 443 2416 485 omnes
2440 428 2742 498 aequaliter,
2777 435 3001 498 propter
3042 426 3467 485 ministeriorum
3511 429 3806 486 diversita-

552 530 777 586 babant.

625 617 757 687 Cia,
779 617 919 673 XIV.
940 617 1241 686 Aliquando
1260 632 1357 687 per
1374 616 1669 687 episcopos,
1693 614 1979 685 aliquando
1998 629 2127 670 vero

555 722 653 776 per
676 706 930 760 diaconos
960 704 1252 774 apostolica
1280 706 1435 760 sedes
1462 704 1563 759 hoc
1584 702 1757 758 officio
1781 703 2124 773 fungebatur.

557 794 674 861 Quo
706 793 878 848 ollieio
914 794 1105 848 beatus
1135 792 1429 862 Gregorius
1462 793 1516 847 in
1548 792 1760 847 diaconi
1784 792 1976 847 ordine
2010 791 2129 846 fun-

558 893 676 937 ctus
695 881 817 946 fuit,
841 892 896 936 et
918 896 984 936 ex
1011 883 1132 937 aliis
1153 883 1440 953 praecipuis
1458 881 1674 938 sedibus
1695 897 1793 951 per
1810 881 2128 937 diaeonosid

556 971 785 1025 ollicium
816 972 1232 1039 exsequebatur,
1257 971 1396 1027 sicut
1422 971 1562 1026 sacri
1585 969 2037 1038 canonesjubent.
2061 971 2130 1025 Et

556 1058 610 1111 in
634 1058 716 1111 his
730 1056 1015 1128 Cisalpinis
1035 1059 1362 1128 regionibus,
1375 1068 1655 1128 postquam
1672 1059 1974 1114 Ludovicus
1996 1074 2130 1129 prae-

555 1145 825 1202 dicatione
848 1148 991 1202 beati
1012 1147 1245 1219 Remigii
1268 1149 1334 1203 ad
1356 1148 1629 1203 Christum
1650 1162 1959 1210 conversus,
1984 1156 2038 1202 et
2059 1147 2128 1203 ab

556 1234 673 1303 ipso
693 1250 814 1289 eum
840 1235 1012 1291 tribus
1039 1237 1275 1291 millibus
1303 1235 1636 1291 Francorum
1662 1237 1715 1291 in
1739 1237 1924 1308 vigilia
1955 1237 2127 1293 sancti

556 1323 778 1380 Pascha:
810 1326 1116 1394 baptizatus
1153 1326 1386 1390 exstitit,
1425 1340 1521 1396 per
1550 1327 1918 1381 successiones
1943 1341 2128 1396 regum

557 1414 729 1474 sancti
764 1415 1011 1484 episcopi
1057 1429 1125 1469 ex
1158 1416 1269 1470 suis
1299 1415 1535 1479 sedibus,
1579 1426 1634 1471 et
1659 1426 1897 1486 tempore
1917 1430 2131 1484 compe-

557 1504 694 1557 tenti
721 1503 984 1572 palatium
1020 1504 1325 1570 visitantes,
1352 1505 1591 1560 vicissim
1620 1506 1760 1560 hanc
1788 1505 2131 1560 administra-

556 1593 759 1646 tionem
786 1592 1187 1662 disposuerunt.
1224 1594 1262 1647 A
1299 1603 1538 1665 tempore
1563 1610 1693 1650 vero
1716 1595 1922 1665 Pippini
1949 1604 2004 1648 et
2029 1595 2132 1650 Ca-

556 1681 657 1737 roli
689 1681 957 1736 interdum
979 1697 1078 1752 per
1099 1683 1440 1754 presbyteros
1479 1684 1748 1738 interdum
1789 1700 1884 1753 per
1923 1685 2131 1753 episeo-

2226 526 2360 582 tem,
2396 518 2734 585 qualitatem,
2761 517 2845 570 vel
2867 517 3314 584 convenientiam,
3355 520 3617 589 prodesse
3646 531 3806 590 pote-

2225 616 2349 661 rant
2375 623 2389 660 :
2419 621 2541 661 eum
2572 615 2747 660 tamen
2782 606 2959 661 nullus
2987 621 3066 671 se,
3083 614 3303 676 propter
3323 608 3446 663 fidei
3477 611 3808 664 servandam

2225 697 2508 752 veritatem
2533 698 2674 767 regis
2688 706 2745 752 et
2760 699 2932 770 regni,
2947 707 3005 751 ut
3023 700 3338 769 praedictum
3352 711 3458 766 est,
3474 702 3811 759 subtraham

2224 789 2509 858 potuisset,
2534 788 2617 842 vel
2652 789 2819 843 etiam
2861 789 3140 845 voluisset.
3170 790 3247 845 De
3287 805 3519 861 quorum
3548 796 3809 862 personis

2226 880 2310 935 vel
2356 880 2689 945 ministeriis,
2732 895 3038 950 quanquam
3062 881 3216 950 plura
3239 882 3350 938 sint
3379 897 3503 939 qua:
3526 883 3807 951 dicantur,

2228 970 2344 1026 haec
2372 980 2547 1026 tamen
2572 972 2839 1041 praecipue
2872 971 3223 1027 habebantur.

2302 1061 2430 1115 CAP.
2458 1060 2641 1117 XVIII.
2663 1061 2949 1131 Imprimis,
2976 1068 3035 1114 ut
3054 1060 3207 1133 juxta
3233 1060 3603 1132 cujuscunque
3638 1063 3813 1119 mini-

2227 1148 2379 1204 sterii
2425 1148 2742 1219 qualitatem
2779 1148 2863 1202 vel
2889 1149 3268 1217 quantitatem,
3323 1150 3575 1205 minister
3631 1152 3812 1209 nobili

2227 1237 2390 1292 corde
2414 1245 2469 1292 et
2491 1252 2718 1308 corpore
2746 1245 3019 1303 constans,
3068 1239 3419 1303 rationabilis,
3451 1241 3731 1297 discretus
3752 1250 3816 1296 et

2228 1328 2442 1384 sobrius
2475 1328 2777 1400 eligeretur.
2829 1327 2933 1382 Sed
2965 1344 3065 1384 nee
3097 1329 3185 1383 illa
3243 1326 3547 1385 Sollicitudo
3587 1332 3816 1396 deerat,

2227 1427 2288 1471 ut
2313 1418 2359 1471 si
2384 1415 2495 1472 lieri
2522 1417 2801 1488 potuisset,
2836 1418 2977 1472 sicut
3005 1418 3107 1473 hoc
3137 1433 3380 1489 regnum,
3408 1420 3519 1475 Deo
3549 1429 3815 1485 auctore,

2228 1521 2291 1560 ex
2329 1504 2569 1575 pluribus
2600 1507 2909 1577 regionibus
2954 1515 3189 1572 constat,
3243 1523 3307 1563 ex
3346 1509 3579 1564 diversis
3626 1510 3809 1564 etiam

2228 1597 2430 1652 eisdem
2481 1597 2808 1667 regionibus,
2858 1609 2950 1652 aut
2986 1599 3040 1652 in
3081 1599 3277 1668 primo,
3324 1608 3416 1653 aut
3444 1600 3498 1654 in
3529 1601 3815 1666 secundo,

2231 1688 2508 1743 autetiam
2559 1689 2612 1743 in
2652 1688 2891 1759 quolibet
2915 1688 3050 1750 loco,
3084 1690 3247 1745 iidem
3273 1689 3504 1745 ministri
3531 1690 3817 1761 eligeren-

555 1785 655 1840 pos
690 1770 837 1840 regia
870 1770 1165 1837 voluntate,
1199 1781 1361 1840 atque
1390 1772 1678 1843 episcopali
1707 1787 1995 1837 consensu,
2031 1788 2127 1844 per
2158 1769 2199 1827 Β
2230 1788 2336 1845 tur,
2367 1780 2601 1849 qualiter
2633 1780 2953 1836 familiarius
2979 1796 3207 1851 quaeque
3263 1783 3508 1853 regiones
3527 1782 3807 1853 palatium

556 1860 811 1919 diaconos
838 1863 924 1918 vel
949 1865 1299 1935 presbyteros
1336 1865 1508 1933 magis
1534 1879 1694 1933 quam
1720 1880 1819 1934 per
1846 1865 2127 1934 episcOpos

555 1956 662 2010 hoc
694 1954 924 2009 ollicimn
960 1962 1275 2010 exsecutum
1308 1955 1551 2009 exstitit:
1577 1955 1699 2023 quia
1730 1953 1965 2023 episcopi
1996 1969 2127 2008 con-

557 2045 736 2099 tinuas
780 2045 990 2116 vigilias
1034 2060 1196 2115 supra
1241 2059 1457 2115 gregem
1496 2060 1650 2099 suum
1690 2045 1886 2099 debent
1915 2046 2126 2100 assidue

555 2134 805 2203 exemplo
829 2143 883 2189 et
911 2134 1074 2189 verbo
1113 2135 1357 2204 vigilare,
1384 2143 1440 2188 et
1463 2151 1571 2189 non
1608 2135 1807 2191 diutius
1833 2135 2125 2191 secundum

555 2236 741 2277 sacros
763 2237 998 2277 canones
1030 2238 1060 2276 a
1089 2225 1201 2277 suis
1229 2224 1419 2278 abesse
1444 2224 1734 2292 parochiis.

625 2311 756 2366 CAP.
788 2311 903 2367 XV.
942 2313 1126 2383 Neque
1154 2312 1307 2382 juxta
1332 2312 1547 2368 decreta
1582 2330 1648 2369 ex
1690 2314 1859 2369 sacris
1906 2316 2127 2370 canoni-

560 2403 664 2458 bus
690 2404 1027 2475 promulgata
1063 2407 1205 2461 beati
1234 2404 1499 2474 Gregorii,
1531 2407 1800 2475 praetoria,
1843 2423 1961 2476 qua:
1984 2423 2126 2463 nunc

554 2496 723 2564 regia,
753 2503 810 2549 et
840 2497 1091 2552 usitatius
1111 2496 1308 2566 palatia
1346 2498 1712 2561 nominantur,
1743 2496 1938 2553 debent
1964 2499 2125 2553 inuti-

551 2583 675 2639 liter
713 2587 1026 2651 observare,
1076 2601 1142 2641 ne
1190 2587 1469 2665 incurrant
1508 2586 1792 2655 judicium,
1839 2597 1897 2642 ut
1934 2597 2123 2643 contra

555 2675 749 2745 placita
788 2692 1053 2732 canonum
1092 2678 1194 2734 sibi
1234 2679 1286 2732 in
1320 2679 1659 2733 ordinatione
1684 2696 1777 2733 sua
1812 2680 2010 2733 tradita
2039 2680 2122 2732 fa-

554 2766 782 2831 cientes,
825 2767 925 2836 ipsi
971 2783 1030 2822 se
1072 2768 1276 2822 honore
1315 2767 1526 2837 privent
1556 2768 1941 2823 ecclesiastico.
1974 2770 2037 2823 Et
2066 2778 2125 2824 ut

551 2856 619 2910 de
664 2856 825 2911 licitis
855 2858 1099 2927 exempla
1127 2873 1412 2929 ponamus,
1450 2868 1505 2913 et
1541 2860 1606 2913 de
1639 2859 1822 2913 illicite
1854 2862 2125 2930 usurpatis

552 2960 661 2998 non
692 2957 989 3013 taceamus,
1038 2958 1277 3018 tempore
1305 2948 1515 3018 Pippini
1539 2958 1593 3003 et
1620 2948 1796 3003 Caroli
1830 2950 1930 3004 hoc
1968 2950 2119 3004 mini-

551 3039 777 3091 sterium
801 3054 1063 3095 consensu
1088 3042 1461 3111 episcoporum
1489 3056 1584 3110 per
1602 3041 1887 3097 Fulradum
1910 3044 2125 3115 presby-

551 3136 748 3191 terum,
781 3136 1021 3209 tempore
1061 3132 1224 3185 etiam
1264 3131 1444 3187 Caroli
1488 3148 1588 3202 per
1628 3133 2040 3204 Engelramnum
2068 3145 2123 3191 et

553 3215 913 3273 Hildiboldum
962 3221 1272 3291 episcopos,
1330 3232 1570 3291 tempore
1611 3223 1840 3292 denique
1868 3223 2122 3280 Ludovici

550 3322 649 3374 per
693 3307 1002 3405 Hilduinum
1048 3313 1447 3384 presbyterum,
1488 3321 1545 3366 et
1580 3322 1698 3382 post
1732 3328 1853 3366 eum
1880 3328 1975 3381 per
2002 3313 2125 3367 Ful-

553 3413 745 3452 conem
789 3400 915 3454 item
973 3400 1344 3474 presbyterum
1370 3441 1385 3466 ,
1436 3402 1631 3457 deinde
1675 3416 1773 3472 per
1824 3402 2123 3472 Drogonem

556 3490 888 3557 episcopum,
916 3493 1123 3547 exstitit
1147 3495 1250 3546 hoc
1273 3492 1629 3546 ministerium
1655 3503 1989 3548 exsecutum.

619 3578 747 3632 Car.
770 3580 905 3634 XVI.
924 3582 1312 3652 Apocrisiarius
1336 3591 1535 3648 autem,
1552 3568 1712 3653 quem
1738 3591 2004 3639 nostrates
2033 3599 2120 3640 ca-

550 3668 840 3744 pellanum,
855 3674 937 3728 vel
962 3674 1144 3744 palatii
1160 3674 1435 3729 custodem
1465 3674 1752 3743 appellant,
1775 3690 1990 3731 onmem
2013 3675 2121 3730 ele-

548 3785 669 3824 rum
694 3767 876 3839 palatii
908 3767 1006 3819 sub
1026 3779 1156 3819 cura
1186 3771 1242 3817 et
1270 3763 1617 3832 dispositione
1640 3780 1734 3817 sua
1758 3764 1994 3832 regebat.
2022 3764 2120 3819 Cui

550 3859 859 3915 sociahatur
891 3844 1134 3912 sumimus
1158 3854 1537 3918 cancellarins,
1559 3854 1648 3924 qni
1679 3870 1708 3908 a
1739 3857 1966 3911 secretis
1991 3855 2119 3911 olim

550 3952 937 4020 appellabatur,
962 3958 1225 4018 erantque
1250 3948 1321 4001 illi
1345 3947 1570 4017 subjecti
1618 3950 1913 4017 prudentes
1951 3959 2006 4004 et
2038 3951 2119 4003 in-

550 4043 845 4111 telligentes
871 4058 933 4097 ac
956 4041 1138 4096 fideles
1167 4041 1294 4105 viri,
1324 4040 1413 4108 qui
1446 4048 1711 4109 praecepta
1743 4040 1886 4109 regia
1915 4041 2119 4109 absque

550 4131 901 4186 immoderata
965 4128 1275 4198 cupiditatis
1343 4127 1628 4182 venalitate
1682 4128 2004 4193 scriberent,
2060 4138 2116 4182 et

548 4231 756 4277 secreta
812 4221 914 4275 illis
957 4219 1185 4274 fideliter
1230 4218 1582 4273 custodirent.
1637 4216 1765 4272 Post
1820 4234 1915 4273 eos
1962 4234 2109 4282 vero,

547 4327 759 4366 sacrum
777 4311 1031 4380 palatium
1048 4323 1143 4377 per
1168 4310 1266 4361 hos
1290 4307 1563 4361 ministros
1590 4307 1994 4375 disponebatnr,
2019 4324 2115 4377 per

2150 3102 2193 3164 C

2225 1870 2374 1924 adire
2413 1880 2649 1939 possent,
2696 1870 2821 1924 dum
2863 1885 2973 1925 sum
3025 1870 3349 1939 genealogis:
3400 1870 3487 1926 vel
3546 1871 3805 1941 regionis

2224 1970 2499 2023 consortes
2524 1962 2574 2015 in
2598 1961 2796 2030 palatio
2815 1961 2990 2015 locum
3020 1969 3204 2017 tenere
3241 1971 3647 2032 cognoscerent

2293 2048 2421 2102 Car.
2451 2049 2591 2104 XIX.
2621 2049 2715 2105 His
2742 2049 2815 2103 ita
2863 2049 3100 2104 breviter
3128 2050 3195 2105 de
3219 2050 3476 2121 eligendis
3504 2059 3566 2105 et
3590 2053 3811 2105 consti-

2223 2140 2436 2195 tuendis
2484 2140 2746 2194 ministris
2803 2139 3095 2208 praadictis,
3154 2155 3295 2195 nunc
3343 2140 3412 2194 ad
3464 2140 3794 2194 earumdem

2224 2229 2592 2284 ministrorum
2609 2236 2659 2282 et
2675 2227 3130 2282 ministrationum
3144 2225 3390 2282 ordinem
3414 2225 3649 2296 qualiter
3676 2241 3810 2280 cur-

2224 2318 2742 2374 rebantveniendum
2763 2326 2866 2373 est.
2883 2316 3015 2372 Nam
3031 2318 3279 2386 quamvis
3302 2316 3508 2387 praefati
3529 2318 3805 2378 ministri,

2223 2400 2587 2481 unusquisque
2616 2410 2685 2465 de
2712 2425 2811 2466 suo
2857 2410 3180 2476 ministerio,
3232 2425 3338 2465 non
3387 2412 3487 2465 sub
3537 2409 3672 2475 alio,
3716 2410 3806 2462 vel

2224 2517 2321 2573 per
2345 2502 2529 2567 alium,
2553 2494 2773 2570 nisi'per
2794 2500 3049 2569 seipsum,
3078 2500 3250 2560 solum
3281 2513 3481 2569 regem,
3513 2498 3599 2552 vel
3621 2512 3809 2566 quan—

2225 2600 2337 2645 tum
2377 2592 2443 2646 ad
2473 2591 2706 2662 reginam
2728 2589 2814 2644 vel
2861 2589 3149 2660 gloriosam
3188 2587 3394 2659 prolem
3440 2588 3585 2657 rcgis
3610 2586 3805 2656 nespio

2224 2681 2453 2745 ciebant,
2475 2688 2635 2749 caput
2659 2687 2921 2748 ponerent
2944 2696 2956 2731 :
2986 2692 3092 2732 non
3110 2686 3284 2733 tamen
3301 2692 3488 2733 omnes
3508 2675 3805 2745 aequaliter

2224 2768 2291 2823 de
2318 2769 2529 2823 caeteris
2554 2769 2736 2830 rebus,
2765 2767 2849 2822 vel
2893 2775 3207 2822 ceterorum
3250 2764 3663 2822 necessitatibus
3718 2780 3809 2820 re-

2223 2873 2343 2929 gem
2383 2859 2622 2922 adibant,
2667 2857 2761 2912 scd
2805 2869 3055 2911 mensura
3104 2870 3199 2910 sua
3240 2855 3466 2926 quisque
3499 2863 3804 2910 contentus

2223 2956 2362 3012 erat,
2388 2956 2442 3001 et
2466 2946 2555 3001 ubi
2575 2946 2658 3002 vel
2691 2946 2780 3001 ubi
2815 2946 2952 3000 ratio
2979 2946 3249 3015 poscebat,
3275 2945 3523 3000 solatium
3564 2944 3801 2999 alterius

2227 3038 2549 3108 requirebat.
2583 3038 2622 3092 E
2665 3037 2859 3107 quibus
2885 3037 3155 3106 praecipue
3192 3037 3317 3101 duo,
3369 3037 3425 3091 Id
3469 3047 3552 3091 est
3578 3039 3799 3105 apocri-

2225 3130 2437 3193 siarius,
2467 3129 2558 3199 qui
2584 3137 2808 3183 vocatur
2829 3127 2973 3198 apud
2999 3143 3099 3182 nos
3125 3128 3452 3198 capellanus,
3487 3127 3575 3180 vel
3606 3128 3797 3198 palatii

2223 3220 2423 3284 c‘ustos,
2453 3219 2518 3273 de
2537 3218 2787 3273 omnibus
2832 3217 3060 3287 negotiis
3086 3215 3461 3273 ecclesiasticis
3506 3216 3594 3271 vel
3635 3218 3799 3270 mini-

2223 3310 2350 3365 stris
2378 3308 2643 3374 ecclesias,
2672 3316 2729 3363 et
2754 3323 2935 3363 comes
2976 3306 3158 3378 palatii
3194 3307 3260 3363 de
3288 3308 3543 3362 omnibus
3566 3307 3797 3361 saecula—

2223 3399 2371 3453 ribus
2387 3398 2588 3462 causis,
2614 3397 2697 3451 vel
2716 3396 2933 3466 judiciis
2954 3397 3277 3466 suscipiendi
3300 3412 3488 3452 curam
3512 3398 3786 3451 instanter

2222 3488 2525 3543 habebant:
2555 3495 2740 3541 utnec
2764 3485 3138 3550 ecclesiastici,
3166 3499 3269 3540 nec
3296 3484 3610 3549 saeculares,
3632 3488 3783 3555 prius

2221 3580 2474 3634 domuum
2507 3592 2709 3648 regem,
2743 3576 2945 3646 absque
2968 3589 3152 3631 eorum
3197 3574 3446 3630 consultu
3477 3558 3787 3645 inquietare

2221 3684 2442 3725 necesse
2507 3670 2789 3734 haberent,
2857 3682 3136 3736 quousque
3194 3665 3271 3721 illi
3319 3665 3706 3737 praeviderent,
3741 3660 3785 3707 δε

2221 3757 2517 3813 necessitas
2552 3765 2697 3812 esset
2724 3764 2783 3810 ut
2808 3770 2970 3811 causa
3019 3764 3145 3810 ante
3173 3769 3354 3825 regem
3383 3754 3585 3809 merito
3608 3753 3797 3808 venire

2221 3842 2460 3902 deberet.
2510 3846 2570 3901 Si
2626 3860 2755 3900 vero
2802 3854 3013 3900 secreta
3072 3852 3215 3900 esset
3246 3858 3432 3908 causa,
3463 3858 3629 3914 quam
3649 3842 3798 3911 prius

2221 3944 2542 4005 congrueret
2606 3934 2721 4005 regi
2791 3949 2953 4004 quam
3011 3933 3260 4001 cuiquam
3336 3931 3497 3987 alteri
3574 3931 3793 3991 dicere,

2218 4033 2464 4088 eumdem
2483 4031 2692 4086 dicendi
2740 4030 2916 4086 locum
2941 4029 3116 4084 eidem
3143 4028 3245 4097 ipsi
3281 4038 3680 4098 praepararent,
3710 4026 3789 4080 in-

2220 4127 2466 4179 troducto
2493 4124 2641 4193 prius
2688 4137 2835 4193 rege,
2859 4130 2919 4174 ut
2942 4120 3216 4190 boejuxta
3263 4118 3485 4173 modum
3529 4133 3796 4189 personae.

2218 4213 2300 4266 vel
2332 4213 2741 4278 honorabiliter,
2792 4210 2875 4266 vel
2900 4210 3190 4281 patienter,
3239 4208 3327 4265 vel
3367 4209 3540 4264 etiam
3589 4208 3798 4263 miseri-

2217 4305 2456 4360 corditer
2485 4305 2800 4375 susciperet.

546 4400 905 4454 camerarium
943 4397 1212 4457 videlicet,
1243 4402 1298 4447 et
1318 4395 1567 4448 comitem
1598 4395 1798 4464 palatii,
1844 4397 2112 4451 senescal-
2141 4437 2195 4498 Β
2288 4392 2416 4449 CAP.
2446 4392 2561 4448 XX.
2615 4393 3012 4463 Apoerisiarius
3056 4391 3271 4463 quidem
3318 4390 3387 4447 de
3432 4390 3589 4445 omni
3623 4388 3795 4445 eccle-

546 4501 692 4550 eum,
714 4484 1116 4547 buticularium,
1147 4484 1395 4537 comitem
1424 4484 2111 4554 stabuli,mansionarinm,

547 4584 832 4630 venatores
861 4571 1186 4643 principales
1204 4581 1453 4641 quatuor,
1483 4572 1834 4630 falconarium
1858 4592 2039 4631 unum.

618 4661 747 4717 Car.
780 4660 946 4717 XVII.
1000 4661 1066 4716 Et
1106 4662 1353 4731 quamvis
1389 4664 1487 4717 sub
1526 4665 1679 4734 ipsis,
1720 4674 1776 4719 et
1819 4680 1889 4719 ex
1946 4667 2114 4723 latere

546 4767 759 4819 eorum,
791 4751 883 4806 alii
913 4751 1292 4806 ministeriales
1319 4750 1566 4819 fuissent,
1605 4763 1663 4808 ut
1702 4755 1976 4821 ostiarius,
2026 4772 2115 4813 sa-

544 4841 817 4907 eellarius,
838 4842 1196 4913 dispensator,
1212 4843 1554 4912 seapoardus,
1575 4844 1658 4898 vel
1671 4859 2114 4917 quorumeunque

542 4948 613 4989 ex
662 4934 742 4989 eis
783 4934 1050 5004 juniores,
1095 4941 1190 4988 aut
1225 4934 1411 4989 decani
1438 4935 1685 4999 fuissent,
1719 4937 1802 4991 vel
1827 4938 1988 4993 etiam
2020 4938 2109 4993 alii

541 5036 611 5078 ex
646 5021 836 5088 latere,
871 5022 1011 5077 sicut
1033 5021 1282 5087 bersarii,
1312 5022 1575 5089 veltrarii,
1614 5025 1912 5088 beverarii,
1945 5026 2029 5081 vel
2064 5025 2110 5080 si

542 5116 635 5184 qui
660 5116 835 5170 adhuc
856 5125 1174 5185 supererant
1198 5132 1212 5168 :
1238 5122 1637 5179 verumtamen,
1665 5117 1910 5183 quamvis
1935 5125 1989 5172 et
2012 5118 2113 5186 ipsi

541 5204 736 5273 singuli
756 5204 908 5275 juxta
933 5219 1085 5260 suam
1105 5204 1416 5273 qualitatem
1444 5203 1512 5257 ad
1539 5203 1643 5258 hoc
1673 5204 1866 5260 intenti
1904 5214 2111 5273 essent,

539 5304 649 5346 non
691 5299 868 5345 tamen
901 5291 969 5346 ad
1012 5306 1130 5356 eos,
1183 5291 1325 5346 sicut
1367 5290 1434 5345 ad
1463 5299 1689 5347 caeteros
1714 5293 2107 5362 principaliter,

539 5387 601 5435 ut
635 5381 822 5436 subter
866 5381 1126 5436 insertum
1164 5390 1268 5447 est,
1318 5382 1483 5437 totius
1536 5381 1688 5452 regni
1723 5381 2112 5440 confoederatio

540 5468 597 5524 in
665 5469 962 5541 majoribus
1013 5470 1099 5526 vel
1159 5472 1478 5538 minoribus,
1536 5472 1762 5545 singulis
1808 5474 2114 5545 quibusque

540 5561 867 5627 quotidianis
920 5563 1331 5619 necessitatibus
1376 5568 1809 5634 occurrentibus,
1856 5583 1977 5623 eum
2019 5585 2113 5639 pa-

539 5644 670 5703 latio
733 5649 1256 5721 conglutinabantur.
1319 5653 1427 5710 Sed
1492 5670 1592 5712 nec
1648 5655 1750 5727 ipsi
1801 5659 2111 5729 superiores

2219 4486 2436 4541 siastica
2467 4487 2725 4557 religione
2748 4486 2830 4542 vel
2856 4488 3071 4551 ordine,
3101 4500 3311 4540 necnon
3339 4484 3509 4539 etiam
3548 4484 3617 4539 de
3636 4497 3797 4537 cano-

2220 4577 2355 4631 nieae
2411 4577 2497 4632 vel
2546 4578 2857 4633 monasticae
2903 4577 3271 4642 altercatione,
3322 4591 3416 4631 seu
3460 4589 3797 4646 quaecunque

2216 4660 2471 4737 palatium
2529 4666 2746 4722 adibant
2782 4680 2882 4735 pro
2941 4664 3327 4720 ecclesiasticis
3372 4662 3794 4719 necessitatibus

2215 4757 2624 4812 sollicitudinem
2663 4756 2907 4820 haberet,
2934 4763 2990 4810 et
3019 4769 3080 4812 ea
3113 4756 3487 4810 tantummodo
3519 4755 3589 4810 de
3612 4764 3791 4811 exter-

2214 4848 2299 4902 nis
2325 4862 2504 4917 regem
2533 4847 2764 4913 adirent,
2798 4862 2919 4917 quae
2945 4847 3064 4903 sine
3088 4847 3177 4902 illo
3198 4848 3409 4918 plenius
3437 4847 3662 4903 deliniri
3690 4864 3791 4903 non

2215 4940 2531 5009 potuissent.
2556 4937 2844 5003 Caeterum,
2875 4946 3064 4992 utnon
3111 4938 3284 4993 solum
3328 4938 3397 4992 de
3447 4938 3537 4992 bis
3564 4953 3687 5007 qua:
3726 4936 3791 4991 ad

2216 5044 2311 5084 eos
2349 5029 2651 5098 specialiter
2678 5029 2744 5083 de
2772 5029 2920 5082 omni
2964 5036 3283 5083 ornamento
3303 5026 3390 5082 vel
3419 5025 3601 5082 oﬂieio
3623 5026 3790 5081 cede-

2218 5119 2440 5174 siastico
2480 5116 2618 5173 infra
2660 5117 2914 5187 palatium
2940 5118 3146 5187 agenda
3174 5118 3554 5187 pertinebant,
3604 5131 3787 5173 verum

2219 5224 2434 5280 quoque
2479 5216 2533 5264 et
2584 5222 2798 5263 omnem
2846 5208 3269 5263 consolationem
3309 5208 3637 5279 spiritalem,
3679 5209 3787 5263 sive

2219 5298 2502 5354 consilium
2521 5298 2682 5353 totius
2696 5297 2877 5367 palatii
2894 5299 3198 5368 quicunque
3211 5308 3503 5371 quaereret,
3518 5299 3781 5371 apudeum

2213 5394 2276 5441 ut
2306 5401 2527 5441 necesse
2548 5395 2665 5439 erat
2684 5384 2913 5441 fideliter
2943 5387 3211 5442 inveniret
3237 5406 3254 5445 :
3277 5396 3334 5445 et
3363 5389 3461 5459 qui
3507 5404 3616 5444 non
3640 5403 3777 5457 qua:-

2216 5485 2363 5530 reret
2413 5483 2469 5529 et
2516 5483 2698 5529 tamen
2746 5475 2863 5544 ipse
2912 5476 3056 5545 apud
3121 5476 3355 5546 aliquem
3420 5477 3777 5532 necessariam

2216 5580 2336 5621 esse
2357 5566 2602 5635 sentiret,
2615 5563 2767 5633 juxta
2782 5580 3025 5637 persona:
3052 5567 3389 5636 qualitatem,
3404 5576 3461 5623 et
3481 5583 3514 5621 a
3534 5578 3775 5638 perverso

2218 5671 2381 5714 sensu
2400 5658 2485 5714 vel
2514 5671 2678 5728 opere
2717 5650 3019 5724 retrahere,
3047 5666 3103 5713 et
3150 5658 3217 5714 ad
3263 5660 3410 5716 viam
3437 5660 3625 5715 salutis
3651 5671 3768 5712 con-
