  <div class='ocr_page' id='page_1' title='image "/cluster/home/n/w/nwhite01/storage/ocr_20150623/125/hvd.32044015471667/506.png"; bbox 0 0 4010 6330; ppageno 0'>
   <div class='ocr_carea' id='block_1_1' title="bbox 191 406 329 463">
    <p class='ocr_par' dir='ltr' id='par_1_1' title="bbox 191 406 329 463">
     <span class='ocr_line' id='line_1_1' title="bbox 191 406 329 463; baseline -0.022 0"><span class='ocrx_word' id='word_1_1' title='bbox 191 406 329 463; x_wconf 78' lang='grc'><strong>1001</strong></span> 
     </span>
    </p>
   </div>
   <div class='ocr_carea' id='block_1_2' title="bbox 978 390 2678 462">
    <p class='ocr_par' dir='ltr' id='par_1_2' title="bbox 978 390 2678 462">
     <span class='ocr_line' id='line_1_2' title="bbox 978 390 2678 462; baseline 0.002 -6"><span class='ocrx_word' id='word_1_2' title='bbox 978 401 1071 456; x_wconf 83' lang='lat' dir='ltr'><strong>AD</strong></span> <span class='ocrx_word' id='word_1_3' title='bbox 1109 397 1473 458; x_wconf 61' lang='lat' dir='ltr'><strong>euocans</strong></span> <span class='ocrx_word' id='word_1_4' title='bbox 1493 391 1599 456; x_wconf 88' lang='lat' dir='ltr'><strong>&#39;DE</strong></span> <span class='ocrx_word' id='word_1_5' title='bbox 1637 390 2127 457; x_wconf 70' lang='lat' dir='ltr'><strong>INS&#39;I‘I&#39;I‘UTIONE-</strong></span> <span class='ocrx_word' id='word_1_6' title='bbox 2159 390 2678 462; x_wconf 66' lang='lat' dir='ltr'><strong>CAROLOMANNI.</strong></span> 
     </span>
    </p>
   </div>
   <div class='ocr_carea' id='block_1_3' title="bbox 3329 415 3468 472">
    <p class='ocr_par' dir='ltr' id='par_1_3' title="bbox 3329 415 3468 472">
     <span class='ocr_line' id='line_1_3' title="bbox 3329 415 3468 472; baseline 0.022 -3"><span class='ocrx_word' id='word_1_7' title='bbox 3329 415 3468 472; x_wconf 68' lang='lat' dir='ltr'><strong>I003</strong></span> 
     </span>
    </p>
   </div>
   <div class='ocr_carea' id='block_1_4' title="bbox 185 514 3468 598">
    <p class='ocr_par' dir='ltr' id='par_1_4' title="bbox 185 514 3468 598">
     <span class='ocr_line' id='line_1_4' title="bbox 185 514 3468 598; baseline 0.004 -24"><span class='ocrx_word' id='word_1_8' title='bbox 185 529 404 576; x_wconf 79' lang='lat' dir='ltr'><strong>vertere</strong></span> <span class='ocrx_word' id='word_1_9' title='bbox 432 518 690 574; x_wconf 78' lang='lat' dir='ltr'><strong>studeret.</strong></span> <span class='ocrx_word' id='word_1_10' title='bbox 737 514 803 570; x_wconf 88' lang='lat' dir='ltr'><strong>Et</strong></span> <span class='ocrx_word' id='word_1_11' title='bbox 838 515 1389 586; x_wconf 73' lang='lat' dir='ltr'><strong>caetera&#39;spiritualia,</strong></span> <span class='ocrx_word' id='word_1_12' title='bbox 1434 528 1771 586; x_wconf 74' lang='lat' dir='ltr'><strong>quaecunque</strong></span> <span class='ocrx_word' id='word_1_13' title='bbox 1802 515 1855 576; x_wconf 80' lang='grc' dir='ltr'><strong>Α</strong></span> <span class='ocrx_word' id='word_1_14' title='bbox 1878 515 2203 586; x_wconf 76' lang='lat' dir='ltr'><strong>exigeretur,</strong></span> <span class='ocrx_word' id='word_1_15' title='bbox 2231 517 2434 576; x_wconf 80' lang='lat' dir='ltr'><strong>familia</strong></span> <span class='ocrx_word' id='word_1_16' title='bbox 2461 522 2657 594; x_wconf 79' lang='lat' dir='ltr'><strong>regalis</strong></span> <span class='ocrx_word' id='word_1_17' title='bbox 2684 537 2784 595; x_wconf 91' lang='lat' dir='ltr'><strong>per</strong></span> <span class='ocrx_word' id='word_1_18' title='bbox 2809 523 3191 598; x_wconf 74' lang='lat' dir='ltr'><strong>negligentiam</strong></span> <span class='ocrx_word' id='word_1_19' title='bbox 3226 531 3343 587; x_wconf 82' lang='lat' dir='ltr'><strong>sine</strong></span> <span class='ocrx_word' id='word_1_20' title='bbox 3370 550 3468 589; x_wconf 90' lang='lat' dir='ltr'><strong>ne-</strong></span> 
     </span>
    </p>
   </div>
   <div class='ocr_carea' id='block_1_5' title="bbox 181 607 1776 685">
    <p class='ocr_par' dir='ltr' id='par_1_5' title="bbox 181 607 1776 685">
     <span class='ocr_line' id='line_1_5' title="bbox 181 607 1776 685; baseline -0.003 -17"><span class='ocrx_word' id='word_1_21' title='bbox 181 612 409 685; x_wconf 88' lang='lat' dir='ltr'><strong>palatio,</strong></span> <span class='ocrx_word' id='word_1_22' title='bbox 437 620 546 667; x_wconf 89' lang='lat' dir='ltr'><strong>tam</strong></span> <span class='ocrx_word' id='word_1_23' title='bbox 571 607 640 665; x_wconf 88' lang='lat' dir='ltr'><strong>ab</strong></span> <span class='ocrx_word' id='word_1_24' title='bbox 668 609 880 665; x_wconf 84' lang='lat' dir='ltr'><strong>assidue</strong></span> <span class='ocrx_word' id='word_1_25' title='bbox 903 610 1373 674; x_wconf 81' lang='lat' dir='ltr'><strong>conversantibus,</strong></span> <span class='ocrx_word' id='word_1_26' title='bbox 1417 622 1692 679; x_wconf 88' lang='lat' dir='ltr'><strong>quamque</strong></span> <span class='ocrx_word' id='word_1_27' title='bbox 1721 617 1776 664; x_wconf 90' lang='lat' dir='ltr'><strong>et</strong></span> 
     </span>
    </p>
   </div>
   <div class='ocr_carea' id='block_1_6' title="bbox 181 700 1780 776">
    <p class='ocr_par' dir='ltr' id='par_1_6' title="bbox 181 700 1780 776">
     <span class='ocr_line' id='line_1_6' title="bbox 181 700 1780 776; baseline -0.003 -16"><span class='ocrx_word' id='word_1_28' title='bbox 181 721 215 760; x_wconf 89' lang='lat' dir='ltr'><strong>a</strong></span> <span class='ocrx_word' id='word_1_29' title='bbox 247 701 776 776; x_wconf 82' lang='lat' dir='ltr'><strong>supervenientibus,</strong></span> <span class='ocrx_word' id='word_1_30' title='bbox 823 701 941 758; x_wconf 87' lang='lat' dir='ltr'><strong>sive</strong></span> <span class='ocrx_word' id='word_1_31' title='bbox 989 702 1284 757; x_wconf 89' lang='lat' dir='ltr'><strong>secundum</strong></span> <span class='ocrx_word' id='word_1_32' title='bbox 1325 701 1519 766; x_wconf 88' lang='lat' dir='ltr'><strong>Deum,</strong></span> <span class='ocrx_word' id='word_1_33' title='bbox 1549 700 1664 755; x_wconf 93' lang='lat' dir='ltr'><strong>sive</strong></span> <span class='ocrx_word' id='word_1_34' title='bbox 1695 714 1780 756; x_wconf 88' lang='lat' dir='ltr'><strong>se-</strong></span> 
     </span>
    </p>
   </div>
   <div class='ocr_carea' id='block_1_7' title="bbox 180 791 1782 864">
    <p class='ocr_par' dir='ltr' id='par_1_7' title="bbox 180 791 1782 864">
     <span class='ocr_line' id='line_1_7' title="bbox 180 791 1782 864; baseline -0.005 -11"><span class='ocrx_word' id='word_1_35' title='bbox 180 797 425 854; x_wconf 88' lang='lat' dir='ltr'><strong>cundum</strong></span> <span class='ocrx_word' id='word_1_36' title='bbox 453 793 733 860; x_wconf 62' lang='lat' dir='ltr'><strong>saaculum,</strong></span> <span class='ocrx_word' id='word_1_37' title='bbox 747 801 810 848; x_wconf 89' lang='lat' dir='ltr'><strong>ut</strong></span> <span class='ocrx_word' id='word_1_38' title='bbox 835 792 1255 864; x_wconf 87' lang='lat' dir='ltr'><strong>providerentur</strong></span> <span class='ocrx_word' id='word_1_39' title='bbox 1274 801 1332 848; x_wconf 90' lang='lat' dir='ltr'><strong>et</strong></span> <span class='ocrx_word' id='word_1_40' title='bbox 1349 791 1782 862; x_wconf 66' lang='lat' dir='ltr'><strong>praeviderentur</strong></span> 
     </span>
    </p>
   </div>
   <div class='ocr_carea' id='block_1_8' title="bbox 178 882 1780 957">
    <p class='ocr_par' dir='ltr' id='par_1_8' title="bbox 178 882 1780 957">
     <span class='ocr_line' id='line_1_8' title="bbox 178 882 1780 957; baseline -0.006 -12"><span class='ocrx_word' id='word_1_41' title='bbox 178 899 343 946; x_wconf 89' lang='lat' dir='ltr'><strong>erant</strong></span> <span class='ocrx_word' id='word_1_42' title='bbox 381 886 709 952; x_wconf 82' lang='lat' dir='ltr'><strong>necessaria,</strong></span> <span class='ocrx_word' id='word_1_43' title='bbox 757 901 879 957; x_wconf 65' lang='lat' dir='ltr'><strong>quae</strong></span> <span class='ocrx_word' id='word_1_44' title='bbox 933 899 1259 942; x_wconf 85' lang='lat' dir='ltr'><strong>enumerare</strong></span> <span class='ocrx_word' id='word_1_45' title='bbox 1301 884 1522 956; x_wconf 84' lang='lat' dir='ltr'><strong>longum</strong></span> <span class='ocrx_word' id='word_1_46' title='bbox 1563 891 1668 950; x_wconf 91' lang='lat' dir='ltr'><strong>est,</strong></span> <span class='ocrx_word' id='word_1_47' title='bbox 1711 882 1780 937; x_wconf 91' lang='lat' dir='ltr'><strong>ad</strong></span> 
     </span>
    </p>
   </div>
   <div class='ocr_carea' id='block_1_9' title="bbox 178 975 1780 1053">
    <p class='ocr_par' dir='ltr' id='par_1_9' title="bbox 178 975 1780 1053">
     <span class='ocr_line' id='line_1_9' title="bbox 178 975 1780 1053; baseline -0.004 -15"><span class='ocrx_word' id='word_1_48' title='bbox 178 983 302 1053; x_wconf 89' lang='lat' dir='ltr'><strong>ejus</strong></span> <span class='ocrx_word' id='word_1_49' title='bbox 326 980 632 1052; x_wconf 86' lang='lat' dir='ltr'><strong>specialiter</strong></span> <span class='ocrx_word' id='word_1_50' title='bbox 653 995 843 1035; x_wconf 89' lang='lat' dir='ltr'><strong>curam</strong></span> <span class='ocrx_word' id='word_1_51' title='bbox 869 979 1236 1049; x_wconf 86' lang='lat' dir='ltr'><strong>pertinebant.</strong></span> <span class='ocrx_word' id='word_1_52' title='bbox 1259 975 1377 1032; x_wconf 87' lang='lat' dir='ltr'><strong>Non</strong></span> <span class='ocrx_word' id='word_1_53' title='bbox 1406 977 1505 1043; x_wconf 91' lang='lat' dir='ltr'><strong>ita,</strong></span> <span class='ocrx_word' id='word_1_54' title='bbox 1524 985 1583 1031; x_wconf 92' lang='lat' dir='ltr'><strong>ut</strong></span> <span class='ocrx_word' id='word_1_55' title='bbox 1620 975 1780 1032; x_wconf 85' lang='lat' dir='ltr'><strong>aliter</strong></span> 
     </span>
    </p>
   </div>
   <div class='ocr_carea' id='block_1_10' title="bbox 176 1065 1776 1142">
    <p class='ocr_par' dir='ltr' id='par_1_10' title="bbox 176 1065 1776 1142">
     <span class='ocr_line' id='line_1_10' title="bbox 176 1065 1776 1142; baseline -0.004 -14"><span class='ocrx_word' id='word_1_56' title='bbox 176 1073 347 1138; x_wconf 89' lang='lat' dir='ltr'><strong>ullus,</strong></span> <span class='ocrx_word' id='word_1_57' title='bbox 378 1073 492 1129; x_wconf 91' lang='lat' dir='ltr'><strong>sive</strong></span> <span class='ocrx_word' id='word_1_58' title='bbox 533 1070 830 1142; x_wconf 81' lang='lat' dir='ltr'><strong>palatinos,</strong></span> <span class='ocrx_word' id='word_1_59' title='bbox 885 1068 1001 1124; x_wconf 82' lang='lat' dir='ltr'><strong>sive</strong></span> <span class='ocrx_word' id='word_1_60' title='bbox 1051 1077 1313 1124; x_wconf 88' lang='lat' dir='ltr'><strong>externus</strong></span> <span class='ocrx_word' id='word_1_61' title='bbox 1361 1065 1776 1137; x_wconf 82' lang='lat' dir='ltr'><strong>superveniens,</strong></span> 
     </span>
    </p>
   </div>
   <div class='ocr_carea' id='block_1_11' title="bbox 176 1156 1780 1236">
    <p class='ocr_par' dir='ltr' id='par_1_11' title="bbox 176 1156 1780 1236">
     <span class='ocr_line' id='line_1_11' title="bbox 176 1156 1780 1236; baseline -0.004 -18"><span class='ocrx_word' id='word_1_62' title='bbox 176 1162 451 1234; x_wconf 82' lang='lat' dir='ltr'><strong>sapientia</strong></span> <span class='ocrx_word' id='word_1_63' title='bbox 476 1170 532 1217; x_wconf 90' lang='lat' dir='ltr'><strong>et</strong></span> <span class='ocrx_word' id='word_1_64' title='bbox 552 1176 678 1236; x_wconf 86' lang='lat' dir='ltr'><strong>vera</strong></span> <span class='ocrx_word' id='word_1_65' title='bbox 709 1159 1001 1216; x_wconf 91' lang='lat' dir='ltr'><strong>devotione</strong></span> <span class='ocrx_word' id='word_1_66' title='bbox 1041 1174 1142 1231; x_wconf 87' lang='lat' dir='ltr'><strong>per</strong></span> <span class='ocrx_word' id='word_1_67' title='bbox 1187 1159 1283 1214; x_wconf 90' lang='lat' dir='ltr'><strong>Dei</strong></span> <span class='ocrx_word' id='word_1_68' title='bbox 1320 1157 1554 1232; x_wconf 80' lang='lat' dir='ltr'><strong>gratiam</strong></span> <span class='ocrx_word' id='word_1_69' title='bbox 1579 1156 1780 1213; x_wconf 90' lang='lat' dir='ltr'><strong>illumi-</strong></span> 
     </span>
    </p>
   </div>
   <div class='ocr_carea' id='block_1_12' title="bbox 175 1250 1780 1325">
    <p class='ocr_par' dir='ltr' id='par_1_12' title="bbox 175 1250 1780 1325">
     <span class='ocr_line' id='line_1_12' title="bbox 175 1250 1780 1325; baseline -0.002 -15"><span class='ocrx_word' id='word_1_70' title='bbox 175 1265 368 1321; x_wconf 87' lang='lat' dir='ltr'><strong>natus,</strong></span> <span class='ocrx_word' id='word_1_71' title='bbox 429 1254 536 1309; x_wconf 90' lang='lat' dir='ltr'><strong>tale</strong></span> <span class='ocrx_word' id='word_1_72' title='bbox 589 1253 795 1325; x_wconf 90' lang='lat' dir='ltr'><strong>aliquid</strong></span> <span class='ocrx_word' id='word_1_73' title='bbox 853 1253 1081 1308; x_wconf 89' lang='lat' dir='ltr'><strong>minime</strong></span> <span class='ocrx_word' id='word_1_74' title='bbox 1117 1260 1342 1323; x_wconf 79' lang='lat' dir='ltr'><strong>ageret;</strong></span> <span class='ocrx_word' id='word_1_75' title='bbox 1395 1251 1490 1308; x_wconf 89' lang='lat' dir='ltr'><strong>sed</strong></span> <span class='ocrx_word' id='word_1_76' title='bbox 1540 1250 1780 1307; x_wconf 82' lang='lat' dir='ltr'><strong>maxime</strong></span> 
     </span>
    </p>
   </div>
   <div class='ocr_carea' id='block_1_13' title="bbox 175 1342 1781 1414">
    <p class='ocr_par' dir='ltr' id='par_1_13' title="bbox 175 1342 1781 1414">
     <span class='ocr_line' id='line_1_13' title="bbox 175 1342 1781 1414; baseline -0.002 -12"><span class='ocrx_word' id='word_1_77' title='bbox 175 1345 533 1403; x_wconf 89' lang='lat' dir='ltr'><strong>consuetudo&#39;</strong></span> <span class='ocrx_word' id='word_1_78' title='bbox 561 1353 702 1410; x_wconf 89' lang='lat' dir='ltr'><strong>erat,</strong></span> <span class='ocrx_word' id='word_1_79' title='bbox 753 1353 814 1400; x_wconf 90' lang='lat' dir='ltr'><strong>ut</strong></span> <span class='ocrx_word' id='word_1_80' title='bbox 867 1351 962 1399; x_wconf 92' lang='lat' dir='ltr'><strong>aut</strong></span> <span class='ocrx_word' id='word_1_81' title='bbox 1004 1358 1126 1400; x_wconf 89' lang='lat' dir='ltr'><strong>cum</strong></span> <span class='ocrx_word' id='word_1_82' title='bbox 1185 1344 1373 1400; x_wconf 86' lang='lat' dir='ltr'><strong>eodem</strong></span> <span class='ocrx_word' id='word_1_83' title='bbox 1421 1342 1781 1414; x_wconf 88' lang='lat' dir='ltr'><strong>apocrisiario</strong></span> 
     </span>
    </p>
   </div>
   <div class='ocr_carea' id='block_1_14' title="bbox 175 1433 1779 1513">
    <p class='ocr_par' dir='ltr' id='par_1_14' title="bbox 175 1433 1779 1513">
     <span class='ocr_line' id='line_1_14' title="bbox 175 1433 1779 1513; baseline -0.002 -22"><span class='ocrx_word' id='word_1_84' title='bbox 175 1438 408 1513; x_wconf 45' lang='lat' dir='ltr'><strong>pariter,</strong></span> <span class='ocrx_word' id='word_1_85' title='bbox 469 1443 563 1490; x_wconf 88' lang='lat' dir='ltr'><strong>aut</strong></span> <span class='ocrx_word' id='word_1_86' title='bbox 613 1443 764 1491; x_wconf 91' lang='lat' dir='ltr'><strong>certe</strong></span> <span class='ocrx_word' id='word_1_87' title='bbox 816 1449 916 1505; x_wconf 85' lang='lat' dir='ltr'><strong>per</strong></span> <span class='ocrx_word' id='word_1_88' title='bbox 973 1433 1091 1505; x_wconf 85' lang='lat' dir='ltr'><strong>ejus</strong></span> <span class='ocrx_word' id='word_1_89' title='bbox 1125 1433 1414 1490; x_wconf 91' lang='lat' dir='ltr'><strong>consilium</strong></span> <span class='ocrx_word' id='word_1_90' title='bbox 1468 1433 1614 1505; x_wconf 90' lang='lat' dir='ltr'><strong>quod</strong></span> <span class='ocrx_word' id='word_1_91' title='bbox 1659 1442 1779 1488; x_wconf 90' lang='lat' dir='ltr'><strong>erat</strong></span> 
     </span>
    </p>
   </div>
   <div class='ocr_carea' id='block_1_15' title="bbox 174 1526 1780 1604">
    <p class='ocr_par' dir='ltr' id='par_1_15' title="bbox 174 1526 1780 1604">
     <span class='ocr_line' id='line_1_15' title="bbox 174 1526 1780 1604; baseline -0.003 -17"><span class='ocrx_word' id='word_1_92' title='bbox 174 1532 446 1604; x_wconf 86' lang='lat' dir='ltr'><strong>agendum</strong></span> <span class='ocrx_word' id='word_1_93' title='bbox 475 1538 680 1602; x_wconf 81' lang='lat' dir='ltr'><strong>ageret,</strong></span> <span class='ocrx_word' id='word_1_94' title='bbox 719 1544 788 1584; x_wconf 93' lang='lat' dir='ltr'><strong>ne</strong></span> <span class='ocrx_word' id='word_1_95' title='bbox 819 1529 958 1585; x_wconf 92' lang='lat' dir='ltr'><strong>forte</strong></span> <span class='ocrx_word' id='word_1_96' title='bbox 987 1528 1115 1598; x_wconf 90' lang='lat' dir='ltr'><strong>quid</strong></span> <span class='ocrx_word' id='word_1_97' title='bbox 1153 1529 1335 1584; x_wconf 92' lang='lat' dir='ltr'><strong>minus</strong></span> <span class='ocrx_word' id='word_1_98' title='bbox 1361 1526 1496 1583; x_wconf 87' lang='lat' dir='ltr'><strong>utile</strong></span> <span class='ocrx_word' id='word_1_99' title='bbox 1520 1537 1615 1584; x_wconf 88' lang='lat' dir='ltr'><strong>aut</strong></span> <span class='ocrx_word' id='word_1_100' title='bbox 1638 1527 1780 1584; x_wconf 90' lang='lat' dir='ltr'><strong>indi-</strong></span> 
     </span>
    </p>
   </div>
   <div class='ocr_carea' id='block_1_16' title="bbox 175 1617 1296 1697">
    <p class='ocr_par' dir='ltr' id='par_1_16' title="bbox 175 1617 1296 1697">
     <span class='ocr_line' id='line_1_16' title="bbox 175 1617 1296 1697; baseline -0.006 -15"><span class='ocrx_word' id='word_1_101' title='bbox 175 1642 346 1697; x_wconf 89' lang='lat' dir='ltr'><strong>gnum</strong></span> <span class='ocrx_word' id='word_1_102' title='bbox 380 1627 494 1697; x_wconf 90' lang='lat' dir='ltr'><strong>regi</strong></span> <span class='ocrx_word' id='word_1_103' title='bbox 517 1625 844 1695; x_wconf 87' lang='lat' dir='ltr'><strong>subriperet.</strong></span> <span class='ocrx_word' id='word_1_104' title='bbox 1287 1617 1296 1624; x_wconf 78' lang='grc'><strong>’</strong></span> 
     </span>
    </p>
   </div>
   <div class='ocr_carea' id='block_1_17' title="bbox 247 1715 1777 1786">
    <p class='ocr_par' dir='ltr' id='par_1_17' title="bbox 247 1715 1777 1786">
     <span class='ocr_line' id='line_1_17' title="bbox 247 1715 1777 1786; baseline -0.003 -11"><span class='ocrx_word' id='word_1_105' title='bbox 247 1719 382 1775; x_wconf 61' lang='lat' dir='ltr'><strong>Car.</strong></span> <span class='ocrx_word' id='word_1_106' title='bbox 428 1715 571 1773; x_wconf 89' lang='lat' dir='ltr'><strong>XXI.</strong></span> <span class='ocrx_word' id='word_1_107' title='bbox 605 1716 832 1773; x_wconf 84' lang='lat' dir='ltr'><strong>Comitis</strong></span> <span class='ocrx_word' id='word_1_108' title='bbox 875 1725 1057 1772; x_wconf 89' lang='lat' dir='ltr'><strong>autem</strong></span> <span class='ocrx_word' id='word_1_109' title='bbox 1105 1715 1312 1786; x_wconf 85' lang='lat' dir='ltr'><strong>palatii,</strong></span> <span class='ocrx_word' id='word_1_110' title='bbox 1375 1715 1524 1771; x_wconf 90' lang='lat' dir='ltr'><strong>inter</strong></span> <span class='ocrx_word' id='word_1_111' title='bbox 1577 1723 1777 1772; x_wconf 58' lang='lat' dir='ltr'><strong>cetera</strong></span> 
     </span>
    </p>
   </div>
   <div class='ocr_carea' id='block_1_18' title="bbox 175 1795 1772 1882">
    <p class='ocr_par' dir='ltr' id='par_1_18' title="bbox 175 1795 1772 1882">
     <span class='ocr_line' id='line_1_18' title="bbox 175 1795 1772 1882; baseline -0.002 -16"><span class='ocrx_word' id='word_1_112' title='bbox 175 1827 320 1882; x_wconf 88' lang='lat' dir='ltr'><strong>pene</strong></span> <span class='ocrx_word' id='word_1_113' title='bbox 345 1811 784 1876; x_wconf 88' lang='lat' dir='ltr'><strong>innumerabilia,</strong></span> <span class='ocrx_word' id='word_1_114' title='bbox 813 1811 868 1866; x_wconf 91' lang='lat' dir='ltr'><strong>in</strong></span> <span class='ocrx_word' id='word_1_115' title='bbox 894 1811 999 1865; x_wconf 89' lang='lat' dir='ltr'><strong>hoc</strong></span> <span class='ocrx_word' id='word_1_116' title='bbox 1027 1795 1265 1866; x_wconf 79' lang='lat' dir='ltr'><strong>maxime</strong></span> <span class='ocrx_word' id='word_1_117' title='bbox 1305 1810 1611 1867; x_wconf 91' lang='lat' dir='ltr'><strong>sollicitudo</strong></span> <span class='ocrx_word' id='word_1_118' title='bbox 1633 1819 1772 1877; x_wconf 87' lang='lat' dir='ltr'><strong>erat,</strong></span> 
     </span>
    </p>
   </div>
   <div class='ocr_carea' id='block_1_19' title="bbox 177 1905 1776 1979">
    <p class='ocr_par' dir='ltr' id='par_1_19' title="bbox 177 1905 1776 1979">
     <span class='ocr_line' id='line_1_19' title="bbox 177 1905 1776 1979; baseline 0.003 -21"><span class='ocrx_word' id='word_1_119' title='bbox 177 1914 239 1959; x_wconf 91' lang='lat' dir='ltr'><strong>ut</strong></span> <span class='ocrx_word' id='word_1_120' title='bbox 252 1920 444 1960; x_wconf 86' lang='lat' dir='ltr'><strong>omnes</strong></span> <span class='ocrx_word' id='word_1_121' title='bbox 469 1905 844 1960; x_wconf 85' lang='lat' dir='ltr'><strong>contentiones</strong></span> <span class='ocrx_word' id='word_1_122' title='bbox 863 1905 1092 1977; x_wconf 84' lang='lat' dir='ltr'><strong>regales,</strong></span> <span class='ocrx_word' id='word_1_123' title='bbox 1114 1921 1234 1976; x_wconf 86' lang='lat' dir='ltr'><strong>quae</strong></span> <span class='ocrx_word' id='word_1_124' title='bbox 1251 1905 1377 1962; x_wconf 88' lang='lat' dir='ltr'><strong>alibi</strong></span> <span class='ocrx_word' id='word_1_125' title='bbox 1401 1917 1536 1964; x_wconf 72' lang='lat' dir='ltr'><strong>orta:</strong></span> <span class='ocrx_word' id='word_1_126' title='bbox 1551 1918 1776 1979; x_wconf 90' lang='lat' dir='ltr'><strong>propter</strong></span> 
     </span>
    </p>
   </div>
   <div class='ocr_carea' id='block_1_20' title="bbox 173 1995 1775 2072">
    <p class='ocr_par' dir='ltr' id='par_1_20' title="bbox 173 1995 1775 2072">
     <span class='ocr_line' id='line_1_20' title="bbox 173 1995 1775 2072; baseline 0.002 -20"><span class='ocrx_word' id='word_1_127' title='bbox 173 1998 453 2066; x_wconf 63' lang='lat' dir='ltr'><strong>aequitatis</strong></span> <span class='ocrx_word' id='word_1_128' title='bbox 485 1995 751 2065; x_wconf 88' lang='lat' dir='ltr'><strong>judicium</strong></span> <span class='ocrx_word' id='word_1_129' title='bbox 801 1996 1061 2067; x_wconf 88' lang='lat' dir='ltr'><strong>palatium</strong></span> <span class='ocrx_word' id='word_1_130' title='bbox 1114 1999 1595 2070; x_wconf 87' lang='lat' dir='ltr'><strong>aggrediebantur,</strong></span> <span class='ocrx_word' id='word_1_131' title='bbox 1627 2001 1775 2072; x_wconf 89' lang='lat' dir='ltr'><strong>juste</strong></span> 
     </span>
    </p>
   </div>
   <div class='ocr_carea' id='block_1_21' title="bbox 176 2089 1775 2163">
    <p class='ocr_par' dir='ltr' id='par_1_21' title="bbox 176 2089 1775 2163">
     <span class='ocr_line' id='line_1_21' title="bbox 176 2089 1775 2163; baseline 0.001 -17"><span class='ocrx_word' id='word_1_132' title='bbox 176 2106 246 2146; x_wconf 84' lang='lat' dir='ltr'><strong>ac</strong></span> <span class='ocrx_word' id='word_1_133' title='bbox 273 2089 670 2145; x_wconf 86' lang='lat' dir='ltr'><strong>rationabiliter</strong></span> <span class='ocrx_word' id='word_1_134' title='bbox 687 2090 1098 2155; x_wconf 90' lang='lat' dir='ltr'><strong>determinaret,</strong></span> <span class='ocrx_word' id='word_1_135' title='bbox 1121 2106 1217 2146; x_wconf 93' lang='lat' dir='ltr'><strong>seu</strong></span> <span class='ocrx_word' id='word_1_136' title='bbox 1246 2107 1503 2162; x_wconf 86' lang='lat' dir='ltr'><strong>perverse</strong></span> <span class='ocrx_word' id='word_1_137' title='bbox 1527 2093 1775 2163; x_wconf 88' lang='lat' dir='ltr'><strong>judicata</strong></span> 
     </span>
    </p>
   </div>
   <div class='ocr_carea' id='block_1_22' title="bbox 179 2179 1775 2249">
    <p class='ocr_par' dir='ltr' id='par_1_22' title="bbox 179 2179 1775 2249">
     <span class='ocr_line' id='line_1_22' title="bbox 179 2179 1775 2249; baseline 0.003 -15"><span class='ocrx_word' id='word_1_138' title='bbox 179 2181 252 2234; x_wconf 89' lang='lat' dir='ltr'><strong>ad</strong></span> <span class='ocrx_word' id='word_1_139' title='bbox 291 2179 561 2249; x_wconf 84' lang='lat' dir='ltr'><strong>aequitatis</strong></span> <span class='ocrx_word' id='word_1_140' title='bbox 589 2180 862 2237; x_wconf 86' lang='lat' dir='ltr'><strong>tramitem</strong></span> <span class='ocrx_word' id='word_1_141' title='bbox 894 2180 1199 2247; x_wconf 89' lang='lat' dir='ltr'><strong>reduceret,</strong></span> <span class='ocrx_word' id='word_1_142' title='bbox 1242 2191 1303 2237; x_wconf 92' lang='lat' dir='ltr'><strong>ut</strong></span> <span class='ocrx_word' id='word_1_143' title='bbox 1337 2190 1393 2238; x_wconf 90' lang='lat' dir='ltr'><strong>et</strong></span> <span class='ocrx_word' id='word_1_144' title='bbox 1441 2199 1626 2238; x_wconf 91' lang='lat' dir='ltr'><strong>coram</strong></span> <span class='ocrx_word' id='word_1_145' title='bbox 1663 2183 1775 2240; x_wconf 88' lang='lat' dir='ltr'><strong>Deo</strong></span> 
     </span>
    </p>
   </div>
   <div class='ocr_carea' id='block_1_23' title="bbox 177 2273 1776 2350">
    <p class='ocr_par' dir='ltr' id='par_1_23' title="bbox 177 2273 1776 2350">
     <span class='ocr_line' id='line_1_23' title="bbox 177 2273 1776 2350; baseline 0.006 -24"><span class='ocrx_word' id='word_1_146' title='bbox 177 2283 408 2343; x_wconf 91' lang='lat' dir='ltr'><strong>propter</strong></span> <span class='ocrx_word' id='word_1_147' title='bbox 451 2273 741 2345; x_wconf 85' lang='lat' dir='ltr'><strong>justitiam,</strong></span> <span class='ocrx_word' id='word_1_148' title='bbox 791 2282 847 2330; x_wconf 92' lang='lat' dir='ltr'><strong>et</strong></span> <span class='ocrx_word' id='word_1_149' title='bbox 919 2290 1107 2330; x_wconf 89' lang='lat' dir='ltr'><strong>coram</strong></span> <span class='ocrx_word' id='word_1_150' title='bbox 1184 2277 1496 2335; x_wconf 91' lang='lat' dir='ltr'><strong>hominibus</strong></span> <span class='ocrx_word' id='word_1_151' title='bbox 1553 2288 1776 2350; x_wconf 80' lang='lat' dir='ltr'><strong>propter</strong></span> 
     </span>
    </p>
   </div>
   <div class='ocr_carea' id='block_1_24' title="bbox 181 2367 1776 2445">
    <p class='ocr_par' dir='ltr' id='par_1_24' title="bbox 181 2367 1776 2445">
     <span class='ocr_line' id='line_1_24' title="bbox 181 2367 1776 2445; baseline 0.005 -24"><span class='ocrx_word' id='word_1_152' title='bbox 181 2367 362 2440; x_wconf 88' lang='lat' dir='ltr'><strong>legum</strong></span> <span class='ocrx_word' id='word_1_153' title='bbox 414 2369 868 2434; x_wconf 87' lang='lat' dir='ltr'><strong>observationem,</strong></span> <span class='ocrx_word' id='word_1_154' title='bbox 929 2370 1140 2426; x_wconf 90' lang='lat' dir='ltr'><strong>cunctis</strong></span> <span class='ocrx_word' id='word_1_155' title='bbox 1208 2372 1469 2442; x_wconf 79' lang='lat' dir='ltr'><strong>placeret.</strong></span> <span class='ocrx_word' id='word_1_156' title='bbox 1527 2372 1587 2429; x_wconf 81' lang='lat' dir='ltr'><strong>Si</strong></span> <span class='ocrx_word' id='word_1_157' title='bbox 1647 2375 1776 2445; x_wconf 89' lang='lat' dir='ltr'><strong>quid</strong></span> 
     </span>
    </p>
   </div>
   <div class='ocr_carea' id='block_1_25' title="bbox 183 2461 1778 2536">
    <p class='ocr_par' dir='ltr' id='par_1_25' title="bbox 183 2461 1778 2536">
     <span class='ocr_line' id='line_1_25' title="bbox 183 2461 1778 2536; baseline 0.004 -19"><span class='ocrx_word' id='word_1_158' title='bbox 183 2477 315 2517; x_wconf 87' lang='lat' dir='ltr'><strong>vero</strong></span> <span class='ocrx_word' id='word_1_159' title='bbox 359 2461 464 2517; x_wconf 88' lang='lat' dir='ltr'><strong>tale</strong></span> <span class='ocrx_word' id='word_1_160' title='bbox 499 2473 662 2528; x_wconf 89' lang='lat' dir='ltr'><strong>esset,</strong></span> <span class='ocrx_word' id='word_1_161' title='bbox 692 2464 833 2535; x_wconf 90' lang='lat' dir='ltr'><strong>quod</strong></span> <span class='ocrx_word' id='word_1_162' title='bbox 871 2463 1019 2536; x_wconf 84' lang='lat' dir='ltr'><strong>leges</strong></span> <span class='ocrx_word' id='word_1_163' title='bbox 1059 2466 1348 2522; x_wconf 64' lang='lat' dir='ltr'><strong>mundana:</strong></span> <span class='ocrx_word' id='word_1_164' title='bbox 1394 2467 1496 2523; x_wconf 91' lang='lat' dir='ltr'><strong>hoc</strong></span> <span class='ocrx_word' id='word_1_165' title='bbox 1549 2467 1606 2522; x_wconf 91' lang='lat' dir='ltr'><strong>in</strong></span> <span class='ocrx_word' id='word_1_166' title='bbox 1663 2468 1778 2525; x_wconf 89' lang='lat' dir='ltr'><strong>suis</strong></span> 
     </span>
    </p>
   </div>
   <div class='ocr_carea' id='block_1_26' title="bbox 182 2553 1776 2623">
    <p class='ocr_par' dir='ltr' id='par_1_26' title="bbox 182 2553 1776 2623">
     <span class='ocr_line' id='line_1_26' title="bbox 182 2553 1776 2623; baseline 0.003 -16"><span class='ocrx_word' id='word_1_167' title='bbox 182 2553 596 2612; x_wconf 82' lang='lat' dir='ltr'><strong>diﬂinitionibus</strong></span> <span class='ocrx_word' id='word_1_168' title='bbox 619 2563 883 2610; x_wconf 91' lang='lat' dir='ltr'><strong>statutum</strong></span> <span class='ocrx_word' id='word_1_169' title='bbox 906 2571 1015 2612; x_wconf 92' lang='lat' dir='ltr'><strong>nou</strong></span> <span class='ocrx_word' id='word_1_170' title='bbox 1037 2557 1322 2623; x_wconf 87' lang='lat' dir='ltr'><strong>haberent,</strong></span> <span class='ocrx_word' id='word_1_171' title='bbox 1353 2565 1447 2612; x_wconf 91' lang='lat' dir='ltr'><strong>aut</strong></span> <span class='ocrx_word' id='word_1_172' title='bbox 1477 2558 1776 2614; x_wconf 92' lang='lat' dir='ltr'><strong>secundum</strong></span> 
     </span>
    </p>
   </div>
   <div class='ocr_carea' id='block_1_27' title="bbox 183 2646 1774 2718">
    <p class='ocr_par' dir='ltr' id='par_1_27' title="bbox 183 2646 1774 2718">
     <span class='ocr_line' id='line_1_27' title="bbox 183 2646 1774 2718; baseline 0.001 -16"><span class='ocrx_word' id='word_1_173' title='bbox 183 2646 471 2718; x_wconf 80' lang='lat' dir='ltr'><strong>gentilium</strong></span> <span class='ocrx_word' id='word_1_174' title='bbox 521 2647 967 2702; x_wconf 90' lang='lat' dir='ltr'><strong>consuetudinem</strong></span> <span class='ocrx_word' id='word_1_175' title='bbox 995 2647 1270 2703; x_wconf 89' lang='lat' dir='ltr'><strong>crudelius</strong></span> <span class='ocrx_word' id='word_1_176' title='bbox 1297 2649 1569 2704; x_wconf 89' lang='lat' dir='ltr'><strong>sancitum</strong></span> <span class='ocrx_word' id='word_1_177' title='bbox 1609 2658 1774 2716; x_wconf 90' lang='lat' dir='ltr'><strong>esset,</strong></span> 
     </span>
    </p>
   </div>
   <div class='ocr_carea' id='block_1_28' title="bbox 183 2739 1777 2810">
    <p class='ocr_par' dir='ltr' id='par_1_28' title="bbox 183 2739 1777 2810">
     <span class='ocr_line' id='line_1_28' title="bbox 183 2739 1777 2810; baseline 0.003 -16"><span class='ocrx_word' id='word_1_178' title='bbox 183 2755 347 2810; x_wconf 87' lang='lat' dir='ltr'><strong>quam</strong></span> <span class='ocrx_word' id='word_1_179' title='bbox 375 2739 802 2795; x_wconf 85' lang='lat' dir='ltr'><strong>Christianitatis</strong></span> <span class='ocrx_word' id='word_1_180' title='bbox 829 2739 1119 2806; x_wconf 84' lang='lat' dir='ltr'><strong>rectitudo,</strong></span> <span class='ocrx_word' id='word_1_181' title='bbox 1143 2741 1228 2796; x_wconf 88' lang='lat' dir='ltr'><strong>vel</strong></span> <span class='ocrx_word' id='word_1_182' title='bbox 1257 2750 1447 2797; x_wconf 89' lang='lat' dir='ltr'><strong>sancta</strong></span> <span class='ocrx_word' id='word_1_183' title='bbox 1476 2744 1777 2799; x_wconf 87' lang='lat' dir='ltr'><strong>auctoritas</strong></span> 
     </span>
    </p>
   </div>
   <div class='ocr_carea' id='block_1_29' title="bbox 183 2830 1774 2905">
    <p class='ocr_par' dir='ltr' id='par_1_29' title="bbox 183 2830 1774 2905">
     <span class='ocr_line' id='line_1_29' title="bbox 183 2830 1774 2905; baseline 0.003 -18"><span class='ocrx_word' id='word_1_184' title='bbox 183 2831 381 2888; x_wconf 90' lang='lat' dir='ltr'><strong>merito</strong></span> <span class='ocrx_word' id='word_1_185' title='bbox 403 2846 512 2886; x_wconf 89' lang='lat' dir='ltr'><strong>non</strong></span> <span class='ocrx_word' id='word_1_186' title='bbox 540 2830 892 2896; x_wconf 88' lang='lat' dir='ltr'><strong>consentiret,</strong></span> <span class='ocrx_word' id='word_1_187' title='bbox 923 2833 1028 2887; x_wconf 87' lang='lat' dir='ltr'><strong>hoc</strong></span> <span class='ocrx_word' id='word_1_188' title='bbox 1057 2832 1125 2887; x_wconf 90' lang='lat' dir='ltr'><strong>ad</strong></span> <span class='ocrx_word' id='word_1_189' title='bbox 1156 2833 1301 2905; x_wconf 86' lang='lat' dir='ltr'><strong>regis</strong></span> <span class='ocrx_word' id='word_1_190' title='bbox 1341 2834 1774 2891; x_wconf 89' lang='lat' dir='ltr'><strong>moderationem</strong></span> 
     </span>
    </p>
   </div>
   <div class='ocr_carea' id='block_1_30' title="bbox 183 2922 1773 2998">
    <p class='ocr_par' dir='ltr' id='par_1_30' title="bbox 183 2922 1773 2998">
     <span class='ocr_line' id='line_1_30' title="bbox 183 2922 1773 2998; baseline 0.004 -21"><span class='ocrx_word' id='word_1_191' title='bbox 183 2922 596 2994; x_wconf 81' lang='lat' dir='ltr'><strong>perduceretur,</strong></span> <span class='ocrx_word' id='word_1_192' title='bbox 628 2931 688 2976; x_wconf 92' lang='lat' dir='ltr'><strong>ut</strong></span> <span class='ocrx_word' id='word_1_193' title='bbox 736 2923 851 2993; x_wconf 89' lang='lat' dir='ltr'><strong>ipse</strong></span> <span class='ocrx_word' id='word_1_194' title='bbox 879 2938 1002 2977; x_wconf 90' lang='lat' dir='ltr'><strong>cum</strong></span> <span class='ocrx_word' id='word_1_195' title='bbox 1039 2923 1126 2979; x_wconf 87' lang='lat' dir='ltr'><strong>bis</strong></span> <span class='ocrx_word' id='word_1_196' title='bbox 1152 2925 1245 2995; x_wconf 89' lang='lat' dir='ltr'><strong>qui</strong></span> <span class='ocrx_word' id='word_1_197' title='bbox 1282 2932 1572 2996; x_wconf 85' lang='lat' dir='ltr'><strong>utramque</strong></span> <span class='ocrx_word' id='word_1_198' title='bbox 1597 2925 1773 2998; x_wconf 85' lang='lat' dir='ltr'><strong>legem</strong></span> 
     </span>
    </p>
   </div>
   <div class='ocr_carea' id='block_1_31' title="bbox 184 3016 1774 3092">
    <p class='ocr_par' dir='ltr' id='par_1_31' title="bbox 184 3016 1774 3092">
     <span class='ocr_line' id='line_1_31' title="bbox 184 3016 1774 3092; baseline 0.003 -21"><span class='ocrx_word' id='word_1_199' title='bbox 184 3025 430 3082; x_wconf 86' lang='lat' dir='ltr'><strong>nossent,</strong></span> <span class='ocrx_word' id='word_1_200' title='bbox 480 3024 546 3074; x_wconf 87' lang='lat' dir='ltr'><strong>et.</strong></span> <span class='ocrx_word' id='word_1_201' title='bbox 589 3016 685 3071; x_wconf 89' lang='lat' dir='ltr'><strong>Dei</strong></span> <span class='ocrx_word' id='word_1_202' title='bbox 733 3017 904 3088; x_wconf 86' lang='lat' dir='ltr'><strong>magis</strong></span> <span class='ocrx_word' id='word_1_203' title='bbox 946 3032 1111 3087; x_wconf 89' lang='lat' dir='ltr'><strong>quam</strong></span> <span class='ocrx_word' id='word_1_204' title='bbox 1175 3017 1536 3075; x_wconf 88' lang='lat' dir='ltr'><strong>humanarum</strong></span> <span class='ocrx_word' id='word_1_205' title='bbox 1592 3018 1774 3092; x_wconf 90' lang='lat' dir='ltr'><strong>legum</strong></span> 
     </span>
    </p>
   </div>
   <div class='ocr_carea' id='block_1_32' title="bbox 185 3109 1778 3177">
    <p class='ocr_par' dir='ltr' id='par_1_32' title="bbox 185 3109 1778 3177">
     <span class='ocr_line' id='line_1_32' title="bbox 185 3109 1778 3177; baseline 0.003 -14"><span class='ocrx_word' id='word_1_206' title='bbox 185 3117 390 3163; x_wconf 87' lang='lat' dir='ltr'><strong>statuta</strong></span> <span class='ocrx_word' id='word_1_207' title='bbox 413 3115 738 3174; x_wconf 90' lang='lat' dir='ltr'><strong>metuerent,</strong></span> <span class='ocrx_word' id='word_1_208' title='bbox 770 3109 845 3163; x_wconf 91' lang='lat' dir='ltr'><strong>ita</strong></span> <span class='ocrx_word' id='word_1_209' title='bbox 869 3109 1206 3176; x_wconf 88' lang='lat' dir='ltr'><strong>decerneret,</strong></span> <span class='ocrx_word' id='word_1_210' title='bbox 1257 3110 1334 3165; x_wconf 86' lang='lat' dir='ltr'><strong>ita</strong></span> <span class='ocrx_word' id='word_1_211' title='bbox 1386 3119 1670 3177; x_wconf 87' lang='lat' dir='ltr'><strong>statueret,</strong></span> <span class='ocrx_word' id='word_1_212' title='bbox 1717 3119 1778 3168; x_wconf 90' lang='lat' dir='ltr'><strong>ut</strong></span> 
     </span>
    </p>
   </div>
   <div class='ocr_carea' id='block_1_33' title="bbox 183 3201 1771 3274">
    <p class='ocr_par' dir='ltr' id='par_1_33' title="bbox 183 3201 1771 3274">
     <span class='ocr_line' id='line_1_33' title="bbox 183 3201 1771 3274; baseline 0.003 -20"><span class='ocrx_word' id='word_1_213' title='bbox 183 3201 275 3256; x_wconf 89' lang='lat' dir='ltr'><strong>ubi</strong></span> <span class='ocrx_word' id='word_1_214' title='bbox 299 3210 592 3270; x_wconf 88' lang='lat' dir='ltr'><strong>utrumque</strong></span> <span class='ocrx_word' id='word_1_215' title='bbox 621 3201 826 3257; x_wconf 89' lang='lat' dir='ltr'><strong>servari</strong></span> <span class='ocrx_word' id='word_1_216' title='bbox 852 3209 1054 3271; x_wconf 87' lang='lat' dir='ltr'><strong>posset,</strong></span> <span class='ocrx_word' id='word_1_217' title='bbox 1099 3208 1390 3274; x_wconf 86' lang='lat' dir='ltr'><strong>utrumque</strong></span> <span class='ocrx_word' id='word_1_218' title='bbox 1423 3211 1771 3259; x_wconf 89' lang='lat' dir='ltr'><strong>servaretur:</strong></span> 
     </span>
    </p>
   </div>
   <div class='ocr_carea' id='block_1_34' title="bbox 1879 610 3462 693">
    <p class='ocr_par' dir='ltr' id='par_1_34' title="bbox 1879 610 3462 693">
     <span class='ocr_line' id='line_1_34' title="bbox 1879 610 3462 693; baseline 0.01 -28"><span class='ocrx_word' id='word_1_219' title='bbox 1879 610 2134 665; x_wconf 87' lang='lat' dir='ltr'><strong>cessitate</strong></span> <span class='ocrx_word' id='word_1_220' title='bbox 2173 611 2592 682; x_wconf 89' lang='lat' dir='ltr'><strong>opprimeretur.</strong></span> <span class='ocrx_word' id='word_1_221' title='bbox 2634 613 2764 682; x_wconf 76' lang='lat' dir='ltr'><strong>Quae</strong></span> <span class='ocrx_word' id='word_1_222' title='bbox 2805 615 3058 674; x_wconf 88' lang='lat' dir='ltr'><strong>videlicet</strong></span> <span class='ocrx_word' id='word_1_223' title='bbox 3107 636 3237 676; x_wconf 91' lang='lat' dir='ltr'><strong>cura</strong></span> <span class='ocrx_word' id='word_1_224' title='bbox 3288 639 3462 693; x_wconf 88' lang='lat' dir='ltr'><strong>quan-</strong></span> 
     </span>
    </p>
   </div>
   <div class='ocr_carea' id='block_1_35' title="bbox 1879 701 3469 786">
    <p class='ocr_par' dir='ltr' id='par_1_35' title="bbox 1879 701 3469 786">
     <span class='ocr_line' id='line_1_35' title="bbox 1879 701 3469 786; baseline 0.011 -31"><span class='ocrx_word' id='word_1_225' title='bbox 1879 715 2041 772; x_wconf 90' lang='lat' dir='ltr'><strong>quam</strong></span> <span class='ocrx_word' id='word_1_226' title='bbox 2072 702 2140 756; x_wconf 87' lang='lat' dir='ltr'><strong>ad</strong></span> <span class='ocrx_word' id='word_1_227' title='bbox 2165 701 2545 760; x_wconf 90' lang='lat' dir='ltr'><strong>buticularium</strong></span> <span class='ocrx_word' id='word_1_228' title='bbox 2584 705 2669 763; x_wconf 89' lang='lat' dir='ltr'><strong>vel</strong></span> <span class='ocrx_word' id='word_1_229' title='bbox 2693 707 2761 764; x_wconf 88' lang='lat' dir='ltr'><strong>ad</strong></span> <span class='ocrx_word' id='word_1_230' title='bbox 2789 709 3044 767; x_wconf 90' lang='lat' dir='ltr'><strong>comitem</strong></span> <span class='ocrx_word' id='word_1_231' title='bbox 3072 713 3267 770; x_wconf 87' lang='lat' dir='ltr'><strong>stabuli</strong></span> <span class='ocrx_word' id='word_1_232' title='bbox 3298 717 3469 786; x_wconf 86' lang='lat' dir='ltr'><strong>perti-</strong></span> 
     </span>
    </p>
   </div>
   <div class='ocr_carea' id='block_1_36' title="bbox 1879 794 3470 879">
    <p class='ocr_par' dir='ltr' id='par_1_36' title="bbox 1879 794 3470 879">
     <span class='ocr_line' id='line_1_36' title="bbox 1879 794 3470 879; baseline 0.011 -31"><span class='ocrx_word' id='word_1_233' title='bbox 1879 801 2054 859; x_wconf 90' lang='lat' dir='ltr'><strong>neret,</strong></span> <span class='ocrx_word' id='word_1_234' title='bbox 2079 794 2317 850; x_wconf 83' lang='lat' dir='ltr'><strong>maxima</strong></span> <span class='ocrx_word' id='word_1_235' title='bbox 2343 804 2524 853; x_wconf 89' lang='lat' dir='ltr'><strong>tamen</strong></span> <span class='ocrx_word' id='word_1_236' title='bbox 2551 815 2680 855; x_wconf 87' lang='lat' dir='ltr'><strong>cura</strong></span> <span class='ocrx_word' id='word_1_237' title='bbox 2711 800 2778 856; x_wconf 91' lang='lat' dir='ltr'><strong>ad</strong></span> <span class='ocrx_word' id='word_1_238' title='bbox 2807 802 3175 860; x_wconf 81' lang='lat' dir='ltr'><strong>senescalcu-m</strong></span> <span class='ocrx_word' id='word_1_239' title='bbox 3203 809 3470 879; x_wconf 87' lang='lat' dir='ltr'><strong>respicie-</strong></span> 
     </span>
    </p>
   </div>
   <div class='ocr_carea' id='block_1_37' title="bbox 1879 884 3470 966">
    <p class='ocr_par' dir='ltr' id='par_1_37' title="bbox 1879 884 3470 966">
     <span class='ocr_line' id='line_1_37' title="bbox 1879 884 3470 966; baseline 0.011 -25"><span class='ocrx_word' id='word_1_240' title='bbox 1879 884 1993 951; x_wconf 86' lang='lat' dir='ltr'><strong>bat,</strong></span> <span class='ocrx_word' id='word_1_241' title='bbox 2021 899 2087 942; x_wconf 90' lang='lat' dir='ltr'><strong>eo</strong></span> <span class='ocrx_word' id='word_1_242' title='bbox 2114 887 2259 957; x_wconf 90' lang='lat' dir='ltr'><strong>quod</strong></span> <span class='ocrx_word' id='word_1_243' title='bbox 2295 889 2476 945; x_wconf 89' lang='lat' dir='ltr'><strong>omnia</strong></span> <span class='ocrx_word' id='word_1_244' title='bbox 2518 900 2736 958; x_wconf 82' lang='lat' dir='ltr'><strong>caetera,</strong></span> <span class='ocrx_word' id='word_1_245' title='bbox 2772 902 2973 962; x_wconf 86' lang='lat' dir='ltr'><strong>praeter</strong></span> <span class='ocrx_word' id='word_1_246' title='bbox 2995 905 3156 966; x_wconf 91' lang='lat' dir='ltr'><strong>potus</strong></span> <span class='ocrx_word' id='word_1_247' title='bbox 3180 899 3261 955; x_wconf 89' lang='lat' dir='ltr'><strong>vel</strong></span> <span class='ocrx_word' id='word_1_248' title='bbox 3291 901 3470 958; x_wconf 90' lang='lat' dir='ltr'><strong>victus</strong></span> 
     </span>
    </p>
   </div>
   <div class='ocr_carea' id='block_1_38' title="bbox 1880 977 3472 1062">
    <p class='ocr_par' dir='ltr' id='par_1_38' title="bbox 1880 977 3472 1062">
     <span class='ocr_line' id='line_1_38' title="bbox 1880 977 3472 1062; baseline 0.009 -28"><span class='ocrx_word' id='word_1_249' title='bbox 1880 977 2234 1045; x_wconf 88' lang='lat' dir='ltr'><strong>caballorum,</strong></span> <span class='ocrx_word' id='word_1_250' title='bbox 2269 981 2338 1036; x_wconf 88' lang='lat' dir='ltr'><strong>ad</strong></span> <span class='ocrx_word' id='word_1_251' title='bbox 2363 984 2612 1038; x_wconf 90' lang='lat' dir='ltr'><strong>eumdem</strong></span> <span class='ocrx_word' id='word_1_252' title='bbox 2639 987 3010 1042; x_wconf 89' lang='lat' dir='ltr'><strong>scnescalcum</strong></span> <span class='ocrx_word' id='word_1_253' title='bbox 3037 990 3356 1062; x_wconf 84' lang='lat' dir='ltr'><strong>respiceret.</strong></span> <span class='ocrx_word' id='word_1_254' title='bbox 3384 992 3472 1048; x_wconf 90' lang='lat' dir='ltr'><strong>In-</strong></span> 
     </span>
    </p>
   </div>
   <div class='ocr_carea' id='block_1_39' title="bbox 1879 1072 3471 1156">
    <p class='ocr_par' dir='ltr' id='par_1_39' title="bbox 1879 1072 3471 1156">
     <span class='ocr_line' id='line_1_39' title="bbox 1879 1072 3471 1156; baseline 0.011 -31"><span class='ocrx_word' id='word_1_255' title='bbox 1879 1075 1964 1126; x_wconf 88' lang='lat' dir='ltr'><strong>ter</strong></span> <span class='ocrx_word' id='word_1_256' title='bbox 1991 1086 2128 1142; x_wconf 84' lang='lat' dir='ltr'><strong>quos</strong></span> <span class='ocrx_word' id='word_1_257' title='bbox 2158 1072 2325 1128; x_wconf 90' lang='lat' dir='ltr'><strong>etiam</strong></span> <span class='ocrx_word' id='word_1_258' title='bbox 2360 1082 2418 1129; x_wconf 87' lang='lat' dir='ltr'><strong>et</strong></span> <span class='ocrx_word' id='word_1_259' title='bbox 2449 1076 2847 1135; x_wconf 89' lang='lat' dir='ltr'><strong>mansionarius</strong></span> <span class='ocrx_word' id='word_1_260' title='bbox 2876 1080 3157 1148; x_wconf 88' lang='lat' dir='ltr'><strong>intererat,</strong></span> <span class='ocrx_word' id='word_1_261' title='bbox 3191 1100 3354 1156; x_wconf 91' lang='lat' dir='ltr'><strong>super</strong></span> <span class='ocrx_word' id='word_1_262' title='bbox 3376 1103 3471 1143; x_wconf 91' lang='lat' dir='ltr'><strong>cu-</strong></span> 
     </span>
    </p>
   </div>
   <div class='ocr_carea' id='block_1_40' title="bbox 1873 1160 3471 1245">
    <p class='ocr_par' dir='ltr' id='par_1_40' title="bbox 1873 1160 3471 1245">
     <span class='ocr_line' id='line_1_40' title="bbox 1873 1160 3471 1245; baseline 0.011 -28"><span class='ocrx_word' id='word_1_263' title='bbox 1873 1160 1966 1231; x_wconf 88' lang='lat' dir='ltr'><strong>jus</strong></span> <span class='ocrx_word' id='word_1_264' title='bbox 1994 1162 2357 1222; x_wconf 89' lang='lat' dir='ltr'><strong>ministerium</strong></span> <span class='ocrx_word' id='word_1_265' title='bbox 2385 1165 2753 1236; x_wconf 87' lang='lat' dir='ltr'><strong>incumbebat,</strong></span> <span class='ocrx_word' id='word_1_266' title='bbox 2779 1170 2921 1226; x_wconf 91' lang='lat' dir='ltr'><strong>sicut</strong></span> <span class='ocrx_word' id='word_1_267' title='bbox 2944 1181 3000 1228; x_wconf 91' lang='lat' dir='ltr'><strong>et</strong></span> <span class='ocrx_word' id='word_1_268' title='bbox 3023 1189 3221 1231; x_wconf 90' lang='lat' dir='ltr'><strong>nomen</strong></span> <span class='ocrx_word' id='word_1_269' title='bbox 3251 1176 3367 1245; x_wconf 87' lang='lat' dir='ltr'><strong>ejus</strong></span> <span class='ocrx_word' id='word_1_270' title='bbox 3388 1179 3471 1234; x_wconf 87' lang='lat' dir='ltr'><strong>in-</strong></span> 
     </span>
    </p>
   </div>
   <div class='ocr_carea' id='block_1_41' title="bbox 1879 1254 3466 1336">
    <p class='ocr_par' dir='ltr' id='par_1_41' title="bbox 1879 1254 3466 1336">
     <span class='ocr_line' id='line_1_41' title="bbox 1879 1254 3466 1336; baseline 0.01 -25"><span class='ocrx_word' id='word_1_271' title='bbox 1879 1254 2046 1322; x_wconf 88' lang='lat' dir='ltr'><strong>dicat,</strong></span> <span class='ocrx_word' id='word_1_272' title='bbox 2071 1265 2130 1311; x_wconf 90' lang='lat' dir='ltr'><strong>ut</strong></span> <span class='ocrx_word' id='word_1_273' title='bbox 2153 1257 2207 1311; x_wconf 92' lang='lat' dir='ltr'><strong>in</strong></span> <span class='ocrx_word' id='word_1_274' title='bbox 2232 1257 2337 1313; x_wconf 88' lang='lat' dir='ltr'><strong>hoc</strong></span> <span class='ocrx_word' id='word_1_275' title='bbox 2358 1259 2594 1314; x_wconf 81' lang='lat' dir='ltr'><strong>maxime</strong></span> <span class='ocrx_word' id='word_1_276' title='bbox 2608 1261 2915 1319; x_wconf 91' lang='lat' dir='ltr'><strong>sollicitudo</strong></span> <span class='ocrx_word' id='word_1_277' title='bbox 2930 1264 3046 1336; x_wconf 87' lang='lat' dir='ltr'><strong>ejus</strong></span> <span class='ocrx_word' id='word_1_278' title='bbox 3067 1266 3274 1323; x_wconf 88' lang='lat' dir='ltr'><strong>intenta</strong></span> <span class='ocrx_word' id='word_1_279' title='bbox 3299 1281 3466 1335; x_wconf 89' lang='lat' dir='ltr'><strong>esset,</strong></span> 
     </span>
    </p>
   </div>
   <div class='ocr_carea' id='block_1_42' title="bbox 1878 1349 3471 1431">
    <p class='ocr_par' dir='ltr' id='par_1_42' title="bbox 1878 1349 3471 1431">
     <span class='ocr_line' id='line_1_42' title="bbox 1878 1349 3471 1431; baseline 0.011 -30"><span class='ocrx_word' id='word_1_280' title='bbox 1878 1358 1940 1402; x_wconf 90' lang='lat' dir='ltr'><strong>ut</strong></span> <span class='ocrx_word' id='word_1_281' title='bbox 1971 1355 2081 1402; x_wconf 89' lang='lat' dir='ltr'><strong>tam</strong></span> <span class='ocrx_word' id='word_1_282' title='bbox 2110 1349 2408 1418; x_wconf 88' lang='lat' dir='ltr'><strong>supradicti</strong></span> <span class='ocrx_word' id='word_1_283' title='bbox 2444 1360 2677 1418; x_wconf 92' lang='lat' dir='ltr'><strong>actores,</strong></span> <span class='ocrx_word' id='word_1_284' title='bbox 2711 1369 2985 1426; x_wconf 91' lang='lat' dir='ltr'><strong>quamque</strong></span> <span class='ocrx_word' id='word_1_285' title='bbox 3022 1367 3078 1412; x_wconf 92' lang='lat' dir='ltr'><strong>et</strong></span> <span class='ocrx_word' id='word_1_286' title='bbox 3104 1370 3471 1431; x_wconf 87' lang='lat' dir='ltr'><strong>susceptores,</strong></span> 
     </span>
    </p>
   </div>
   <div class='ocr_carea' id='block_1_43' title="bbox 1878 1443 3479 1512">
    <p class='ocr_par' dir='ltr' id='par_1_43' title="bbox 1878 1443 3479 1512">
     <span class='ocr_line' id='line_1_43' title="bbox 1878 1443 3479 1512; baseline 0.009 -17"><span class='ocrx_word' id='word_1_287' title='bbox 1878 1454 1987 1511; x_wconf 91' lang='lat' dir='ltr'><strong>quo</strong></span> <span class='ocrx_word' id='word_1_288' title='bbox 2009 1448 2255 1512; x_wconf 88' lang='lat' dir='ltr'><strong>tempore</strong></span> <span class='ocrx_word' id='word_1_289' title='bbox 2285 1443 2354 1498; x_wconf 88' lang='lat' dir='ltr'><strong>ad</strong></span> <span class='ocrx_word' id='word_1_290' title='bbox 2382 1458 2478 1500; x_wconf 91' lang='lat' dir='ltr'><strong>eos</strong></span> <span class='ocrx_word' id='word_1_291' title='bbox 2507 1444 2599 1500; x_wconf 93' lang='lat' dir='ltr'><strong>illo</strong></span> <span class='ocrx_word' id='word_1_292' title='bbox 2623 1445 2706 1501; x_wconf 89' lang='lat' dir='ltr'><strong>vel</strong></span> <span class='ocrx_word' id='word_1_293' title='bbox 2735 1447 2828 1503; x_wconf 92' lang='lat' dir='ltr'><strong>illo</strong></span> <span class='ocrx_word' id='word_1_294' title='bbox 2859 1449 2913 1503; x_wconf 92' lang='lat' dir='ltr'><strong>in</strong></span> <span class='ocrx_word' id='word_1_295' title='bbox 2941 1448 3061 1506; x_wconf 91' lang='lat' dir='ltr'><strong>loco</strong></span> <span class='ocrx_word' id='word_1_296' title='bbox 3091 1467 3189 1507; x_wconf 85' lang='lat' dir='ltr'><strong>rex</strong></span> <span class='ocrx_word' id='word_1_297' title='bbox 3213 1463 3479 1510; x_wconf 68' lang='lat' dir='ltr'><strong>venturus</strong></span> 
     </span>
    </p>
   </div>
   <div class='ocr_carea' id='block_1_44' title="bbox 1877 1537 3480 1621">
    <p class='ocr_par' dir='ltr' id='par_1_44' title="bbox 1877 1537 3480 1621">
     <span class='ocr_line' id='line_1_44' title="bbox 1877 1537 3480 1621; baseline 0.01 -34"><span class='ocrx_word' id='word_1_298' title='bbox 1877 1542 2047 1600; x_wconf 86' lang='lat' dir='ltr'><strong>esset,</strong></span> <span class='ocrx_word' id='word_1_299' title='bbox 2076 1543 2300 1605; x_wconf 89' lang='lat' dir='ltr'><strong>propter</strong></span> <span class='ocrx_word' id='word_1_300' title='bbox 2327 1537 2670 1594; x_wconf 88' lang='lat' dir='ltr'><strong>mansionum</strong></span> <span class='ocrx_word' id='word_1_301' title='bbox 2695 1543 3166 1613; x_wconf 85' lang='lat' dir='ltr'><strong>praeparationem,</strong></span> <span class='ocrx_word' id='word_1_302' title='bbox 3192 1556 3254 1603; x_wconf 91' lang='lat' dir='ltr'><strong>ut</strong></span> <span class='ocrx_word' id='word_1_303' title='bbox 3279 1564 3480 1621; x_wconf 71' lang='lat' dir='ltr'><strong>oppor-</strong></span> 
     </span>
    </p>
   </div>
   <div class='ocr_carea' id='block_1_45' title="bbox 1880 1629 3483 1702">
    <p class='ocr_par' dir='ltr' id='par_1_45' title="bbox 1880 1629 3483 1702">
     <span class='ocr_line' id='line_1_45' title="bbox 1880 1629 3483 1702; baseline 0.01 -24"><span class='ocrx_word' id='word_1_304' title='bbox 1880 1629 2013 1680; x_wconf 85' lang='lat' dir='ltr'><strong>tuno</strong></span> <span class='ocrx_word' id='word_1_305' title='bbox 2035 1633 2280 1697; x_wconf 90' lang='lat' dir='ltr'><strong>tempore</strong></span> <span class='ocrx_word' id='word_1_306' title='bbox 2304 1629 2558 1699; x_wconf 84' lang='lat' dir='ltr'><strong>praescire</strong></span> <span class='ocrx_word' id='word_1_307' title='bbox 2586 1633 2891 1702; x_wconf 90' lang='lat' dir='ltr'><strong>potuissent</strong></span> <span class='ocrx_word' id='word_1_308' title='bbox 2919 1653 2933 1692; x_wconf 89' lang='lat'><strong>:</strong></span> <span class='ocrx_word' id='word_1_309' title='bbox 2960 1651 3028 1692; x_wconf 93' lang='lat' dir='ltr'><strong>ne</strong></span> <span class='ocrx_word' id='word_1_310' title='bbox 3053 1647 3148 1693; x_wconf 89' lang='lat' dir='ltr'><strong>aut</strong></span> <span class='ocrx_word' id='word_1_311' title='bbox 3171 1639 3296 1697; x_wconf 90' lang='lat' dir='ltr'><strong>inde</strong></span> <span class='ocrx_word' id='word_1_312' title='bbox 3323 1642 3483 1698; x_wconf 76' lang='lat' dir='ltr'><strong>tarde</strong></span> 
     </span>
    </p>
   </div>
   <div class='ocr_carea' id='block_1_46' title="bbox 1878 1716 3478 1803">
    <p class='ocr_par' dir='ltr' id='par_1_46' title="bbox 1878 1716 3478 1803">
     <span class='ocr_line' id='line_1_46' title="bbox 1878 1716 3478 1803; baseline 0.012 -32"><span class='ocrx_word' id='word_1_313' title='bbox 1878 1716 2133 1785; x_wconf 86' lang='lat' dir='ltr'><strong>scientes,</strong></span> <span class='ocrx_word' id='word_1_314' title='bbox 2192 1729 2416 1790; x_wconf 89' lang='lat' dir='ltr'><strong>propter</strong></span> <span class='ocrx_word' id='word_1_315' title='bbox 2477 1721 2822 1780; x_wconf 90' lang='lat' dir='ltr'><strong>aIIlictionem</strong></span> <span class='ocrx_word' id='word_1_316' title='bbox 2883 1725 3103 1784; x_wconf 69' lang='lat' dir='ltr'><strong>familia:</strong></span> <span class='ocrx_word' id='word_1_317' title='bbox 3162 1733 3478 1803; x_wconf 88' lang='lat' dir='ltr'><strong>importuno</strong></span> 
     </span>
    </p>
   </div>
   <div class='ocr_carea' id='block_1_47' title="bbox 1879 1816 3471 1894">
    <p class='ocr_par' dir='ltr' id='par_1_47' title="bbox 1879 1816 3471 1894">
     <span class='ocr_line' id='line_1_47' title="bbox 1879 1816 3471 1894; baseline 0.011 -31"><span class='ocrx_word' id='word_1_318' title='bbox 1879 1816 2125 1880; x_wconf 88' lang='lat' dir='ltr'><strong>tempore</strong></span> <span class='ocrx_word' id='word_1_319' title='bbox 2163 1821 2471 1881; x_wconf 88' lang='lat' dir='ltr'><strong>peccatum,</strong></span> <span class='ocrx_word' id='word_1_320' title='bbox 2519 1826 2613 1870; x_wconf 89' lang='lat' dir='ltr'><strong>aut</strong></span> <span class='ocrx_word' id='word_1_321' title='bbox 2646 1817 2700 1872; x_wconf 91' lang='lat' dir='ltr'><strong>hi</strong></span> <span class='ocrx_word' id='word_1_322' title='bbox 2745 1827 2968 1888; x_wconf 87' lang='lat' dir='ltr'><strong>propter</strong></span> <span class='ocrx_word' id='word_1_323' title='bbox 3006 1836 3114 1876; x_wconf 92' lang='lat' dir='ltr'><strong>non</strong></span> <span class='ocrx_word' id='word_1_324' title='bbox 3147 1824 3471 1894; x_wconf 78' lang='lat' dir='ltr'><strong>condignam</strong></span> 
     </span>
    </p>
   </div>
   <div class='ocr_carea' id='block_1_48' title="bbox 1881 1904 3472 1977">
    <p class='ocr_par' dir='ltr' id='par_1_48' title="bbox 1881 1904 3472 1977">
     <span class='ocr_line' id='line_1_48' title="bbox 1881 1904 3472 1977; baseline 0.008 -19"><span class='ocrx_word' id='word_1_325' title='bbox 1881 1904 2304 1975; x_wconf 85' lang='lat' dir='ltr'><strong>susceptionem,</strong></span> <span class='ocrx_word' id='word_1_326' title='bbox 2337 1921 2403 1962; x_wconf 91' lang='lat' dir='ltr'><strong>ac</strong></span> <span class='ocrx_word' id='word_1_327' title='bbox 2432 1906 2480 1962; x_wconf 88' lang='lat' dir='ltr'><strong>si</strong></span> <span class='ocrx_word' id='word_1_328' title='bbox 2509 1906 2650 1964; x_wconf 88' lang='lat' dir='ltr'><strong>bene</strong></span> <span class='ocrx_word' id='word_1_329' title='bbox 2678 1908 3000 1977; x_wconf 86' lang='lat' dir='ltr'><strong>noluissent,</strong></span> <span class='ocrx_word' id='word_1_330' title='bbox 3040 1928 3161 1968; x_wconf 93' lang='lat' dir='ltr'><strong>cum</strong></span> <span class='ocrx_word' id='word_1_331' title='bbox 3185 1923 3334 1971; x_wconf 90' lang='lat' dir='ltr'><strong>certe</strong></span> <span class='ocrx_word' id='word_1_332' title='bbox 3363 1932 3472 1971; x_wconf 93' lang='lat' dir='ltr'><strong>non</strong></span> 
     </span>
    </p>
   </div>
   <div class='ocr_carea' id='block_1_49' title="bbox 1875 1993 3473 2062">
    <p class='ocr_par' dir='ltr' id='par_1_49' title="bbox 1875 1993 3473 2062">
     <span class='ocr_line' id='line_1_49' title="bbox 1875 1993 3473 2062; baseline 0.008 -15"><span class='ocrx_word' id='word_1_333' title='bbox 1875 1993 2134 2061; x_wconf 88' lang='lat' dir='ltr'><strong>volendo,</strong></span> <span class='ocrx_word' id='word_1_334' title='bbox 2165 1996 2258 2050; x_wconf 92' lang='lat' dir='ltr'><strong>sed</strong></span> <span class='ocrx_word' id='word_1_335' title='bbox 2287 2010 2393 2052; x_wconf 92' lang='lat' dir='ltr'><strong>non</strong></span> <span class='ocrx_word' id='word_1_336' title='bbox 2442 1997 2674 2055; x_wconf 87' lang='lat' dir='ltr'><strong>valendo</strong></span> <span class='ocrx_word' id='word_1_337' title='bbox 2711 1998 3064 2058; x_wconf 75' lang='lat' dir='ltr'><strong>oﬂ’ensionem</strong></span> <span class='ocrx_word' id='word_1_338' title='bbox 3111 2003 3473 2062; x_wconf 89' lang='lat' dir='ltr'><strong>incurrerent.</strong></span> 
     </span>
    </p>
   </div>
   <div class='ocr_carea' id='block_1_50' title="bbox 1950 2087 3473 2169">
    <p class='ocr_par' dir='ltr' id='par_1_50' title="bbox 1950 2087 3473 2169">
     <span class='ocr_line' id='line_1_50' title="bbox 1950 2087 3473 2169; baseline 0.009 -28"><span class='ocrx_word' id='word_1_339' title='bbox 1950 2087 2082 2143; x_wconf 66' lang='lat' dir='ltr'><strong>Car.</strong></span> <span class='ocrx_word' id='word_1_340' title='bbox 2123 2087 2313 2144; x_wconf 85' lang='lat' dir='ltr'><strong>XXIV.</strong></span> <span class='ocrx_word' id='word_1_341' title='bbox 2357 2090 2624 2147; x_wconf 88' lang='lat' dir='ltr'><strong>Similiter</strong></span> <span class='ocrx_word' id='word_1_342' title='bbox 2649 2108 2868 2164; x_wconf 85' lang='lat' dir='ltr'><strong>quoque</strong></span> <span class='ocrx_word' id='word_1_343' title='bbox 2900 2105 3138 2166; x_wconf 87' lang='lat' dir='ltr'><strong>quatuor</strong></span> <span class='ocrx_word' id='word_1_344' title='bbox 3159 2109 3473 2169; x_wconf 84' lang='lat' dir='ltr'><strong>venatores,</strong></span> 
     </span>
    </p>
   </div>
   <div class='ocr_carea' id='block_1_51' title="bbox 1878 2182 3478 2253">
    <p class='ocr_par' dir='ltr' id='par_1_51' title="bbox 1878 2182 3478 2253">
     <span class='ocr_line' id='line_1_51' title="bbox 1878 2182 3478 2253; baseline 0.009 -18"><span class='ocrx_word' id='word_1_345' title='bbox 1878 2191 1934 2237; x_wconf 91' lang='lat' dir='ltr'><strong>et</strong></span> <span class='ocrx_word' id='word_1_346' title='bbox 1957 2185 2178 2252; x_wconf 90' lang='lat' dir='ltr'><strong>quintus</strong></span> <span class='ocrx_word' id='word_1_347' title='bbox 2204 2182 2556 2253; x_wconf 85' lang='lat' dir='ltr'><strong>falconarius,</strong></span> <span class='ocrx_word' id='word_1_348' title='bbox 2596 2202 2723 2244; x_wconf 86' lang='lat' dir='ltr'><strong>curn</strong></span> <span class='ocrx_word' id='word_1_349' title='bbox 2765 2189 2955 2245; x_wconf 91' lang='lat' dir='ltr'><strong>eadem</strong></span> <span class='ocrx_word' id='word_1_350' title='bbox 2995 2192 3359 2250; x_wconf 89' lang='lat' dir='ltr'><strong>unanimitate</strong></span> <span class='ocrx_word' id='word_1_351' title='bbox 3389 2210 3478 2250; x_wconf 89' lang='lat' dir='ltr'><strong>se-</strong></span> 
     </span>
    </p>
   </div>
   <div class='ocr_carea' id='block_1_52' title="bbox 1879 2274 3473 2354">
    <p class='ocr_par' dir='ltr' id='par_1_52' title="bbox 1879 2274 3473 2354">
     <span class='ocr_line' id='line_1_52' title="bbox 1879 2274 3473 2354; baseline 0.009 -25"><span class='ocrx_word' id='word_1_352' title='bbox 1879 2274 2116 2330; x_wconf 86' lang='lat' dir='ltr'><strong>cundum</strong></span> <span class='ocrx_word' id='word_1_353' title='bbox 2165 2277 2427 2348; x_wconf 89' lang='lat' dir='ltr'><strong>temporis</strong></span> <span class='ocrx_word' id='word_1_354' title='bbox 2465 2279 2783 2349; x_wconf 88' lang='lat' dir='ltr'><strong>qualitatem</strong></span> <span class='ocrx_word' id='word_1_355' title='bbox 2818 2283 3112 2340; x_wconf 89' lang='lat' dir='ltr'><strong>admonere</strong></span> <span class='ocrx_word' id='word_1_356' title='bbox 3154 2287 3473 2354; x_wconf 85' lang='lat' dir='ltr'><strong>studebant,</strong></span> 
     </span>
    </p>
   </div>
   <div class='ocr_carea' id='block_1_53' title="bbox 1880 2369 3479 2447">
    <p class='ocr_par' dir='ltr' id='par_1_53' title="bbox 1880 2369 3479 2447">
     <span class='ocr_line' id='line_1_53' title="bbox 1880 2369 3479 2447; baseline 0.007 -23"><span class='ocrx_word' id='word_1_357' title='bbox 1880 2369 2115 2440; x_wconf 87' lang='lat' dir='ltr'><strong>qualiter</strong></span> <span class='ocrx_word' id='word_1_358' title='bbox 2163 2385 2246 2438; x_wconf 89' lang='lat' dir='ltr'><strong>ea,</strong></span> <span class='ocrx_word' id='word_1_359' title='bbox 2290 2387 2410 2441; x_wconf 71' lang='lat' dir='ltr'><strong>qua:</strong></span> <span class='ocrx_word' id='word_1_360' title='bbox 2448 2374 2516 2428; x_wconf 88' lang='lat' dir='ltr'><strong>ad</strong></span> <span class='ocrx_word' id='word_1_361' title='bbox 2543 2375 2880 2447; x_wconf 86' lang='lat' dir='ltr'><strong>singulorum</strong></span> <span class='ocrx_word' id='word_1_362' title='bbox 2920 2378 3348 2435; x_wconf 88' lang='lat' dir='ltr'><strong>ministeriorum</strong></span> <span class='ocrx_word' id='word_1_363' title='bbox 3387 2398 3479 2437; x_wconf 91' lang='lat' dir='ltr'><strong>cu-</strong></span> 
     </span>
    </p>
   </div>
   <div class='ocr_carea' id='block_1_54' title="bbox 1879 2463 3476 2540">
    <p class='ocr_par' dir='ltr' id='par_1_54' title="bbox 1879 2463 3476 2540">
     <span class='ocr_line' id='line_1_54' title="bbox 1879 2463 3476 2540; baseline 0.009 -25"><span class='ocrx_word' id='word_1_364' title='bbox 1879 2475 1997 2516; x_wconf 88' lang='lat' dir='ltr'><strong>ram</strong></span> <span class='ocrx_word' id='word_1_365' title='bbox 2023 2463 2394 2534; x_wconf 87' lang='lat' dir='ltr'><strong>pertinebant,</strong></span> <span class='ocrx_word' id='word_1_366' title='bbox 2417 2474 2477 2519; x_wconf 92' lang='lat' dir='ltr'><strong>ut</strong></span> <span class='ocrx_word' id='word_1_367' title='bbox 2499 2477 2804 2536; x_wconf 90' lang='lat' dir='ltr'><strong>opportuno</strong></span> <span class='ocrx_word' id='word_1_368' title='bbox 2825 2477 3089 2540; x_wconf 87' lang='lat' dir='ltr'><strong>tempore,</strong></span> <span class='ocrx_word' id='word_1_369' title='bbox 3113 2481 3167 2527; x_wconf 90' lang='lat' dir='ltr'><strong>et</strong></span> <span class='ocrx_word' id='word_1_370' title='bbox 3189 2488 3295 2527; x_wconf 90' lang='lat' dir='ltr'><strong>non</strong></span> <span class='ocrx_word' id='word_1_371' title='bbox 3320 2474 3476 2529; x_wconf 88' lang='lat' dir='ltr'><strong>tarde</strong></span> 
     </span>
    </p>
   </div>
   <div class='ocr_carea' id='block_1_55' title="bbox 1881 2551 3475 2634">
    <p class='ocr_par' dir='ltr' id='par_1_55' title="bbox 1881 2551 3475 2634">
     <span class='ocr_line' id='line_1_55' title="bbox 1881 2551 3475 2634; baseline 0.009 -29"><span class='ocrx_word' id='word_1_372' title='bbox 1881 2551 2348 2620; x_wconf 87' lang='lat' dir='ltr'><strong>consideraretur,</strong></span> <span class='ocrx_word' id='word_1_373' title='bbox 2371 2557 2588 2624; x_wconf 89' lang='lat' dir='ltr'><strong>quando</strong></span> <span class='ocrx_word' id='word_1_374' title='bbox 2611 2558 2746 2612; x_wconf 89' lang='lat' dir='ltr'><strong>tanti</strong></span> <span class='ocrx_word' id='word_1_375' title='bbox 2769 2558 2852 2613; x_wconf 90' lang='lat' dir='ltr'><strong>vel</strong></span> <span class='ocrx_word' id='word_1_376' title='bbox 2873 2563 3090 2629; x_wconf 89' lang='lat' dir='ltr'><strong>quando</strong></span> <span class='ocrx_word' id='word_1_377' title='bbox 3119 2564 3277 2630; x_wconf 91' lang='lat' dir='ltr'><strong>tanti,</strong></span> <span class='ocrx_word' id='word_1_378' title='bbox 3301 2579 3475 2634; x_wconf 86' lang='lat' dir='ltr'><strong>quan-</strong></span> 
     </span>
    </p>
   </div>
   <div class='ocr_carea' id='block_1_56' title="bbox 1883 2641 3474 2722">
    <p class='ocr_par' dir='ltr' id='par_1_56' title="bbox 1883 2641 3474 2722">
     <span class='ocr_line' id='line_1_56' title="bbox 1883 2641 3474 2722; baseline 0.009 -25"><span class='ocrx_word' id='word_1_379' title='bbox 1883 2641 1951 2697; x_wconf 87' lang='lat' dir='ltr'><strong>do</strong></span> <span class='ocrx_word' id='word_1_380' title='bbox 1976 2643 2072 2697; x_wconf 91' lang='lat' dir='ltr'><strong>toti</strong></span> <span class='ocrx_word' id='word_1_381' title='bbox 2103 2651 2159 2698; x_wconf 92' lang='lat' dir='ltr'><strong>et</strong></span> <span class='ocrx_word' id='word_1_382' title='bbox 2187 2645 2405 2714; x_wconf 87' lang='lat' dir='ltr'><strong>quando</strong></span> <span class='ocrx_word' id='word_1_383' title='bbox 2450 2646 2604 2712; x_wconf 90' lang='lat' dir='ltr'><strong>nulli,</strong></span> <span class='ocrx_word' id='word_1_384' title='bbox 2637 2657 2733 2703; x_wconf 92' lang='lat' dir='ltr'><strong>aut</strong></span> <span class='ocrx_word' id='word_1_385' title='bbox 2771 2649 2825 2703; x_wconf 93' lang='lat' dir='ltr'><strong>in</strong></span> <span class='ocrx_word' id='word_1_386' title='bbox 2855 2650 3055 2720; x_wconf 89' lang='lat' dir='ltr'><strong>palatio</strong></span> <span class='ocrx_word' id='word_1_387' title='bbox 3083 2655 3474 2722; x_wconf 87' lang='lat' dir='ltr'><strong>retinerentur,</strong></span> 
     </span>
    </p>
   </div>
   <div class='ocr_carea' id='block_1_57' title="bbox 1880 2736 3480 2819">
    <p class='ocr_par' dir='ltr' id='par_1_57' title="bbox 1880 2736 3480 2819">
     <span class='ocr_line' id='line_1_57' title="bbox 1880 2736 3480 2819; baseline 0.01 -30"><span class='ocrx_word' id='word_1_388' title='bbox 1880 2741 1976 2789; x_wconf 89' lang='lat' dir='ltr'><strong>aut</strong></span> <span class='ocrx_word' id='word_1_389' title='bbox 2005 2750 2156 2791; x_wconf 91' lang='lat' dir='ltr'><strong>more</strong></span> <span class='ocrx_word' id='word_1_390' title='bbox 2178 2736 2338 2792; x_wconf 88' lang='lat' dir='ltr'><strong>solito</strong></span> <span class='ocrx_word' id='word_1_391' title='bbox 2363 2737 2497 2795; x_wconf 90' lang='lat' dir='ltr'><strong>foris</strong></span> <span class='ocrx_word' id='word_1_392' title='bbox 2526 2741 2800 2798; x_wconf 88' lang='lat' dir='ltr'><strong>nutriendi</strong></span> <span class='ocrx_word' id='word_1_393' title='bbox 2824 2759 2996 2815; x_wconf 88' lang='lat' dir='ltr'><strong>usque</strong></span> <span class='ocrx_word' id='word_1_394' title='bbox 3017 2747 3084 2801; x_wconf 87' lang='lat' dir='ltr'><strong>ad</strong></span> <span class='ocrx_word' id='word_1_395' title='bbox 3116 2756 3328 2819; x_wconf 91' lang='lat' dir='ltr'><strong>tempus</strong></span> <span class='ocrx_word' id='word_1_396' title='bbox 3355 2749 3480 2804; x_wconf 85' lang='lat' dir='ltr'><strong>mit-</strong></span> 
     </span>
    </p>
   </div>
   <div class='ocr_carea' id='block_1_58' title="bbox 1879 2827 3480 2906">
    <p class='ocr_par' dir='ltr' id='par_1_58' title="bbox 1879 2827 3480 2906">
     <span class='ocr_line' id='line_1_58' title="bbox 1879 2827 3480 2906; baseline 0.011 -26"><span class='ocrx_word' id='word_1_397' title='bbox 1879 2827 2274 2900; x_wconf 58' lang='lat' dir='ltr'><strong>terenturJaut</strong></span> <span class='ocrx_word' id='word_1_398' title='bbox 2301 2839 2542 2900; x_wconf 86' lang='lat' dir='ltr'><strong>tempore</strong></span> <span class='ocrx_word' id='word_1_399' title='bbox 2563 2848 2813 2905; x_wconf 82' lang='lat' dir='ltr'><strong>congruo</strong></span> <span class='ocrx_word' id='word_1_400' title='bbox 2843 2851 2942 2906; x_wconf 91' lang='lat' dir='ltr'><strong>per</strong></span> <span class='ocrx_word' id='word_1_401' title='bbox 2983 2838 3331 2895; x_wconf 87' lang='lat' dir='ltr'><strong>denominata</strong></span> <span class='ocrx_word' id='word_1_402' title='bbox 3362 2841 3480 2897; x_wconf 89' lang='lat' dir='ltr'><strong>loca</strong></span> 
     </span>
    </p>
   </div>
   <div class='ocr_carea' id='block_1_59' title="bbox 1878 2921 3476 3003">
    <p class='ocr_par' dir='ltr' id='par_1_59' title="bbox 1878 2921 3476 3003">
     <span class='ocr_line' id='line_1_59' title="bbox 1878 2921 3476 3003; baseline 0.012 -30"><span class='ocrx_word' id='word_1_403' title='bbox 1878 2921 2110 2978; x_wconf 84' lang='lat' dir='ltr'><strong>venandi</strong></span> <span class='ocrx_word' id='word_1_404' title='bbox 2163 2937 2327 2980; x_wconf 85' lang='lat' dir='ltr'><strong>causa</strong></span> <span class='ocrx_word' id='word_1_405' title='bbox 2367 2926 2577 2996; x_wconf 90' lang='lat' dir='ltr'><strong>pariter</strong></span> <span class='ocrx_word' id='word_1_406' title='bbox 2615 2935 2669 2982; x_wconf 89' lang='lat' dir='ltr'><strong>et</strong></span> <span class='ocrx_word' id='word_1_407' title='bbox 2712 2929 2986 2985; x_wconf 89' lang='lat' dir='ltr'><strong>nutriendi</strong></span> <span class='ocrx_word' id='word_1_408' title='bbox 3037 2932 3476 3003; x_wconf 91' lang='lat' dir='ltr'><strong>disponerentur.</strong></span> 
     </span>
    </p>
   </div>
   <div class='ocr_carea' id='block_1_60' title="bbox 1883 3009 3480 3096">
    <p class='ocr_par' dir='ltr' id='par_1_60' title="bbox 1883 3009 3480 3096">
     <span class='ocr_line' id='line_1_60' title="bbox 1883 3009 3480 3096; baseline 0.01 -30"><span class='ocrx_word' id='word_1_409' title='bbox 1883 3009 1990 3067; x_wconf 91' lang='lat' dir='ltr'><strong>Sed</strong></span> <span class='ocrx_word' id='word_1_410' title='bbox 2016 3014 2197 3071; x_wconf 90' lang='lat' dir='ltr'><strong>ethoc</strong></span> <span class='ocrx_word' id='word_1_411' title='bbox 2230 3025 2285 3071; x_wconf 89' lang='lat' dir='ltr'><strong>et</strong></span> <span class='ocrx_word' id='word_1_412' title='bbox 2307 3015 2459 3084; x_wconf 88' lang='lat' dir='ltr'><strong>illud,</strong></span> <span class='ocrx_word' id='word_1_413' title='bbox 2499 3019 2553 3074; x_wconf 92' lang='lat' dir='ltr'><strong>id</strong></span> <span class='ocrx_word' id='word_1_414' title='bbox 2580 3027 2666 3076; x_wconf 91' lang='lat' dir='ltr'><strong>est</strong></span> <span class='ocrx_word' id='word_1_415' title='bbox 2691 3028 2746 3077; x_wconf 91' lang='lat' dir='ltr'><strong>et</strong></span> <span class='ocrx_word' id='word_1_416' title='bbox 2771 3020 2912 3077; x_wconf 88' lang='lat' dir='ltr'><strong>intra</strong></span> <span class='ocrx_word' id='word_1_417' title='bbox 2935 3032 2991 3078; x_wconf 92' lang='lat' dir='ltr'><strong>et</strong></span> <span class='ocrx_word' id='word_1_418' title='bbox 3011 3032 3165 3080; x_wconf 86' lang='lat' dir='ltr'><strong>extra</strong></span> <span class='ocrx_word' id='word_1_419' title='bbox 3192 3026 3480 3096; x_wconf 86' lang='lat' dir='ltr'><strong>palatium,</strong></span> 
     </span>
    </p>
   </div>
   <div class='ocr_carea' id='block_1_61' title="bbox 1879 3100 3481 3181">
    <p class='ocr_par' dir='ltr' id='par_1_61' title="bbox 1879 3100 3481 3181">
     <span class='ocr_line' id='line_1_61' title="bbox 1879 3100 3481 3181; baseline 0.009 -24"><span class='ocrx_word' id='word_1_420' title='bbox 1879 3100 1956 3158; x_wconf 89' lang='lat' dir='ltr'><strong>ita</strong></span> <span class='ocrx_word' id='word_1_421' title='bbox 1989 3119 2207 3175; x_wconf 90' lang='lat' dir='ltr'><strong>semper</strong></span> <span class='ocrx_word' id='word_1_422' title='bbox 2233 3121 2358 3162; x_wconf 89' lang='lat' dir='ltr'><strong>cum</strong></span> <span class='ocrx_word' id='word_1_423' title='bbox 2389 3123 2642 3165; x_wconf 90' lang='lat' dir='ltr'><strong>mensura</strong></span> <span class='ocrx_word' id='word_1_424' title='bbox 2669 3119 2725 3166; x_wconf 90' lang='lat' dir='ltr'><strong>et</strong></span> <span class='ocrx_word' id='word_1_425' title='bbox 2764 3112 2975 3169; x_wconf 91' lang='lat' dir='ltr'><strong>ratione</strong></span> <span class='ocrx_word' id='word_1_426' title='bbox 3009 3113 3389 3181; x_wconf 86' lang='lat' dir='ltr'><strong>ordinaretur,</strong></span> <span class='ocrx_word' id='word_1_427' title='bbox 3420 3127 3481 3172; x_wconf 88' lang='lat' dir='ltr'><strong>ut</strong></span> 
     </span>
    </p>
   </div>
   <div class='ocr_carea' id='block_1_62' title="bbox 1883 3198 3481 3278">
    <p class='ocr_par' dir='ltr' id='par_1_62' title="bbox 1883 3198 3481 3278">
     <span class='ocr_line' id='line_1_62' title="bbox 1883 3198 3481 3278; baseline 0.011 -31"><span class='ocrx_word' id='word_1_428' title='bbox 1883 3204 2146 3264; x_wconf 91' lang='lat' dir='ltr'><strong>quantum</strong></span> <span class='ocrx_word' id='word_1_429' title='bbox 2170 3198 2454 3268; x_wconf 89' lang='lat' dir='ltr'><strong>prodesset</strong></span> <span class='ocrx_word' id='word_1_430' title='bbox 2480 3209 2645 3268; x_wconf 88' lang='lat' dir='ltr'><strong>esset,</strong></span> <span class='ocrx_word' id='word_1_431' title='bbox 2679 3210 2734 3258; x_wconf 92' lang='lat' dir='ltr'><strong>et</strong></span> <span class='ocrx_word' id='word_1_432' title='bbox 2762 3213 3025 3274; x_wconf 91' lang='lat' dir='ltr'><strong>quantum</strong></span> <span class='ocrx_word' id='word_1_433' title='bbox 3057 3221 3164 3262; x_wconf 90' lang='lat' dir='ltr'><strong>non</strong></span> <span class='ocrx_word' id='word_1_434' title='bbox 3196 3209 3481 3278; x_wconf 85' lang='lat' dir='ltr'><strong>prodesset</strong></span> 
     </span>
    </p>
   </div>
   <div class='ocr_carea' id='block_1_63' title="bbox 178 3269 3482 3366">
    <p class='ocr_par' dir='ltr' id='par_1_63' title="bbox 178 3269 3482 3366">
     <span class='ocr_line' id='line_1_63' title="bbox 178 3269 3482 3366; baseline 0.002 -17"><span class='ocrx_word' id='word_1_435' title='bbox 178 3294 268 3350; x_wconf 88' lang='lat' dir='ltr'><strong>sin</strong></span> <span class='ocrx_word' id='word_1_436' title='bbox 319 3269 529 3359; x_wconf 71' lang='lat' dir='ltr'><strong>autem,</strong></span> <span class='ocrx_word' id='word_1_437' title='bbox 581 3293 669 3348; x_wconf 90' lang='lat' dir='ltr'><strong>lex</strong></span> <span class='ocrx_word' id='word_1_438' title='bbox 717 3269 900 3350; x_wconf 64' lang='lat' dir='ltr'><strong>saeculi</strong></span> <span class='ocrx_word' id='word_1_439' title='bbox 949 3293 1148 3351; x_wconf 91' lang='lat' dir='ltr'><strong>merito</strong></span> <span class='ocrx_word' id='word_1_440' title='bbox 1182 3269 1652 3366; x_wconf 75' lang='lat' dir='ltr'><strong>comprimeretur,</strong></span> <span class='ocrx_word' id='word_1_441' title='bbox 1683 3294 1776 3364; x_wconf 91' lang='lat' dir='ltr'><strong>ju-</strong></span> <span class='ocrx_word' id='word_1_442' title='bbox 1805 3269 1854 3334; x_wconf 66' lang='grc' dir='ltr'><strong>(ἶ</strong></span> <span class='ocrx_word' id='word_1_443' title='bbox 1886 3301 1995 3342; x_wconf 89' lang='lat' dir='ltr'><strong>non</strong></span> <span class='ocrx_word' id='word_1_444' title='bbox 2027 3296 2176 3344; x_wconf 90' lang='lat' dir='ltr'><strong>esset</strong></span> <span class='ocrx_word' id='word_1_445' title='bbox 2209 3307 2222 3343; x_wconf 94' lang='lat'>:</span> <span class='ocrx_word' id='word_1_446' title='bbox 2253 3291 2381 3361; x_wconf 88' lang='lat' dir='ltr'><strong>quia</strong></span> <span class='ocrx_word' id='word_1_447' title='bbox 2426 3291 2482 3348; x_wconf 93' lang='lat' dir='ltr'><strong>in</strong></span> <span class='ocrx_word' id='word_1_448' title='bbox 2521 3292 2656 3364; x_wconf 88' lang='lat' dir='ltr'><strong>ipsis</strong></span> <span class='ocrx_word' id='word_1_449' title='bbox 2702 3295 3022 3352; x_wconf 88' lang='lat' dir='ltr'><strong>ministeriis</strong></span> <span class='ocrx_word' id='word_1_450' title='bbox 3060 3313 3169 3354; x_wconf 90' lang='lat' dir='ltr'><strong>non</strong></span> <span class='ocrx_word' id='word_1_451' title='bbox 3201 3300 3280 3355; x_wconf 90' lang='lat' dir='ltr'><strong>sic</strong></span> <span class='ocrx_word' id='word_1_452' title='bbox 3318 3299 3482 3356; x_wconf 87' lang='lat' dir='ltr'><strong>facile</strong></span> 
     </span>
    </p>
   </div>
   <div class='ocr_carea' id='block_1_64' title="bbox 173 3381 973 3440">
    <p class='ocr_par' dir='ltr' id='par_1_64' title="bbox 173 3381 973 3440">
     <span class='ocr_line' id='line_1_64' title="bbox 173 3381 973 3440; baseline 0 -2"><span class='ocrx_word' id='word_1_453' title='bbox 173 3381 336 3438; x_wconf 87' lang='lat' dir='ltr'><strong>stitia</strong></span> <span class='ocrx_word' id='word_1_454' title='bbox 391 3382 486 3438; x_wconf 89' lang='lat' dir='ltr'><strong>Dei</strong></span> <span class='ocrx_word' id='word_1_455' title='bbox 534 3392 973 3440; x_wconf 86' lang='lat' dir='ltr'><strong>conservaretur.</strong></span> 
     </span>
    </p>
   </div>
   <div class='ocr_carea' id='block_1_65' title="bbox 249 3475 1777 3552">
    <p class='ocr_par' dir='ltr' id='par_1_65' title="bbox 249 3475 1777 3552">
     <span class='ocr_line' id='line_1_65' title="bbox 249 3475 1777 3552; baseline 0.005 -22"><span class='ocrx_word' id='word_1_456' title='bbox 249 3476 387 3530; x_wconf 64' lang='lat' dir='ltr'><strong>Car.</strong></span> <span class='ocrx_word' id='word_1_457' title='bbox 437 3475 600 3531; x_wconf 84' lang='lat' dir='ltr'><strong>XXII.</strong></span> <span class='ocrx_word' id='word_1_458' title='bbox 629 3476 709 3533; x_wconf 89' lang='lat' dir='ltr'><strong>De</strong></span> <span class='ocrx_word' id='word_1_459' title='bbox 734 3477 1020 3535; x_wconf 87' lang='lat' dir='ltr'><strong>honestate</strong></span> <span class='ocrx_word' id='word_1_460' title='bbox 1042 3493 1172 3535; x_wconf 86' lang='lat' dir='ltr'><strong>vero</strong></span> <span class='ocrx_word' id='word_1_461' title='bbox 1209 3479 1418 3552; x_wconf 84' lang='lat' dir='ltr'><strong>palatii,</strong></span> <span class='ocrx_word' id='word_1_462' title='bbox 1445 3497 1539 3538; x_wconf 90' lang='lat' dir='ltr'><strong>seu</strong></span> <span class='ocrx_word' id='word_1_463' title='bbox 1564 3481 1777 3552; x_wconf 90' lang='lat' dir='ltr'><strong>specia-</strong></span> 
     </span>
    </p>
   </div>
   <div class='ocr_carea' id='block_1_66' title="bbox 173 3571 1833 3640">
    <p class='ocr_par' dir='ltr' id='par_1_66' title="bbox 173 3571 1833 3640">
     <span class='ocr_line' id='line_1_66' title="bbox 173 3571 1833 3640; baseline 0.002 -14"><span class='ocrx_word' id='word_1_464' title='bbox 173 3571 314 3626; x_wconf 78' lang='lat' dir='ltr'><strong>liter</strong></span> <span class='ocrx_word' id='word_1_465' title='bbox 354 3577 678 3626; x_wconf 89' lang='lat' dir='ltr'><strong>ornamento</strong></span> <span class='ocrx_word' id='word_1_466' title='bbox 725 3571 914 3640; x_wconf 87' lang='lat' dir='ltr'><strong>regali,</strong></span> <span class='ocrx_word' id='word_1_467' title='bbox 962 3586 1173 3628; x_wconf 89' lang='lat' dir='ltr'><strong>necnon</strong></span> <span class='ocrx_word' id='word_1_468' title='bbox 1215 3581 1271 3627; x_wconf 91' lang='lat' dir='ltr'><strong>et</strong></span> <span class='ocrx_word' id='word_1_469' title='bbox 1300 3572 1366 3628; x_wconf 90' lang='lat' dir='ltr'><strong>de</strong></span> <span class='ocrx_word' id='word_1_470' title='bbox 1397 3573 1554 3628; x_wconf 88' lang='lat' dir='ltr'><strong>donis</strong></span> <span class='ocrx_word' id='word_1_471' title='bbox 1584 3573 1781 3629; x_wconf 89' lang='lat' dir='ltr'><strong>annuis</strong></span> <span class='ocrx_word' id='word_1_472' title='bbox 1829 3634 1833 3638; x_wconf 56' lang='grc'>,</span> 
     </span>
    </p>
   </div>
   <div class='ocr_carea' id='block_1_67' title="bbox 178 3661 1780 3737">
    <p class='ocr_par' dir='ltr' id='par_1_67' title="bbox 178 3661 1780 3737">
     <span class='ocr_line' id='line_1_67' title="bbox 178 3661 1780 3737; baseline 0.001 -19"><span class='ocrx_word' id='word_1_473' title='bbox 178 3661 444 3727; x_wconf 88' lang='lat' dir='ltr'><strong>militum,</strong></span> <span class='ocrx_word' id='word_1_474' title='bbox 473 3663 682 3732; x_wconf 88' lang='lat' dir='ltr'><strong>absque</strong></span> <span class='ocrx_word' id='word_1_475' title='bbox 700 3663 824 3718; x_wconf 92' lang='lat' dir='ltr'><strong>cibo</strong></span> <span class='ocrx_word' id='word_1_476' title='bbox 854 3671 908 3719; x_wconf 89' lang='lat' dir='ltr'><strong>et</strong></span> <span class='ocrx_word' id='word_1_477' title='bbox 937 3671 1085 3732; x_wconf 92' lang='lat' dir='ltr'><strong>potu,</strong></span> <span class='ocrx_word' id='word_1_478' title='bbox 1116 3663 1202 3718; x_wconf 90' lang='lat' dir='ltr'><strong>vel</strong></span> <span class='ocrx_word' id='word_1_479' title='bbox 1229 3666 1402 3734; x_wconf 87' lang='lat' dir='ltr'><strong>equis,</strong></span> <span class='ocrx_word' id='word_1_480' title='bbox 1442 3666 1511 3720; x_wconf 89' lang='lat' dir='ltr'><strong>ad</strong></span> <span class='ocrx_word' id='word_1_481' title='bbox 1534 3667 1780 3737; x_wconf 76' lang='lat' dir='ltr'><strong>reginam</strong></span> 
     </span>
    </p>
   </div>
   <div class='ocr_carea' id='block_1_68' title="bbox 177 3752 1780 3825">
    <p class='ocr_par' dir='ltr' id='par_1_68' title="bbox 177 3752 1780 3825">
     <span class='ocr_line' id='line_1_68' title="bbox 177 3752 1780 3825; baseline 0.003 -17"><span class='ocrx_word' id='word_1_482' title='bbox 177 3753 488 3824; x_wconf 83' lang='lat' dir='ltr'><strong>praecipue,</strong></span> <span class='ocrx_word' id='word_1_483' title='bbox 520 3762 576 3807; x_wconf 91' lang='lat' dir='ltr'><strong>et</strong></span> <span class='ocrx_word' id='word_1_484' title='bbox 603 3752 704 3808; x_wconf 90' lang='lat' dir='ltr'><strong>sub</strong></span> <span class='ocrx_word' id='word_1_485' title='bbox 747 3752 863 3822; x_wconf 85' lang='lat' dir='ltr'><strong>ipsa</strong></span> <span class='ocrx_word' id='word_1_486' title='bbox 893 3754 962 3809; x_wconf 90' lang='lat' dir='ltr'><strong>ad</strong></span> <span class='ocrx_word' id='word_1_487' title='bbox 1003 3756 1367 3810; x_wconf 88' lang='lat' dir='ltr'><strong>camerarium</strong></span> <span class='ocrx_word' id='word_1_488' title='bbox 1407 3758 1717 3825; x_wconf 89' lang='lat' dir='ltr'><strong>pertinebat</strong></span> <span class='ocrx_word' id='word_1_489' title='bbox 1764 3774 1780 3813; x_wconf 89' lang='lat'><strong>:</strong></span> 
     </span>
    </p>
   </div>
   <div class='ocr_carea' id='block_1_69' title="bbox 178 3841 1784 3917">
    <p class='ocr_par' dir='ltr' id='par_1_69' title="bbox 178 3841 1784 3917">
     <span class='ocr_line' id='line_1_69' title="bbox 178 3841 1784 3917; baseline 0.002 -16"><span class='ocrx_word' id='word_1_490' title='bbox 178 3859 241 3901; x_wconf 86' lang='lat' dir='ltr'><strong>et</strong></span> <span class='ocrx_word' id='word_1_491' title='bbox 259 3845 560 3900; x_wconf 89' lang='lat' dir='ltr'><strong>secundum</strong></span> <span class='ocrx_word' id='word_1_492' title='bbox 589 3841 850 3913; x_wconf 87' lang='lat' dir='ltr'><strong>cujusque</strong></span> <span class='ocrx_word' id='word_1_493' title='bbox 885 3845 966 3899; x_wconf 87' lang='lat' dir='ltr'><strong>rei</strong></span> <span class='ocrx_word' id='word_1_494' title='bbox 996 3845 1336 3914; x_wconf 88' lang='lat' dir='ltr'><strong>qualitatem,</strong></span> <span class='ocrx_word' id='word_1_495' title='bbox 1372 3847 1612 3917; x_wconf 92' lang='lat' dir='ltr'><strong>ipsorum</strong></span> <span class='ocrx_word' id='word_1_496' title='bbox 1637 3850 1784 3905; x_wconf 86' lang='lat' dir='ltr'><strong>solli-</strong></span> 
     </span>
    </p>
   </div>
   <div class='ocr_carea' id='block_1_70' title="bbox 180 3937 1784 4020">
    <p class='ocr_par' dir='ltr' id='par_1_70' title="bbox 180 3937 1784 4020">
     <span class='ocr_line' id='line_1_70' title="bbox 180 3937 1784 4020; baseline 0.005 -29"><span class='ocrx_word' id='word_1_497' title='bbox 180 3937 371 3992; x_wconf 85' lang='lat' dir='ltr'><strong>citudo</strong></span> <span class='ocrx_word' id='word_1_498' title='bbox 394 3946 533 4002; x_wconf 90' lang='lat' dir='ltr'><strong>erat,</strong></span> <span class='ocrx_word' id='word_1_499' title='bbox 565 3944 625 3991; x_wconf 90' lang='lat' dir='ltr'><strong>ut</strong></span> <span class='ocrx_word' id='word_1_500' title='bbox 652 3945 896 4008; x_wconf 91' lang='lat' dir='ltr'><strong>tempore</strong></span> <span class='ocrx_word' id='word_1_501' title='bbox 922 3953 1165 4008; x_wconf 87' lang='lat' dir='ltr'><strong>congruo</strong></span> <span class='ocrx_word' id='word_1_502' title='bbox 1194 3954 1411 4020; x_wconf 83' lang='lat' dir='ltr'><strong>semper</strong></span> <span class='ocrx_word' id='word_1_503' title='bbox 1452 3940 1630 3997; x_wconf 93' lang='lat' dir='ltr'><strong>futura</strong></span> <span class='ocrx_word' id='word_1_504' title='bbox 1659 3959 1784 4014; x_wconf 91' lang='lat' dir='ltr'><strong>pro-</strong></span> 
     </span>
    </p>
   </div>
   <div class='ocr_carea' id='block_1_71' title="bbox 181 4033 1785 4107">
    <p class='ocr_par' dir='ltr' id='par_1_71' title="bbox 181 4033 1785 4107">
     <span class='ocr_line' id='line_1_71' title="bbox 181 4033 1785 4107; baseline 0.002 -19"><span class='ocrx_word' id='word_1_505' title='bbox 181 4041 482 4103; x_wconf 76' lang='lat' dir='ltr'><strong>spicerent,</strong></span> <span class='ocrx_word' id='word_1_506' title='bbox 498 4046 568 4087; x_wconf 90' lang='lat' dir='ltr'><strong>ne</strong></span> <span class='ocrx_word' id='word_1_507' title='bbox 588 4033 716 4104; x_wconf 87' lang='lat' dir='ltr'><strong>quid</strong></span> <span class='ocrx_word' id='word_1_508' title='bbox 749 4034 875 4088; x_wconf 90' lang='lat' dir='ltr'><strong>dum</strong></span> <span class='ocrx_word' id='word_1_509' title='bbox 897 4050 1033 4106; x_wconf 91' lang='lat' dir='ltr'><strong>opus</strong></span> <span class='ocrx_word' id='word_1_510' title='bbox 1058 4043 1203 4092; x_wconf 89' lang='lat' dir='ltr'><strong>esset</strong></span> <span class='ocrx_word' id='word_1_511' title='bbox 1229 4035 1500 4092; x_wconf 88' lang='lat' dir='ltr'><strong>ullatenus</strong></span> <span class='ocrx_word' id='word_1_512' title='bbox 1526 4045 1785 4107; x_wconf 86' lang='lat' dir='ltr'><strong>opportu-</strong></span> 
     </span>
    </p>
   </div>
   <div class='ocr_carea' id='block_1_72' title="bbox 181 4123 1785 4194">
    <p class='ocr_par' dir='ltr' id='par_1_72' title="bbox 181 4123 1785 4194">
     <span class='ocr_line' id='line_1_72' title="bbox 181 4123 1785 4194; baseline 0.003 -16"><span class='ocrx_word' id='word_1_513' title='bbox 181 4139 257 4180; x_wconf 92' lang='lat' dir='ltr'><strong>no</strong></span> <span class='ocrx_word' id='word_1_514' title='bbox 283 4133 525 4194; x_wconf 90' lang='lat' dir='ltr'><strong>tempore</strong></span> <span class='ocrx_word' id='word_1_515' title='bbox 557 4123 837 4180; x_wconf 81' lang='lat' dir='ltr'><strong>defuisset.</strong></span> <span class='ocrx_word' id='word_1_516' title='bbox 875 4126 952 4180; x_wconf 92' lang='lat' dir='ltr'><strong>De</strong></span> <span class='ocrx_word' id='word_1_517' title='bbox 981 4126 1138 4182; x_wconf 91' lang='lat' dir='ltr'><strong>donis</strong></span> <span class='ocrx_word' id='word_1_518' title='bbox 1170 4140 1302 4183; x_wconf 88' lang='lat' dir='ltr'><strong>vero</strong></span> <span class='ocrx_word' id='word_1_519' title='bbox 1334 4126 1674 4182; x_wconf 89' lang='lat' dir='ltr'><strong>diversarum</strong></span> <span class='ocrx_word' id='word_1_520' title='bbox 1705 4127 1785 4183; x_wconf 82' lang='lat' dir='ltr'><strong>le-</strong></span> 
     </span>
    </p>
   </div>
   <div class='ocr_carea' id='block_1_73' title="bbox 181 4216 1784 4290">
    <p class='ocr_par' dir='ltr' id='par_1_73' title="bbox 181 4216 1784 4290">
     <span class='ocr_line' id='line_1_73' title="bbox 181 4216 1784 4290; baseline 0.002 -20"><span class='ocrx_word' id='word_1_521' title='bbox 181 4216 486 4288; x_wconf 78' lang='lat' dir='ltr'><strong>gationum,</strong></span> <span class='ocrx_word' id='word_1_522' title='bbox 543 4217 609 4272; x_wconf 86' lang='lat' dir='ltr'><strong>ad</strong></span> <span class='ocrx_word' id='word_1_523' title='bbox 648 4217 1011 4272; x_wconf 89' lang='lat' dir='ltr'><strong>camerarium</strong></span> <span class='ocrx_word' id='word_1_524' title='bbox 1068 4219 1370 4290; x_wconf 90' lang='lat' dir='ltr'><strong>aspiciebat</strong></span> <span class='ocrx_word' id='word_1_525' title='bbox 1423 4237 1436 4273; x_wconf 93' lang='lat'><strong>:</strong></span> <span class='ocrx_word' id='word_1_526' title='bbox 1487 4220 1590 4276; x_wconf 89' lang='lat' dir='ltr'><strong>nisi</strong></span> <span class='ocrx_word' id='word_1_527' title='bbox 1645 4220 1784 4276; x_wconf 91' lang='lat' dir='ltr'><strong>forte</strong></span> 
     </span>
    </p>
   </div>
   <div class='ocr_carea' id='block_1_74' title="bbox 174 4309 1786 4384">
    <p class='ocr_par' dir='ltr' id='par_1_74' title="bbox 174 4309 1786 4384">
     <span class='ocr_line' id='line_1_74' title="bbox 174 4309 1786 4384; baseline 0 -17"><span class='ocrx_word' id='word_1_528' title='bbox 174 4309 408 4381; x_wconf 62' lang='lat' dir='ltr'><strong>iubente</strong></span> <span class='ocrx_word' id='word_1_529' title='bbox 441 4322 572 4379; x_wconf 85' lang='lat' dir='ltr'><strong>rege</strong></span> <span class='ocrx_word' id='word_1_530' title='bbox 603 4309 710 4364; x_wconf 89' lang='lat' dir='ltr'><strong>tale</strong></span> <span class='ocrx_word' id='word_1_531' title='bbox 743 4309 950 4381; x_wconf 90' lang='lat' dir='ltr'><strong>aliquid</strong></span> <span class='ocrx_word' id='word_1_532' title='bbox 981 4320 1142 4378; x_wconf 90' lang='lat' dir='ltr'><strong>esset,</strong></span> <span class='ocrx_word' id='word_1_533' title='bbox 1177 4311 1322 4382; x_wconf 91' lang='lat' dir='ltr'><strong>quod</strong></span> <span class='ocrx_word' id='word_1_534' title='bbox 1351 4312 1552 4384; x_wconf 82' lang='lat' dir='ltr'><strong>reginae</strong></span> <span class='ocrx_word' id='word_1_535' title='bbox 1582 4313 1650 4370; x_wconf 90' lang='lat' dir='ltr'><strong>ad</strong></span> <span class='ocrx_word' id='word_1_536' title='bbox 1675 4323 1786 4368; x_wconf 86' lang='lat' dir='ltr'><strong>tra-</strong></span> 
     </span>
    </p>
   </div>
   <div class='ocr_carea' id='block_1_75' title="bbox 181 4399 1786 4476">
    <p class='ocr_par' dir='ltr' id='par_1_75' title="bbox 181 4399 1786 4476">
     <span class='ocr_line' id='line_1_75' title="bbox 181 4399 1786 4476; baseline 0.006 -23"><span class='ocrx_word' id='word_1_537' title='bbox 181 4400 441 4454; x_wconf 88' lang='lat' dir='ltr'><strong>ctandum</strong></span> <span class='ocrx_word' id='word_1_538' title='bbox 472 4415 594 4455; x_wconf 93' lang='lat' dir='ltr'><strong>cum</strong></span> <span class='ocrx_word' id='word_1_539' title='bbox 625 4402 744 4474; x_wconf 92' lang='lat' dir='ltr'><strong>ipso</strong></span> <span class='ocrx_word' id='word_1_540' title='bbox 771 4399 1115 4476; x_wconf 86' lang='lat' dir='ltr'><strong>congrueret.</strong></span> <span class='ocrx_word' id='word_1_541' title='bbox 1151 4405 1278 4462; x_wconf 80' lang='lat' dir='ltr'><strong>Haec</strong></span> <span class='ocrx_word' id='word_1_542' title='bbox 1307 4415 1489 4462; x_wconf 87' lang='lat' dir='ltr'><strong>autem</strong></span> <span class='ocrx_word' id='word_1_543' title='bbox 1518 4406 1703 4463; x_wconf 88' lang='lat' dir='ltr'><strong>omnia</strong></span> <span class='ocrx_word' id='word_1_544' title='bbox 1731 4416 1786 4463; x_wconf 92' lang='lat' dir='ltr'><strong>et</strong></span> 
     </span>
    </p>
   </div>
   <div class='ocr_carea' id='block_1_76' title="bbox 182 4485 1784 4564">
    <p class='ocr_par' dir='ltr' id='par_1_76' title="bbox 182 4485 1784 4564">
     <span class='ocr_line' id='line_1_76' title="bbox 182 4485 1784 4564; baseline 0.006 -18"><span class='ocrx_word' id='word_1_545' title='bbox 182 4485 273 4547; x_wconf 82' lang='lat' dir='ltr'><strong>his</strong></span> <span class='ocrx_word' id='word_1_546' title='bbox 313 4491 510 4548; x_wconf 87' lang='lat' dir='ltr'><strong>similia</strong></span> <span class='ocrx_word' id='word_1_547' title='bbox 549 4509 616 4550; x_wconf 90' lang='lat' dir='ltr'><strong>eo</strong></span> <span class='ocrx_word' id='word_1_548' title='bbox 645 4495 1022 4564; x_wconf 89' lang='lat' dir='ltr'><strong>intendebant,</strong></span> <span class='ocrx_word' id='word_1_549' title='bbox 1062 4506 1126 4553; x_wconf 89' lang='lat' dir='ltr'><strong>ut</strong></span> <span class='ocrx_word' id='word_1_550' title='bbox 1147 4499 1216 4554; x_wconf 90' lang='lat' dir='ltr'><strong>ab</strong></span> <span class='ocrx_word' id='word_1_551' title='bbox 1240 4500 1387 4554; x_wconf 94' lang='lat' dir='ltr'><strong>omni</strong></span> <span class='ocrx_word' id='word_1_552' title='bbox 1418 4499 1784 4556; x_wconf 88' lang='lat' dir='ltr'><strong>sollicitudine</strong></span> 
     </span>
    </p>
   </div>
   <div class='ocr_carea' id='block_1_77' title="bbox 183 4585 1785 4661">
    <p class='ocr_par' dir='ltr' id='par_1_77' title="bbox 183 4585 1785 4661">
     <span class='ocr_line' id='line_1_77' title="bbox 183 4585 1785 4661; baseline 0.003 -21"><span class='ocrx_word' id='word_1_553' title='bbox 183 4585 486 4640; x_wconf 85' lang='lat' dir='ltr'><strong>domestica</strong></span> <span class='ocrx_word' id='word_1_554' title='bbox 512 4587 598 4642; x_wconf 89' lang='lat' dir='ltr'><strong>vel</strong></span> <span class='ocrx_word' id='word_1_555' title='bbox 633 4587 867 4656; x_wconf 90' lang='lat' dir='ltr'><strong>palatina</strong></span> <span class='ocrx_word' id='word_1_556' title='bbox 884 4632 899 4655; x_wconf 96' lang='lat'><strong>,</strong></span> <span class='ocrx_word' id='word_1_557' title='bbox 932 4591 988 4645; x_wconf 92' lang='lat' dir='ltr'><strong>in</strong></span> <span class='ocrx_word' id='word_1_558' title='bbox 1013 4601 1278 4661; x_wconf 87' lang='lat' dir='ltr'><strong>quantum</strong></span> <span class='ocrx_word' id='word_1_559' title='bbox 1305 4591 1703 4649; x_wconf 87' lang='lat' dir='ltr'><strong>rationabiliter</strong></span> <span class='ocrx_word' id='word_1_560' title='bbox 1729 4601 1785 4647; x_wconf 92' lang='lat' dir='ltr'><strong>et</strong></span> 
     </span>
    </p>
   </div>
   <div class='ocr_carea' id='block_1_78' title="bbox 185 4680 1787 4755">
    <p class='ocr_par' dir='ltr' id='par_1_78' title="bbox 185 4680 1787 4755">
     <span class='ocr_line' id='line_1_78' title="bbox 185 4680 1787 4755; baseline 0.004 -21"><span class='ocrx_word' id='word_1_561' title='bbox 185 4680 414 4734; x_wconf 88' lang='lat' dir='ltr'><strong>honeste</strong></span> <span class='ocrx_word' id='word_1_562' title='bbox 450 4688 573 4735; x_wconf 84' lang='lat' dir='ltr'><strong>esse</strong></span> <span class='ocrx_word' id='word_1_563' title='bbox 603 4689 835 4750; x_wconf 88' lang='lat' dir='ltr'><strong>poterat,</strong></span> <span class='ocrx_word' id='word_1_564' title='bbox 871 4682 1104 4737; x_wconf 91' lang='lat' dir='ltr'><strong>domnus</strong></span> <span class='ocrx_word' id='word_1_565' title='bbox 1139 4699 1234 4738; x_wconf 85' lang='lat' dir='ltr'><strong>rex</strong></span> <span class='ocrx_word' id='word_1_566' title='bbox 1274 4685 1637 4755; x_wconf 89' lang='lat' dir='ltr'><strong>omnipotenti</strong></span> <span class='ocrx_word' id='word_1_567' title='bbox 1675 4685 1787 4740; x_wconf 90' lang='lat' dir='ltr'><strong>Deo</strong></span> 
     </span>
    </p>
   </div>
   <div class='ocr_carea' id='block_1_79' title="bbox 183 4771 1791 4847">
    <p class='ocr_par' dir='ltr' id='par_1_79' title="bbox 183 4771 1791 4847">
     <span class='ocr_line' id='line_1_79' title="bbox 183 4771 1791 4847; baseline 0.004 -24"><span class='ocrx_word' id='word_1_568' title='bbox 183 4785 338 4839; x_wconf 86' lang='lat' dir='ltr'><strong>spem</strong></span> <span class='ocrx_word' id='word_1_569' title='bbox 371 4785 526 4825; x_wconf 89' lang='lat' dir='ltr'><strong>suam</strong></span> <span class='ocrx_word' id='word_1_570' title='bbox 558 4771 928 4829; x_wconf 85' lang='lat' dir='ltr'><strong>indesinenter</strong></span> <span class='ocrx_word' id='word_1_571' title='bbox 953 4775 1326 4841; x_wconf 90' lang='lat' dir='ltr'><strong>committens,</strong></span> <span class='ocrx_word' id='word_1_572' title='bbox 1349 4776 1417 4830; x_wconf 90' lang='lat' dir='ltr'><strong>ad</strong></span> <span class='ocrx_word' id='word_1_573' title='bbox 1443 4777 1610 4832; x_wconf 87' lang='lat' dir='ltr'><strong>totius</strong></span> <span class='ocrx_word' id='word_1_574' title='bbox 1633 4775 1791 4847; x_wconf 84' lang='lat' dir='ltr'><strong>regni</strong></span> 
     </span>
    </p>
   </div>
   <div class='ocr_carea' id='block_1_80' title="bbox 183 4865 1790 4924">
    <p class='ocr_par' dir='ltr' id='par_1_80' title="bbox 183 4865 1790 4924">
     <span class='ocr_line' id='line_1_80' title="bbox 183 4865 1790 4924; baseline 0.003 -5"><span class='ocrx_word' id='word_1_575' title='bbox 183 4872 391 4919; x_wconf 85' lang='lat' dir='ltr'><strong>statum</strong></span> <span class='ocrx_word' id='word_1_576' title='bbox 422 4865 782 4923; x_wconf 89' lang='lat' dir='ltr'><strong>ordinandum</strong></span> <span class='ocrx_word' id='word_1_577' title='bbox 802 4868 884 4923; x_wconf 85' lang='lat' dir='ltr'><strong>vel</strong></span> <span class='ocrx_word' id='word_1_578' title='bbox 915 4870 1345 4924; x_wconf 86' lang='lat' dir='ltr'><strong>conservandum</strong></span> <span class='ocrx_word' id='word_1_579' title='bbox 1364 4870 1606 4924; x_wconf 89' lang='lat' dir='ltr'><strong>animum</strong></span> <span class='ocrx_word' id='word_1_580' title='bbox 1649 4884 1790 4924; x_wconf 80' lang='lat' dir='ltr'><strong>sem-</strong></span> 
     </span>
    </p>
   </div>
   <div class='ocr_carea' id='block_1_81' title="bbox 184 4962 1082 5032">
    <p class='ocr_par' dir='ltr' id='par_1_81' title="bbox 184 4962 1082 5032">
     <span class='ocr_line' id='line_1_81' title="bbox 184 4962 1082 5032; baseline 0.004 -20"><span class='ocrx_word' id='word_1_581' title='bbox 184 4972 287 5027; x_wconf 89' lang='lat' dir='ltr'><strong>per</strong></span> <span class='ocrx_word' id='word_1_582' title='bbox 308 4973 464 5013; x_wconf 85' lang='lat' dir='ltr'><strong>suum</strong></span> <span class='ocrx_word' id='word_1_583' title='bbox 491 4970 802 5032; x_wconf 91' lang='lat' dir='ltr'><strong>promptum</strong></span> <span class='ocrx_word' id='word_1_584' title='bbox 830 4962 1082 5018; x_wconf 90' lang='lat' dir='ltr'><strong>haberet.</strong></span> 
     </span>
    </p>
   </div>
   <div class='ocr_carea' id='block_1_82' title="bbox 257 5048 1791 5122">
    <p class='ocr_par' dir='ltr' id='par_1_82' title="bbox 257 5048 1791 5122">
     <span class='ocr_line' id='line_1_82' title="bbox 257 5048 1791 5122; baseline 0.007 -19"><span class='ocrx_word' id='word_1_585' title='bbox 257 5049 391 5104; x_wconf 69' lang='lat' dir='ltr'><strong>Car.</strong></span> <span class='ocrx_word' id='word_1_586' title='bbox 433 5048 621 5106; x_wconf 82' lang='lat' dir='ltr'><strong>XXIII.</strong></span> <span class='ocrx_word' id='word_1_587' title='bbox 662 5051 745 5107; x_wconf 82' lang='lat' dir='ltr'><strong>Ad</strong></span> <span class='ocrx_word' id='word_1_588' title='bbox 789 5060 905 5108; x_wconf 88' lang='lat' dir='ltr'><strong>tres</strong></span> <span class='ocrx_word' id='word_1_589' title='bbox 950 5063 1133 5109; x_wconf 89' lang='lat' dir='ltr'><strong>autem</strong></span> <span class='ocrx_word' id='word_1_590' title='bbox 1178 5055 1584 5122; x_wconf 89' lang='lat' dir='ltr'><strong>ministeriales,</strong></span> <span class='ocrx_word' id='word_1_591' title='bbox 1632 5071 1791 5114; x_wconf 85' lang='lat' dir='ltr'><strong>sene-</strong></span> 
     </span>
    </p>
   </div>
   <div class='ocr_carea' id='block_1_83' title="bbox 187 5140 1788 5218">
    <p class='ocr_par' dir='ltr' id='par_1_83' title="bbox 187 5140 1788 5218">
     <span class='ocr_line' id='line_1_83' title="bbox 187 5140 1788 5218; baseline 0.005 -20"><span class='ocrx_word' id='word_1_592' title='bbox 187 5140 452 5208; x_wconf 85' lang='lat' dir='ltr'><strong>scalcum,</strong></span> <span class='ocrx_word' id='word_1_593' title='bbox 487 5144 893 5211; x_wconf 88' lang='lat' dir='ltr'><strong>buticularium,</strong></span> <span class='ocrx_word' id='word_1_594' title='bbox 925 5155 981 5202; x_wconf 91' lang='lat' dir='ltr'><strong>et</strong></span> <span class='ocrx_word' id='word_1_595' title='bbox 1026 5148 1283 5204; x_wconf 89' lang='lat' dir='ltr'><strong>comitem</strong></span> <span class='ocrx_word' id='word_1_596' title='bbox 1326 5150 1549 5218; x_wconf 85' lang='lat' dir='ltr'><strong>stabuli,</strong></span> <span class='ocrx_word' id='word_1_597' title='bbox 1592 5166 1788 5207; x_wconf 87' lang='lat' dir='ltr'><strong>secun-</strong></span> 
     </span>
    </p>
   </div>
   <div class='ocr_carea' id='block_1_84' title="bbox 188 5235 1788 5314">
    <p class='ocr_par' dir='ltr' id='par_1_84' title="bbox 188 5235 1788 5314">
     <span class='ocr_line' id='line_1_84' title="bbox 188 5235 1788 5314; baseline 0.006 -24"><span class='ocrx_word' id='word_1_598' title='bbox 188 5236 317 5290; x_wconf 87' lang='lat' dir='ltr'><strong>dum</strong></span> <span class='ocrx_word' id='word_1_599' title='bbox 351 5235 779 5309; x_wconf 87' lang='lat' dir='ltr'><strong>uniuscujusque</strong></span> <span class='ocrx_word' id='word_1_600' title='bbox 819 5239 1113 5295; x_wconf 89' lang='lat' dir='ltr'><strong>ministerii</strong></span> <span class='ocrx_word' id='word_1_601' title='bbox 1142 5241 1462 5312; x_wconf 90' lang='lat' dir='ltr'><strong>qualitatem</strong></span> <span class='ocrx_word' id='word_1_602' title='bbox 1497 5243 1583 5299; x_wconf 90' lang='lat' dir='ltr'><strong>vel</strong></span> <span class='ocrx_word' id='word_1_603' title='bbox 1610 5259 1788 5314; x_wconf 90' lang='lat' dir='ltr'><strong>quan-</strong></span> 
     </span>
    </p>
   </div>
   <div class='ocr_carea' id='block_1_85' title="bbox 189 5329 1789 5402">
    <p class='ocr_par' dir='ltr' id='par_1_85' title="bbox 189 5329 1789 5402">
     <span class='ocr_line' id='line_1_85' title="bbox 189 5329 1789 5402; baseline 0.006 -18"><span class='ocrx_word' id='word_1_604' title='bbox 189 5329 406 5384; x_wconf 87' lang='lat' dir='ltr'><strong>titatem</strong></span> <span class='ocrx_word' id='word_1_605' title='bbox 454 5331 782 5402; x_wconf 89' lang='lat' dir='ltr'><strong>pertinebat,</strong></span> <span class='ocrx_word' id='word_1_606' title='bbox 817 5341 878 5387; x_wconf 92' lang='lat' dir='ltr'><strong>ut</strong></span> <span class='ocrx_word' id='word_1_607' title='bbox 920 5349 1043 5388; x_wconf 91' lang='lat' dir='ltr'><strong>cum</strong></span> <span class='ocrx_word' id='word_1_608' title='bbox 1070 5336 1349 5390; x_wconf 91' lang='lat' dir='ltr'><strong>communi</strong></span> <span class='ocrx_word' id='word_1_609' title='bbox 1397 5352 1670 5393; x_wconf 90' lang='lat' dir='ltr'><strong>consensu</strong></span> <span class='ocrx_word' id='word_1_610' title='bbox 1719 5338 1789 5393; x_wconf 91' lang='lat' dir='ltr'><strong>de</strong></span> 
     </span>
    </p>
   </div>
   <div class='ocr_carea' id='block_1_86' title="bbox 189 5422 1786 5500">
    <p class='ocr_par' dir='ltr' id='par_1_86' title="bbox 189 5422 1786 5500">
     <span class='ocr_line' id='line_1_86' title="bbox 189 5422 1786 5500; baseline 0.005 -24"><span class='ocrx_word' id='word_1_611' title='bbox 189 5436 290 5476; x_wconf 90' lang='lat' dir='ltr'><strong>suo</strong></span> <span class='ocrx_word' id='word_1_612' title='bbox 310 5422 542 5492; x_wconf 91' lang='lat' dir='ltr'><strong>quisque</strong></span> <span class='ocrx_word' id='word_1_613' title='bbox 561 5424 864 5482; x_wconf 87' lang='lat' dir='ltr'><strong>ministerio</strong></span> <span class='ocrx_word' id='word_1_614' title='bbox 881 5427 1208 5482; x_wconf 89' lang='lat' dir='ltr'><strong>admonendi</strong></span> <span class='ocrx_word' id='word_1_615' title='bbox 1229 5443 1337 5482; x_wconf 93' lang='lat' dir='ltr'><strong>non</strong></span> <span class='ocrx_word' id='word_1_616' title='bbox 1365 5436 1551 5485; x_wconf 90' lang='lat' dir='ltr'><strong>essent</strong></span> <span class='ocrx_word' id='word_1_617' title='bbox 1570 5442 1786 5500; x_wconf 85' lang='lat' dir='ltr'><strong>segnes,</strong></span> 
     </span>
    </p>
   </div>
   <div class='ocr_carea' id='block_1_87' title="bbox 187 5513 1790 5592">
    <p class='ocr_par' dir='ltr' id='par_1_87' title="bbox 187 5513 1790 5592">
     <span class='ocr_line' id='line_1_87' title="bbox 187 5513 1790 5592; baseline 0.006 -26"><span class='ocrx_word' id='word_1_618' title='bbox 187 5521 252 5567; x_wconf 93' lang='lat' dir='ltr'><strong>ut</strong></span> <span class='ocrx_word' id='word_1_619' title='bbox 267 5513 593 5584; x_wconf 89' lang='lat' dir='ltr'><strong>quantocius</strong></span> <span class='ocrx_word' id='word_1_620' title='bbox 611 5530 732 5571; x_wconf 89' lang='lat' dir='ltr'><strong>esse</strong></span> <span class='ocrx_word' id='word_1_621' title='bbox 744 5517 1028 5588; x_wconf 86' lang='lat' dir='ltr'><strong>potuisset,</strong></span> <span class='ocrx_word' id='word_1_622' title='bbox 1047 5533 1237 5574; x_wconf 88' lang='lat' dir='ltr'><strong>omnes</strong></span> <span class='ocrx_word' id='word_1_623' title='bbox 1259 5529 1475 5575; x_wconf 90' lang='lat' dir='ltr'><strong>actores</strong></span> <span class='ocrx_word' id='word_1_624' title='bbox 1491 5521 1634 5591; x_wconf 85' lang='lat' dir='ltr'><strong>regis</strong></span> <span class='ocrx_word' id='word_1_625' title='bbox 1649 5536 1790 5592; x_wconf 70' lang='lat' dir='ltr'><strong>prm-</strong></span> 
     </span>
    </p>
   </div>
   <div class='ocr_carea' id='block_1_88' title="bbox 189 5603 1796 5682">
    <p class='ocr_par' dir='ltr' id='par_1_88' title="bbox 189 5603 1796 5682">
     <span class='ocr_line' id='line_1_88' title="bbox 189 5603 1796 5682; baseline 0.004 -23"><span class='ocrx_word' id='word_1_626' title='bbox 189 5603 418 5669; x_wconf 85' lang='lat' dir='ltr'><strong>scirent,</strong></span> <span class='ocrx_word' id='word_1_627' title='bbox 443 5604 535 5660; x_wconf 90' lang='lat' dir='ltr'><strong>ubi</strong></span> <span class='ocrx_word' id='word_1_628' title='bbox 553 5605 742 5662; x_wconf 90' lang='lat' dir='ltr'><strong>velubi</strong></span> <span class='ocrx_word' id='word_1_629' title='bbox 767 5625 863 5664; x_wconf 84' lang='lat' dir='ltr'><strong>rex</strong></span> <span class='ocrx_word' id='word_1_630' title='bbox 889 5608 980 5664; x_wconf 86' lang='lat' dir='ltr'><strong>illo</strong></span> <span class='ocrx_word' id='word_1_631' title='bbox 1008 5609 1093 5666; x_wconf 90' lang='lat' dir='ltr'><strong>vel</strong></span> <span class='ocrx_word' id='word_1_632' title='bbox 1108 5608 1201 5665; x_wconf 91' lang='lat' dir='ltr'><strong>illo</strong></span> <span class='ocrx_word' id='word_1_633' title='bbox 1228 5617 1492 5682; x_wconf 88' lang='lat' dir='ltr'><strong>tempore,</strong></span> <span class='ocrx_word' id='word_1_634' title='bbox 1522 5619 1678 5666; x_wconf 87' lang='lat' dir='ltr'><strong>tanto</strong></span> <span class='ocrx_word' id='word_1_635' title='bbox 1704 5609 1796 5668; x_wconf 90' lang='lat' dir='ltr'><strong>vel</strong></span> 
     </span>
    </p>
   </div>
   <div class='ocr_carea' id='block_1_89' title="bbox 189 5697 1788 5773">
    <p class='ocr_par' dir='ltr' id='par_1_89' title="bbox 189 5697 1788 5773">
     <span class='ocr_line' id='line_1_89' title="bbox 189 5697 1788 5773; baseline 0.008 -25"><span class='ocrx_word' id='word_1_636' title='bbox 189 5703 350 5750; x_wconf 85' lang='lat' dir='ltr'><strong>tanto</strong></span> <span class='ocrx_word' id='word_1_637' title='bbox 372 5697 548 5766; x_wconf 89' lang='lat' dir='ltr'><strong>spatio</strong></span> <span class='ocrx_word' id='word_1_638' title='bbox 577 5713 800 5755; x_wconf 90' lang='lat' dir='ltr'><strong>manere</strong></span> <span class='ocrx_word' id='word_1_639' title='bbox 821 5699 1113 5768; x_wconf 88' lang='lat' dir='ltr'><strong>debuisset,</strong></span> <span class='ocrx_word' id='word_1_640' title='bbox 1137 5711 1362 5773; x_wconf 87' lang='lat' dir='ltr'><strong>propter</strong></span> <span class='ocrx_word' id='word_1_641' title='bbox 1382 5703 1788 5773; x_wconf 90' lang='lat' dir='ltr'><strong>adductionem,</strong></span> 
     </span>
    </p>
   </div>
   <div class='ocr_carea' id='block_1_90' title="bbox 186 5783 1788 5862">
    <p class='ocr_par' dir='ltr' id='par_1_90' title="bbox 186 5783 1788 5862">
     <span class='ocr_line' id='line_1_90' title="bbox 186 5783 1788 5862; baseline 0.008 -21"><span class='ocrx_word' id='word_1_642' title='bbox 186 5783 277 5841; x_wconf 75' lang='lat' dir='ltr'><strong>vel</strong></span> <span class='ocrx_word' id='word_1_643' title='bbox 319 5789 775 5857; x_wconf 83' lang='lat' dir='ltr'><strong>praeparationem</strong></span> <span class='ocrx_word' id='word_1_644' title='bbox 823 5808 838 5845; x_wconf 90' lang='lat'><strong>:</strong></span> <span class='ocrx_word' id='word_1_645' title='bbox 883 5806 953 5846; x_wconf 92' lang='lat' dir='ltr'><strong>ne</strong></span> <span class='ocrx_word' id='word_1_646' title='bbox 981 5789 1124 5848; x_wconf 89' lang='lat' dir='ltr'><strong>forte</strong></span> <span class='ocrx_word' id='word_1_647' title='bbox 1171 5793 1328 5848; x_wconf 91' lang='lat' dir='ltr'><strong>tarde</strong></span> <span class='ocrx_word' id='word_1_648' title='bbox 1362 5793 1622 5862; x_wconf 88' lang='lat' dir='ltr'><strong>scientes,</strong></span> <span class='ocrx_word' id='word_1_649' title='bbox 1661 5799 1788 5854; x_wconf 88' lang='lat' dir='ltr'><strong>dum</strong></span> 
     </span>
    </p>
   </div>
   <div class='ocr_carea' id='block_1_91' title="bbox 191 5879 1790 5955">
    <p class='ocr_par' dir='ltr' id='par_1_91' title="bbox 191 5879 1790 5955">
     <span class='ocr_line' id='line_1_91' title="bbox 191 5879 1790 5955; baseline 0.008 -19"><span class='ocrx_word' id='word_1_650' title='bbox 191 5879 562 5953; x_wconf 87' lang='lat' dir='ltr'><strong>inopportuno</strong></span> <span class='ocrx_word' id='word_1_651' title='bbox 609 5891 874 5955; x_wconf 88' lang='lat' dir='ltr'><strong>tempore,</strong></span> <span class='ocrx_word' id='word_1_652' title='bbox 911 5887 996 5940; x_wconf 90' lang='lat' dir='ltr'><strong>vel</strong></span> <span class='ocrx_word' id='word_1_653' title='bbox 1043 5905 1166 5944; x_wconf 92' lang='lat' dir='ltr'><strong>cum</strong></span> <span class='ocrx_word' id='word_1_654' title='bbox 1219 5889 1387 5944; x_wconf 89' lang='lat' dir='ltr'><strong>nimia</strong></span> <span class='ocrx_word' id='word_1_655' title='bbox 1437 5887 1790 5948; x_wconf 83' lang='lat' dir='ltr'><strong>festinatione</strong></span> 
     </span>
    </p>
   </div>
   <div class='ocr_carea' id='block_1_92' title="bbox 482 5968 1099 6042">
    <p class='ocr_par' dir='ltr' id='par_1_92' title="bbox 482 5968 1099 6042">
     <span class='ocr_line' id='line_1_92' title="bbox 482 5968 1099 6042; baseline 0.008 -5"><span class='ocrx_word' id='word_1_656' title='bbox 482 5977 753 6040; x_wconf 67' lang='lat' dir='ltr'><strong>Paraon.</strong></span> <span class='ocrx_word' id='word_1_657' title='bbox 801 5977 1056 6042; x_wconf 84' lang='lat' dir='ltr'><strong>CXXV.</strong></span> <span class='ocrx_word' id='word_1_658' title='bbox 1091 5968 1099 5971; x_wconf 59' lang='grc'><strong>’</strong></span> 
     </span>
    </p>
   </div>
   <div class='ocr_carea' id='block_1_93' title="bbox 1810 4645 1866 4708">
    <p class='ocr_par' dir='ltr' id='par_1_93' title="bbox 1810 4645 1866 4708">
     <span class='ocr_line' id='line_1_93' title="bbox 1810 4645 1866 4708; baseline 0 -2"><span class='ocrx_word' id='word_1_659' title='bbox 1810 4645 1866 4708; x_wconf 89' lang='lat' dir='ltr'><strong>D</strong></span> 
     </span>
    </p>
   </div>
   <div class='ocr_carea' id='block_1_94' title="bbox 1887 3378 3479 3457">
    <p class='ocr_par' dir='ltr' id='par_1_94' title="bbox 1887 3378 3479 3457">
     <span class='ocr_line' id='line_1_94' title="bbox 1887 3378 3479 3457; baseline 0.009 -23"><span class='ocrx_word' id='word_1_660' title='bbox 1887 3389 2070 3436; x_wconf 90' lang='lat' dir='ltr'><strong>certus</strong></span> <span class='ocrx_word' id='word_1_661' title='bbox 2089 3398 2367 3451; x_wconf 88' lang='lat' dir='ltr'><strong>numerus,</strong></span> <span class='ocrx_word' id='word_1_662' title='bbox 2393 3393 2486 3440; x_wconf 87' lang='lat' dir='ltr'><strong>aut</strong></span> <span class='ocrx_word' id='word_1_663' title='bbox 2500 3385 2803 3453; x_wconf 88' lang='lat' dir='ltr'><strong>hominum,</strong></span> <span class='ocrx_word' id='word_1_664' title='bbox 2829 3396 2922 3444; x_wconf 90' lang='lat' dir='ltr'><strong>aut</strong></span> <span class='ocrx_word' id='word_1_665' title='bbox 2942 3378 3158 3457; x_wconf 80' lang='lat' dir='ltr'><strong>&#39;canum,</strong></span> <span class='ocrx_word' id='word_1_666' title='bbox 3183 3399 3277 3447; x_wconf 79' lang='lat' dir='ltr'><strong>aut</strong></span> <span class='ocrx_word' id='word_1_667' title='bbox 3297 3392 3479 3447; x_wconf 91' lang='lat' dir='ltr'><strong>avium</strong></span> 
     </span>
    </p>
   </div>
   <div class='ocr_carea' id='block_1_95' title="bbox 1886 3470 3477 3553">
    <p class='ocr_par' dir='ltr' id='par_1_95' title="bbox 1886 3470 3477 3553">
     <span class='ocr_line' id='line_1_95' title="bbox 1886 3470 3477 3553; baseline 0.008 -29"><span class='ocrx_word' id='word_1_668' title='bbox 1886 3470 2106 3527; x_wconf 84' lang='lat' dir='ltr'><strong>dit‘ﬁniri</strong></span> <span class='ocrx_word' id='word_1_669' title='bbox 2133 3481 2314 3542; x_wconf 89' lang='lat' dir='ltr'><strong>potest</strong></span> <span class='ocrx_word' id='word_1_670' title='bbox 2343 3493 2356 3529; x_wconf 90' lang='lat'><strong>:</strong></span> <span class='ocrx_word' id='word_1_671' title='bbox 2384 3474 2508 3532; x_wconf 91' lang='lat' dir='ltr'><strong>ideo</strong></span> <span class='ocrx_word' id='word_1_672' title='bbox 2538 3476 2594 3532; x_wconf 92' lang='lat' dir='ltr'><strong>in</strong></span> <span class='ocrx_word' id='word_1_673' title='bbox 2630 3479 2870 3548; x_wconf 90' lang='lat' dir='ltr'><strong>ipsorum</strong></span> <span class='ocrx_word' id='word_1_674' title='bbox 2918 3479 3147 3536; x_wconf 87' lang='lat' dir='ltr'><strong>arbitrio</strong></span> <span class='ocrx_word' id='word_1_675' title='bbox 3189 3481 3477 3553; x_wconf 80' lang='lat' dir='ltr'><strong>manebat,</strong></span> 
     </span>
    </p>
   </div>
   <div class='ocr_carea' id='block_1_96' title="bbox 1887 3565 3479 3638">
    <p class='ocr_par' dir='ltr' id='par_1_96' title="bbox 1887 3565 3479 3638">
     <span class='ocr_line' id='line_1_96' title="bbox 1887 3565 3479 3638; baseline 0.009 -20"><span class='ocrx_word' id='word_1_676' title='bbox 1887 3565 2076 3632; x_wconf 86' lang='lat' dir='ltr'><strong>quanti</strong></span> <span class='ocrx_word' id='word_1_677' title='bbox 2100 3573 2158 3620; x_wconf 92' lang='lat' dir='ltr'><strong>et</strong></span> <span class='ocrx_word' id='word_1_678' title='bbox 2197 3566 2386 3638; x_wconf 88' lang='lat' dir='ltr'><strong>quales</strong></span> <span class='ocrx_word' id='word_1_679' title='bbox 2411 3578 2614 3625; x_wconf 89' lang='lat' dir='ltr'><strong>essent.</strong></span> <span class='ocrx_word' id='word_1_680' title='bbox 2649 3568 2855 3627; x_wconf 91' lang='lat' dir='ltr'><strong>Sensus</strong></span> <span class='ocrx_word' id='word_1_681' title='bbox 2893 3579 3074 3628; x_wconf 90' lang='lat' dir='ltr'><strong>autem</strong></span> <span class='ocrx_word' id='word_1_682' title='bbox 3097 3573 3153 3628; x_wconf 90' lang='lat' dir='ltr'><strong>in</strong></span> <span class='ocrx_word' id='word_1_683' title='bbox 3180 3572 3268 3630; x_wconf 90' lang='lat' dir='ltr'><strong>his</strong></span> <span class='ocrx_word' id='word_1_684' title='bbox 3300 3577 3479 3632; x_wconf 86' lang='lat' dir='ltr'><strong>omni-</strong></span> 
     </span>
    </p>
   </div>
   <div class='ocr_carea' id='block_1_97' title="bbox 1886 3654 3481 3733">
    <p class='ocr_par' dir='ltr' id='par_1_97' title="bbox 1886 3654 3481 3733">
     <span class='ocr_line' id='line_1_97' title="bbox 1886 3654 3481 3733; baseline 0.011 -25"><span class='ocrx_word' id='word_1_685' title='bbox 1886 3655 1989 3710; x_wconf 86' lang='lat' dir='ltr'><strong>bus</strong></span> <span class='ocrx_word' id='word_1_686' title='bbox 2033 3654 2160 3711; x_wconf 88' lang='lat' dir='ltr'><strong>talis</strong></span> <span class='ocrx_word' id='word_1_687' title='bbox 2194 3666 2335 3725; x_wconf 91' lang='lat' dir='ltr'><strong>erat,</strong></span> <span class='ocrx_word' id='word_1_688' title='bbox 2377 3667 2436 3714; x_wconf 91' lang='lat' dir='ltr'><strong>ut</strong></span> <span class='ocrx_word' id='word_1_689' title='bbox 2483 3677 2761 3732; x_wconf 88' lang='lat' dir='ltr'><strong>nunquam</strong></span> <span class='ocrx_word' id='word_1_690' title='bbox 2803 3661 3007 3733; x_wconf 87' lang='lat' dir='ltr'><strong>palatio</strong></span> <span class='ocrx_word' id='word_1_691' title='bbox 3048 3663 3186 3722; x_wconf 88' lang='lat' dir='ltr'><strong>tales</strong></span> <span class='ocrx_word' id='word_1_692' title='bbox 3213 3666 3300 3722; x_wconf 87' lang='lat' dir='ltr'><strong>vel</strong></span> <span class='ocrx_word' id='word_1_693' title='bbox 3344 3671 3481 3726; x_wconf 85' lang='lat' dir='ltr'><strong>tanti</strong></span> 
     </span>
    </p>
   </div>
   <div class='ocr_carea' id='block_1_98' title="bbox 1888 3743 3482 3826">
    <p class='ocr_par' dir='ltr' id='par_1_98' title="bbox 1888 3743 3482 3826">
     <span class='ocr_line' id='line_1_98' title="bbox 1888 3743 3482 3826; baseline 0.011 -27"><span class='ocrx_word' id='word_1_694' title='bbox 1888 3743 2140 3801; x_wconf 89' lang='lat' dir='ltr'><strong>deessent</strong></span> <span class='ocrx_word' id='word_1_695' title='bbox 2159 3747 2394 3804; x_wconf 91' lang='lat' dir='ltr'><strong>ministri</strong></span> <span class='ocrx_word' id='word_1_696' title='bbox 2405 3790 2419 3815; x_wconf 94' lang='lat'><strong>,</strong></span> <span class='ocrx_word' id='word_1_697' title='bbox 2436 3759 2662 3820; x_wconf 88' lang='lat' dir='ltr'><strong>propter</strong></span> <span class='ocrx_word' id='word_1_698' title='bbox 2682 3753 2785 3809; x_wconf 90' lang='lat' dir='ltr'><strong>has</strong></span> <span class='ocrx_word' id='word_1_699' title='bbox 2800 3755 3076 3826; x_wconf 68' lang='lat' dir='ltr'><strong>pracipue</strong></span> <span class='ocrx_word' id='word_1_700' title='bbox 3101 3756 3245 3814; x_wconf 91' lang='lat' dir='ltr'><strong>inter</strong></span> <span class='ocrx_word' id='word_1_701' title='bbox 3259 3767 3482 3816; x_wconf 67' lang='lat' dir='ltr'><strong>caeteras</strong></span> 
     </span>
    </p>
   </div>
   <div class='ocr_carea' id='block_1_99' title="bbox 1886 3839 3005 3900">
    <p class='ocr_par' dir='ltr' id='par_1_99' title="bbox 1886 3839 3005 3900">
     <span class='ocr_line' id='line_1_99' title="bbox 1886 3839 3005 3900; baseline 0.008 -7"><span class='ocrx_word' id='word_1_702' title='bbox 1886 3839 2248 3895; x_wconf 89' lang='lat' dir='ltr'><strong>necessitates</strong></span> <span class='ocrx_word' id='word_1_703' title='bbox 2273 3841 2361 3896; x_wconf 90' lang='lat' dir='ltr'><strong>vel</strong></span> <span class='ocrx_word' id='word_1_704' title='bbox 2395 3842 2731 3900; x_wconf 89' lang='lat' dir='ltr'><strong>honestates.</strong></span> <span class='ocrx_word' id='word_1_705' title='bbox 3001 3845 3005 3850; x_wconf 81' lang='grc'><em>’</em></span> 
     </span>
    </p>
   </div>
   <div class='ocr_carea' id='block_1_100' title="bbox 1960 3929 3478 4010">
    <p class='ocr_par' dir='ltr' id='par_1_100' title="bbox 1960 3929 3478 4010">
     <span class='ocr_line' id='line_1_100' title="bbox 1960 3929 3478 4010; baseline 0.009 -26"><span class='ocrx_word' id='word_1_706' title='bbox 1960 3929 2087 3985; x_wconf 66' lang='lat' dir='ltr'><strong>Car.</strong></span> <span class='ocrx_word' id='word_1_707' title='bbox 2134 3929 2303 3986; x_wconf 81' lang='lat' dir='ltr'><strong>XXV.</strong></span> <span class='ocrx_word' id='word_1_708' title='bbox 2332 3931 2538 4000; x_wconf 85' lang='lat' dir='ltr'><strong>Primo,</strong></span> <span class='ocrx_word' id='word_1_709' title='bbox 2572 3943 2633 3990; x_wconf 92' lang='lat' dir='ltr'><strong>ut</strong></span> <span class='ocrx_word' id='word_1_710' title='bbox 2663 3937 2778 3992; x_wconf 84' lang='lat' dir='ltr'><strong>sive</strong></span> <span class='ocrx_word' id='word_1_711' title='bbox 2806 3940 3138 4010; x_wconf 78' lang='lat' dir='ltr'><strong>generaliter</strong></span> <span class='ocrx_word' id='word_1_712' title='bbox 3157 3940 3478 4010; x_wconf 89' lang='lat' dir='ltr'><strong>majoribus,</strong></span> 
     </span>
    </p>
   </div>
   <div class='ocr_carea' id='block_1_101' title="bbox 1887 4022 3481 4101">
    <p class='ocr_par' dir='ltr' id='par_1_101' title="bbox 1887 4022 3481 4101">
     <span class='ocr_line' id='line_1_101' title="bbox 1887 4022 3481 4101; baseline 0.009 -25"><span class='ocrx_word' id='word_1_713' title='bbox 1887 4022 2001 4076; x_wconf 89' lang='lat' dir='ltr'><strong>sive</strong></span> <span class='ocrx_word' id='word_1_714' title='bbox 2023 4023 2331 4091; x_wconf 87' lang='lat' dir='ltr'><strong>specialiter</strong></span> <span class='ocrx_word' id='word_1_715' title='bbox 2350 4024 2433 4078; x_wconf 88' lang='lat' dir='ltr'><strong>vel</strong></span> <span class='ocrx_word' id='word_1_716' title='bbox 2466 4027 2817 4096; x_wconf 87' lang='lat' dir='ltr'><strong>singulariter</strong></span> <span class='ocrx_word' id='word_1_717' title='bbox 2846 4031 3152 4101; x_wconf 87' lang='lat' dir='ltr'><strong>quibusque</strong></span> <span class='ocrx_word' id='word_1_718' title='bbox 3175 4034 3481 4090; x_wconf 90' lang='lat' dir='ltr'><strong>minoribus</strong></span> 
     </span>
    </p>
   </div>
   <div class='ocr_carea' id='block_1_102' title="bbox 1887 4115 3476 4194">
    <p class='ocr_par' dir='ltr' id='par_1_102' title="bbox 1887 4115 3476 4194">
     <span class='ocr_line' id='line_1_102' title="bbox 1887 4115 3476 4194; baseline 0.008 -27"><span class='ocrx_word' id='word_1_719' title='bbox 1887 4115 2290 4181; x_wconf 89' lang='lat' dir='ltr'><strong>recedentibus,</strong></span> <span class='ocrx_word' id='word_1_720' title='bbox 2313 4117 2463 4171; x_wconf 91' lang='lat' dir='ltr'><strong>omni</strong></span> <span class='ocrx_word' id='word_1_721' title='bbox 2490 4126 2734 4188; x_wconf 77' lang='lat' dir='ltr'><strong>tempore</strong></span> <span class='ocrx_word' id='word_1_722' title='bbox 2759 4129 2816 4176; x_wconf 91' lang='lat' dir='ltr'><strong>et</strong></span> <span class='ocrx_word' id='word_1_723' title='bbox 2839 4121 3186 4178; x_wconf 90' lang='lat' dir='ltr'><strong>multitudine</strong></span> <span class='ocrx_word' id='word_1_724' title='bbox 3216 4138 3476 4194; x_wconf 90' lang='lat' dir='ltr'><strong>congrua,</strong></span> 
     </span>
    </p>
   </div>
   <div class='ocr_carea' id='block_1_103' title="bbox 1886 4206 3479 4284">
    <p class='ocr_par' dir='ltr' id='par_1_103' title="bbox 1886 4206 3479 4284">
     <span class='ocr_line' id='line_1_103' title="bbox 1886 4206 3479 4284; baseline 0.006 -23"><span class='ocrx_word' id='word_1_725' title='bbox 1886 4206 2005 4262; x_wconf 86' lang='lat' dir='ltr'><strong>sine</strong></span> <span class='ocrx_word' id='word_1_726' title='bbox 2041 4223 2148 4278; x_wconf 89' lang='lat' dir='ltr'><strong>qua</strong></span> <span class='ocrx_word' id='word_1_727' title='bbox 2191 4207 2590 4264; x_wconf 90' lang='lat' dir='ltr'><strong>rationabiliter</strong></span> <span class='ocrx_word' id='word_1_728' title='bbox 2634 4218 2690 4266; x_wconf 91' lang='lat' dir='ltr'><strong>et</strong></span> <span class='ocrx_word' id='word_1_729' title='bbox 2717 4213 2940 4268; x_wconf 88' lang='lat' dir='ltr'><strong>honeste</strong></span> <span class='ocrx_word' id='word_1_730' title='bbox 2970 4228 3092 4270; x_wconf 90' lang='lat' dir='ltr'><strong>esse</strong></span> <span class='ocrx_word' id='word_1_731' title='bbox 3121 4228 3228 4269; x_wconf 92' lang='lat' dir='ltr'><strong>non</strong></span> <span class='ocrx_word' id='word_1_732' title='bbox 3275 4222 3479 4284; x_wconf 90' lang='lat' dir='ltr'><strong>posset,</strong></span> 
     </span>
    </p>
   </div>
   <div class='ocr_carea' id='block_1_104' title="bbox 1887 4307 3486 4379">
    <p class='ocr_par' dir='ltr' id='par_1_104' title="bbox 1887 4307 3486 4379">
     <span class='ocr_line' id='line_1_104' title="bbox 1887 4307 3486 4379; baseline 0.006 -21"><span class='ocrx_word' id='word_1_733' title='bbox 1887 4317 2107 4374; x_wconf 89' lang='lat' dir='ltr'><strong>semper</strong></span> <span class='ocrx_word' id='word_1_734' title='bbox 2141 4312 2288 4360; x_wconf 85' lang='lat' dir='ltr'><strong>esset</strong></span> <span class='ocrx_word' id='word_1_735' title='bbox 2314 4315 2570 4362; x_wconf 89' lang='lat' dir='ltr'><strong>ornatum</strong></span> <span class='ocrx_word' id='word_1_736' title='bbox 2601 4307 2889 4379; x_wconf 89' lang='lat' dir='ltr'><strong>palatium,</strong></span> <span class='ocrx_word' id='word_1_737' title='bbox 2916 4317 2972 4365; x_wconf 89' lang='lat' dir='ltr'><strong>et</strong></span> <span class='ocrx_word' id='word_1_738' title='bbox 2997 4309 3324 4368; x_wconf 86' lang='lat' dir='ltr'><strong>consiliariis</strong></span> <span class='ocrx_word' id='word_1_739' title='bbox 3355 4327 3486 4367; x_wconf 91' lang='lat' dir='ltr'><strong>con-</strong></span> 
     </span>
    </p>
   </div>
   <div class='ocr_carea' id='block_1_105' title="bbox 1887 4397 3489 4476">
    <p class='ocr_par' dir='ltr' id='par_1_105' title="bbox 1887 4397 3489 4476">
     <span class='ocr_line' id='line_1_105' title="bbox 1887 4397 3489 4476; baseline 0.006 -24"><span class='ocrx_word' id='word_1_740' title='bbox 1887 4397 2064 4468; x_wconf 88' lang='lat' dir='ltr'><strong>dignis</strong></span> <span class='ocrx_word' id='word_1_741' title='bbox 2115 4415 2393 4470; x_wconf 90' lang='lat' dir='ltr'><strong>nunquam</strong></span> <span class='ocrx_word' id='word_1_742' title='bbox 2449 4401 2770 4460; x_wconf 88' lang='lat' dir='ltr'><strong>destitutum</strong></span> <span class='ocrx_word' id='word_1_743' title='bbox 2811 4402 3023 4458; x_wconf 79' lang='lat' dir='ltr'><strong>fuisset.</strong></span> <span class='ocrx_word' id='word_1_744' title='bbox 3067 4403 3136 4459; x_wconf 89' lang='lat' dir='ltr'><strong>Et</strong></span> <span class='ocrx_word' id='word_1_745' title='bbox 3183 4413 3244 4460; x_wconf 88' lang='lat' dir='ltr'><strong>ut</strong></span> <span class='ocrx_word' id='word_1_746' title='bbox 3289 4405 3489 4476; x_wconf 85' lang='lat' dir='ltr'><strong>qualis-</strong></span> 
     </span>
    </p>
   </div>
   <div class='ocr_carea' id='block_1_106' title="bbox 1887 4491 3483 4565">
    <p class='ocr_par' dir='ltr' id='par_1_106' title="bbox 1887 4491 3483 4565">
     <span class='ocr_line' id='line_1_106' title="bbox 1887 4491 3483 4565; baseline 0.004 -21"><span class='ocrx_word' id='word_1_747' title='bbox 1887 4505 2102 4560; x_wconf 89' lang='lat' dir='ltr'><strong>cunque</strong></span> <span class='ocrx_word' id='word_1_748' title='bbox 2129 4491 2348 4564; x_wconf 88' lang='lat' dir='ltr'><strong>legatio,</strong></span> <span class='ocrx_word' id='word_1_749' title='bbox 2381 4493 2494 4550; x_wconf 92' lang='lat' dir='ltr'><strong>sive</strong></span> <span class='ocrx_word' id='word_1_750' title='bbox 2542 4493 2880 4565; x_wconf 90' lang='lat' dir='ltr'><strong>speculandi,</strong></span> <span class='ocrx_word' id='word_1_751' title='bbox 2912 4493 3025 4550; x_wconf 91' lang='lat' dir='ltr'><strong>sive</strong></span> <span class='ocrx_word' id='word_1_752' title='bbox 3045 4495 3214 4551; x_wconf 90' lang='lat' dir='ltr'><strong>etiam</strong></span> <span class='ocrx_word' id='word_1_753' title='bbox 3242 4497 3483 4553; x_wconf 77' lang='lat' dir='ltr'><strong>subden-</strong></span> 
     </span>
    </p>
   </div>
   <div class='ocr_carea' id='block_1_107' title="bbox 1890 4581 3484 4656">
    <p class='ocr_par' dir='ltr' id='par_1_107' title="bbox 1890 4581 3484 4656">
     <span class='ocr_line' id='line_1_107' title="bbox 1890 4581 3484 4656; baseline 0.003 -20"><span class='ocrx_word' id='word_1_754' title='bbox 1890 4581 1944 4636; x_wconf 88' lang='lat' dir='ltr'><strong>di</strong></span> <span class='ocrx_word' id='word_1_755' title='bbox 1987 4582 2160 4653; x_wconf 89' lang='lat' dir='ltr'><strong>gratia</strong></span> <span class='ocrx_word' id='word_1_756' title='bbox 2209 4583 2440 4649; x_wconf 88' lang='lat' dir='ltr'><strong>veniret,</strong></span> <span class='ocrx_word' id='word_1_757' title='bbox 2483 4584 2718 4654; x_wconf 90' lang='lat' dir='ltr'><strong>qualiter</strong></span> <span class='ocrx_word' id='word_1_758' title='bbox 2754 4600 2946 4642; x_wconf 90' lang='lat' dir='ltr'><strong>omnes</strong></span> <span class='ocrx_word' id='word_1_759' title='bbox 2992 4586 3213 4656; x_wconf 89' lang='lat' dir='ltr'><strong>quidem</strong></span> <span class='ocrx_word' id='word_1_760' title='bbox 3258 4587 3484 4643; x_wconf 88' lang='lat' dir='ltr'><strong>honeste</strong></span> 
     </span>
    </p>
   </div>
   <div class='ocr_carea' id='block_1_108' title="bbox 1896 4674 3484 4748">
    <p class='ocr_par' dir='ltr' id='par_1_108' title="bbox 1896 4674 3484 4748">
     <span class='ocr_line' id='line_1_108' title="bbox 1896 4674 3484 4748; baseline 0.003 -19"><span class='ocrx_word' id='word_1_761' title='bbox 1896 4674 2097 4744; x_wconf 91' lang='lat' dir='ltr'><strong>suscipi</strong></span> <span class='ocrx_word' id='word_1_762' title='bbox 2123 4675 2447 4744; x_wconf 89' lang='lat' dir='ltr'><strong>potuissent.</strong></span> <span class='ocrx_word' id='word_1_763' title='bbox 2494 4676 2700 4732; x_wconf 90' lang='lat' dir='ltr'><strong>Deinde</strong></span> <span class='ocrx_word' id='word_1_764' title='bbox 2725 4678 2932 4748; x_wconf 90' lang='lat' dir='ltr'><strong>primus</strong></span> <span class='ocrx_word' id='word_1_765' title='bbox 2963 4679 3174 4735; x_wconf 92' lang='lat' dir='ltr'><strong>consilii</strong></span> <span class='ocrx_word' id='word_1_766' title='bbox 3207 4680 3484 4737; x_wconf 79' lang='lat' dir='ltr'><strong>rectitudi-</strong></span> 
     </span>
    </p>
   </div>
   <div class='ocr_carea' id='block_1_109' title="bbox 1896 4767 3484 4841">
    <p class='ocr_par' dir='ltr' id='par_1_109' title="bbox 1896 4767 3484 4841">
     <span class='ocr_line' id='line_1_109' title="bbox 1896 4767 3484 4841; baseline 0.003 -21"><span class='ocrx_word' id='word_1_767' title='bbox 1896 4781 2042 4831; x_wconf 89' lang='lat' dir='ltr'><strong>nem,</strong></span> <span class='ocrx_word' id='word_1_768' title='bbox 2069 4767 2339 4822; x_wconf 90' lang='lat' dir='ltr'><strong>secundus</strong></span> <span class='ocrx_word' id='word_1_769' title='bbox 2370 4767 2760 4825; x_wconf 75' lang='lat' dir='ltr'><strong>misericordiae</strong></span> <span class='ocrx_word' id='word_1_770' title='bbox 2781 4779 2838 4824; x_wconf 90' lang='lat' dir='ltr'><strong>et</strong></span> <span class='ocrx_word' id='word_1_771' title='bbox 2863 4771 3214 4841; x_wconf 87' lang='lat' dir='ltr'><strong>benignitatis</strong></span> <span class='ocrx_word' id='word_1_772' title='bbox 3235 4771 3484 4832; x_wconf 88' lang='lat' dir='ltr'><strong>consola-</strong></span> 
     </span>
    </p>
   </div>
   <div class='ocr_carea' id='block_1_110' title="bbox 1896 4858 3485 4924">
    <p class='ocr_par' dir='ltr' id='par_1_110' title="bbox 1896 4858 3485 4924">
     <span class='ocr_line' id='line_1_110' title="bbox 1896 4858 3485 4924; baseline 0.003 -12"><span class='ocrx_word' id='word_1_773' title='bbox 1896 4858 2122 4924; x_wconf 89' lang='lat' dir='ltr'><strong>tionem,</strong></span> <span class='ocrx_word' id='word_1_774' title='bbox 2149 4859 2340 4914; x_wconf 86' lang='lat' dir='ltr'><strong>tertius</strong></span> <span class='ocrx_word' id='word_1_775' title='bbox 2367 4873 2498 4914; x_wconf 90' lang='lat' dir='ltr'><strong>vero</strong></span> <span class='ocrx_word' id='word_1_776' title='bbox 2527 4861 2785 4916; x_wconf 65' lang='lat' dir='ltr'><strong>versutia:</strong></span> <span class='ocrx_word' id='word_1_777' title='bbox 2807 4877 2902 4917; x_wconf 91' lang='lat' dir='ltr'><strong>seu</strong></span> <span class='ocrx_word' id='word_1_778' title='bbox 2935 4862 3261 4916; x_wconf 80' lang='lat' dir='ltr'><strong>temeritatis</strong></span> <span class='ocrx_word' id='word_1_779' title='bbox 3302 4876 3485 4917; x_wconf 91' lang='lat' dir='ltr'><strong>sermo</strong></span> 
     </span>
    </p>
   </div>
   <div class='ocr_carea' id='block_1_111' title="bbox 1895 4948 3489 5022">
    <p class='ocr_par' dir='ltr' id='par_1_111' title="bbox 1895 4948 3489 5022">
     <span class='ocr_line' id='line_1_111' title="bbox 1895 4948 3489 5022; baseline 0.003 -20"><span class='ocrx_word' id='word_1_780' title='bbox 1895 4948 2126 5004; x_wconf 85' lang='lat' dir='ltr'><strong>referret</strong></span> <span class='ocrx_word' id='word_1_781' title='bbox 2168 4948 2516 5005; x_wconf 87' lang='lat' dir='ltr'><strong>medicinam.</strong></span> <span class='ocrx_word' id='word_1_782' title='bbox 2549 4950 2619 5005; x_wconf 86' lang='lat' dir='ltr'><strong>Et</strong></span> <span class='ocrx_word' id='word_1_783' title='bbox 2649 4960 2708 5006; x_wconf 93' lang='lat' dir='ltr'><strong>ut</strong></span> <span class='ocrx_word' id='word_1_784' title='bbox 2736 4966 2805 5006; x_wconf 91' lang='lat' dir='ltr'><strong>ex</strong></span> <span class='ocrx_word' id='word_1_785' title='bbox 2846 4967 3169 5022; x_wconf 80' lang='lat' dir='ltr'><strong>quacunque</strong></span> <span class='ocrx_word' id='word_1_786' title='bbox 3214 4959 3373 5022; x_wconf 80' lang='lat' dir='ltr'><strong>parte</strong></span> <span class='ocrx_word' id='word_1_787' title='bbox 3410 4961 3489 5007; x_wconf 82' lang='lat' dir='ltr'><strong>to-</strong></span> 
     </span>
    </p>
   </div>
   <div class='ocr_carea' id='block_1_112' title="bbox 1899 5046 3487 5119">
    <p class='ocr_par' dir='ltr' id='par_1_112' title="bbox 1899 5046 3487 5119">
     <span class='ocr_line' id='line_1_112' title="bbox 1899 5046 3487 5119; baseline 0.002 -19"><span class='ocrx_word' id='word_1_788' title='bbox 1899 5046 2006 5101; x_wconf 91' lang='lat' dir='ltr'><strong>tius</strong></span> <span class='ocrx_word' id='word_1_789' title='bbox 2031 5047 2203 5118; x_wconf 87' lang='lat' dir='ltr'><strong>regni,</strong></span> <span class='ocrx_word' id='word_1_790' title='bbox 2236 5047 2546 5119; x_wconf 86' lang='lat' dir='ltr'><strong>quicunque</strong></span> <span class='ocrx_word' id='word_1_791' title='bbox 2574 5048 2867 5114; x_wconf 86' lang='lat' dir='ltr'><strong>desolatus,</strong></span> <span class='ocrx_word' id='word_1_792' title='bbox 2899 5046 3144 5112; x_wconf 91' lang='lat' dir='ltr'><strong>orbatus,</strong></span> <span class='ocrx_word' id='word_1_793' title='bbox 3170 5047 3346 5103; x_wconf 87' lang='lat' dir='ltr'><strong>alieno</strong></span> <span class='ocrx_word' id='word_1_794' title='bbox 3377 5062 3487 5104; x_wconf 71' lang='lat' dir='ltr'><strong>tere</strong></span> 
     </span>
    </p>
   </div>
   <div class='ocr_carea' id='block_1_113' title="bbox 1894 5137 3486 5209">
    <p class='ocr_par' dir='ltr' id='par_1_113' title="bbox 1894 5137 3486 5209">
     <span class='ocr_line' id='line_1_113' title="bbox 1894 5137 3486 5209; baseline -0.001 -14"><span class='ocrx_word' id='word_1_795' title='bbox 1894 5151 2206 5209; x_wconf 87' lang='lat' dir='ltr'><strong>oppressus,</strong></span> <span class='ocrx_word' id='word_1_796' title='bbox 2238 5137 2440 5207; x_wconf 89' lang='lat' dir='ltr'><strong>injuste</strong></span> <span class='ocrx_word' id='word_1_797' title='bbox 2462 5139 2734 5196; x_wconf 86' lang='lat' dir='ltr'><strong>calumnia</strong></span> <span class='ocrx_word' id='word_1_798' title='bbox 2756 5139 3019 5209; x_wconf 89' lang='lat' dir='ltr'><strong>cujusque</strong></span> <span class='ocrx_word' id='word_1_799' title='bbox 3044 5137 3360 5205; x_wconf 78' lang='lat' dir='ltr'><strong>suﬂ&#39;ocatus,</strong></span> <span class='ocrx_word' id='word_1_800' title='bbox 3389 5153 3486 5195; x_wconf 89' lang='lat' dir='ltr'><strong>seu</strong></span> 
     </span>
    </p>
   </div>
   <div class='ocr_carea' id='block_1_114' title="bbox 1895 5233 3485 5306">
    <p class='ocr_par' dir='ltr' id='par_1_114' title="bbox 1895 5233 3485 5306">
     <span class='ocr_line' id='line_1_114' title="bbox 1895 5233 3485 5306; baseline -0.003 -14"><span class='ocrx_word' id='word_1_801' title='bbox 1895 5245 2093 5293; x_wconf 84' lang='lat' dir='ltr'><strong>caetera</strong></span> <span class='ocrx_word' id='word_1_802' title='bbox 2119 5236 2205 5292; x_wconf 88' lang='lat' dir='ltr'><strong>his</strong></span> <span class='ocrx_word' id='word_1_803' title='bbox 2233 5235 2453 5302; x_wconf 88' lang='lat' dir='ltr'><strong>similia,</strong></span> <span class='ocrx_word' id='word_1_804' title='bbox 2490 5251 2610 5306; x_wconf 70' lang='lat' dir='ltr'><strong>quae</strong></span> <span class='ocrx_word' id='word_1_805' title='bbox 2641 5249 2784 5290; x_wconf 89' lang='lat' dir='ltr'><strong>nunc</strong></span> <span class='ocrx_word' id='word_1_806' title='bbox 2809 5248 3136 5289; x_wconf 72' lang='lat' dir='ltr'><strong>enumerem</strong></span> <span class='ocrx_word' id='word_1_807' title='bbox 3164 5233 3485 5304; x_wconf 89' lang='lat' dir='ltr'><strong>perlongum</strong></span> 
     </span>
    </p>
   </div>
   <div class='ocr_carea' id='block_1_115' title="bbox 1894 5324 3485 5396">
    <p class='ocr_par' dir='ltr' id='par_1_115' title="bbox 1894 5324 3485 5396">
     <span class='ocr_line' id='line_1_115' title="bbox 1894 5324 3485 5396; baseline -0.003 -12"><span class='ocrx_word' id='word_1_808' title='bbox 1894 5336 1997 5395; x_wconf 89' lang='lat' dir='ltr'><strong>est,</strong></span> <span class='ocrx_word' id='word_1_809' title='bbox 2026 5328 2264 5384; x_wconf 91' lang='lat' dir='ltr'><strong>maxime</strong></span> <span class='ocrx_word' id='word_1_810' title='bbox 2287 5336 2468 5383; x_wconf 89' lang='lat' dir='ltr'><strong>tamen</strong></span> <span class='ocrx_word' id='word_1_811' title='bbox 2493 5326 2560 5381; x_wconf 92' lang='lat' dir='ltr'><strong>de</strong></span> <span class='ocrx_word' id='word_1_812' title='bbox 2589 5325 2768 5380; x_wconf 89' lang='lat' dir='ltr'><strong>viduis</strong></span> <span class='ocrx_word' id='word_1_813' title='bbox 2787 5331 2843 5380; x_wconf 91' lang='lat' dir='ltr'><strong>et</strong></span> <span class='ocrx_word' id='word_1_814' title='bbox 2863 5325 3146 5396; x_wconf 85' lang='lat' dir='ltr'><strong>orphanis,</strong></span> <span class='ocrx_word' id='word_1_815' title='bbox 3167 5332 3280 5380; x_wconf 90' lang='lat' dir='ltr'><strong>tam</strong></span> <span class='ocrx_word' id='word_1_816' title='bbox 3307 5324 3485 5382; x_wconf 85' lang='lat' dir='ltr'><strong>senio-</strong></span> 
     </span>
    </p>
   </div>
   <div class='ocr_carea' id='block_1_116' title="bbox 1895 5415 3486 5492">
    <p class='ocr_par' dir='ltr' id='par_1_116' title="bbox 1895 5415 3486 5492">
     <span class='ocr_line' id='line_1_116' title="bbox 1895 5415 3486 5492; baseline -0.004 -16"><span class='ocrx_word' id='word_1_817' title='bbox 1895 5434 2019 5476; x_wconf 89' lang='lat' dir='ltr'><strong>rum</strong></span> <span class='ocrx_word' id='word_1_818' title='bbox 2051 5435 2325 5492; x_wconf 87' lang='lat' dir='ltr'><strong>quamque</strong></span> <span class='ocrx_word' id='word_1_819' title='bbox 2352 5426 2408 5474; x_wconf 90' lang='lat' dir='ltr'><strong>et</strong></span> <span class='ocrx_word' id='word_1_820' title='bbox 2433 5415 2806 5482; x_wconf 89' lang='lat' dir='ltr'><strong>mediocrium,</strong></span> <span class='ocrx_word' id='word_1_821' title='bbox 2837 5415 3260 5487; x_wconf 89' lang='lat' dir='ltr'><strong>uniuscujusque</strong></span> <span class='ocrx_word' id='word_1_822' title='bbox 3288 5430 3486 5471; x_wconf 89' lang='lat' dir='ltr'><strong>secun-</strong></span> 
     </span>
    </p>
   </div>
   <div class='ocr_carea' id='block_1_117' title="bbox 1896 5506 3480 5582">
    <p class='ocr_par' dir='ltr' id='par_1_117' title="bbox 1896 5506 3480 5582">
     <span class='ocr_line' id='line_1_117' title="bbox 1896 5506 3480 5582; baseline -0.004 -13"><span class='ocrx_word' id='word_1_823' title='bbox 1896 5514 2025 5569; x_wconf 86' lang='lat' dir='ltr'><strong>dum</strong></span> <span class='ocrx_word' id='word_1_824' title='bbox 2052 5528 2205 5570; x_wconf 90' lang='lat' dir='ltr'><strong>suam</strong></span> <span class='ocrx_word' id='word_1_825' title='bbox 2242 5509 2616 5582; x_wconf 87' lang='lat' dir='ltr'><strong>indigentiam,</strong></span> <span class='ocrx_word' id='word_1_826' title='bbox 2649 5507 2732 5564; x_wconf 90' lang='lat' dir='ltr'><strong>vel</strong></span> <span class='ocrx_word' id='word_1_827' title='bbox 2769 5506 3109 5578; x_wconf 88' lang='lat' dir='ltr'><strong>qualitatem,</strong></span> <span class='ocrx_word' id='word_1_828' title='bbox 3130 5507 3480 5564; x_wconf 88' lang='lat' dir='ltr'><strong>dominorum</strong></span> 
     </span>
    </p>
   </div>
   <div class='ocr_carea' id='block_1_118' title="bbox 1895 5601 3488 5674">
    <p class='ocr_par' dir='ltr' id='par_1_118' title="bbox 1895 5601 3488 5674">
     <span class='ocr_line' id='line_1_118' title="bbox 1895 5601 3488 5674; baseline -0.004 -11"><span class='ocrx_word' id='word_1_829' title='bbox 1895 5623 2026 5664; x_wconf 89' lang='lat' dir='ltr'><strong>vero</strong></span> <span class='ocrx_word' id='word_1_830' title='bbox 2058 5604 2489 5662; x_wconf 88' lang='lat' dir='ltr'><strong>misericordiam</strong></span> <span class='ocrx_word' id='word_1_831' title='bbox 2529 5611 2585 5659; x_wconf 91' lang='lat' dir='ltr'><strong>et</strong></span> <span class='ocrx_word' id='word_1_832' title='bbox 2615 5602 2896 5674; x_wconf 89' lang='lat' dir='ltr'><strong>pietatem,</strong></span> <span class='ocrx_word' id='word_1_833' title='bbox 2930 5613 3146 5672; x_wconf 89' lang='lat' dir='ltr'><strong>semper</strong></span> <span class='ocrx_word' id='word_1_834' title='bbox 3169 5601 3238 5656; x_wconf 93' lang='lat' dir='ltr'><strong>ad</strong></span> <span class='ocrx_word' id='word_1_835' title='bbox 3261 5613 3488 5656; x_wconf 82' lang='lat' dir='ltr'><strong>manum</strong></span> 
     </span>
    </p>
   </div>
   <div class='ocr_carea' id='block_1_119' title="bbox 1897 5693 3492 5770">
    <p class='ocr_par' dir='ltr' id='par_1_119' title="bbox 1897 5693 3492 5770">
     <span class='ocr_line' id='line_1_119' title="bbox 1897 5693 3492 5770; baseline -0.006 -12"><span class='ocrx_word' id='word_1_836' title='bbox 1897 5701 2146 5765; x_wconf 88' lang='lat' dir='ltr'><strong>haberet,</strong></span> <span class='ocrx_word' id='word_1_837' title='bbox 2177 5713 2277 5770; x_wconf 89' lang='lat' dir='ltr'><strong>per</strong></span> <span class='ocrx_word' id='word_1_838' title='bbox 2325 5711 2486 5768; x_wconf 86' lang='lat' dir='ltr'><strong>quem</strong></span> <span class='ocrx_word' id='word_1_839' title='bbox 2513 5695 2712 5768; x_wconf 90' lang='lat' dir='ltr'><strong>singuli</strong></span> <span class='ocrx_word' id='word_1_840' title='bbox 2763 5696 2832 5753; x_wconf 89' lang='lat' dir='ltr'><strong>ad</strong></span> <span class='ocrx_word' id='word_1_841' title='bbox 2870 5695 2991 5767; x_wconf 89' lang='lat' dir='ltr'><strong>pias</strong></span> <span class='ocrx_word' id='word_1_842' title='bbox 3033 5706 3195 5750; x_wconf 87' lang='lat' dir='ltr'><strong>aures</strong></span> <span class='ocrx_word' id='word_1_843' title='bbox 3224 5693 3492 5766; x_wconf 88' lang='lat' dir='ltr'><strong>principis</strong></span> 
     </span>
    </p>
   </div>
   <div class='ocr_carea' id='block_1_120' title="bbox 1898 5795 3208 5864">
    <p class='ocr_par' dir='ltr' id='par_1_120' title="bbox 1898 5795 3208 5864">
     <span class='ocr_line' id='line_1_120' title="bbox 1898 5795 3208 5864; baseline -0.003 -16"><span class='ocrx_word' id='word_1_844' title='bbox 1898 5795 2141 5864; x_wconf 84' lang='lat' dir='ltr'><strong>perferre</strong></span> <span class='ocrx_word' id='word_1_845' title='bbox 2173 5801 2498 5862; x_wconf 80' lang='lat' dir='ltr'><strong>potuissent.</strong></span> <span class='ocrx_word' id='word_1_846' title='bbox 3201 5825 3208 5832; x_wconf 65' lang='lat'><strong>.</strong></span> 
     </span>
    </p>
   </div>
   <div class='ocr_carea' id='block_1_121' title="bbox 1969 5879 3492 5958">
    <p class='ocr_par' dir='ltr' id='par_1_121' title="bbox 1969 5879 3492 5958">
     <span class='ocr_line' id='line_1_121' title="bbox 1969 5879 3492 5958; baseline -0.007 -14"><span class='ocrx_word' id='word_1_847' title='bbox 1969 5889 2099 5945; x_wconf 68' lang='lat' dir='ltr'><strong>Car.</strong></span> <span class='ocrx_word' id='word_1_848' title='bbox 2143 5885 2330 5943; x_wconf 81' lang='lat' dir='ltr'><strong>XXVI.</strong></span> <span class='ocrx_word' id='word_1_849' title='bbox 2376 5885 2662 5953; x_wconf 88' lang='lat' dir='ltr'><strong>Similiter,</strong></span> <span class='ocrx_word' id='word_1_850' title='bbox 2701 5886 2792 5957; x_wconf 89' lang='lat' dir='ltr'><strong>qui</strong></span> <span class='ocrx_word' id='word_1_851' title='bbox 2822 5895 3042 5958; x_wconf 76' lang='lat' dir='ltr'><strong>propter</strong></span> <span class='ocrx_word' id='word_1_852' title='bbox 3069 5879 3344 5940; x_wconf 87' lang='lat' dir='ltr'><strong>diutinum</strong></span> <span class='ocrx_word' id='word_1_853' title='bbox 3377 5893 3492 5935; x_wconf 85' lang='lat' dir='ltr'><strong>ser-</strong></span> 
     </span>
    </p>
   </div>
   <div class='ocr_carea' id='block_1_122' title="bbox 2851 5985 2929 6046">
    <p class='ocr_par' dir='ltr' id='par_1_122' title="bbox 2851 5985 2929 6046">
     <span class='ocr_line' id='line_1_122' title="bbox 2851 5985 2929 6046; baseline -0.038 0"><span class='ocrx_word' id='word_1_854' title='bbox 2851 5985 2929 6046; x_wconf 76' lang='lat'>32</span> 
     </span>
    </p>
   </div>
  </div>
