4010 6330
186 363 331 421 1005

978 371 1069 426 AD
1108 369 1473 434 PROCERES
1509 371 1600 430 DE
1637 370 2131 432 INSTITUTIONE
2163 375 2680 436 CABOLOMANNI.
2723 433 2726 436 .

3333 386 3473 444 10οΰ

183 489 332 537 statu
359 483 530 552 regni,
569 496 839 552 quamque
877 492 932 538 et
959 484 1025 542 de
1055 486 1278 556 speciali
1338 486 1775 562 eujuslibet‘per-
1803 462 2138 559 A'palatium
2172 492 2631 557 convocabantur,
2684 491 2738 546 in
2793 492 2895 549 hoc
2931 494 3205 567 praecipue
3228 496 3468 568 vigebat,

181 587 342 640 sena,
374 572 551 629 nullus
580 575 698 630 sine
728 591 995 632 consensu
1027 578 1265 648 ipsorum
1321 579 1543 636 cuilibet
1589 581 1778 636 dome-

180 665 325 720 stico
350 679 468 730 suo,
503 667 584 720 vel
616 667 919 737 cuicunque
976 669 1130 725 alteri
1189 673 1419 742 prodere
1481 665 1786 737 debuisset,»

179 755 484 810 secundum
516 755 619 811 hoc
662 758 808 826 quod
840 773 928 814 res
960 759 1148 815 eadem
1199 763 1312 820 sive
1357 761 1462 832 die,
1492 762 1606 820 sive
1650 763 1780 817 duo-

177 845 306 912 bus,
339 845 455 901 sive
485 847 735 918 amplius,
770 863 866 904 seu
899 865 1118 919 annum,
1142 852 1229 907 vel
1249 853 1413 908 etiam
1442 853 1495 908 in
1522 863 1780 928 perpetuo

177 936 373 1003 celari,
401 937 485 992 vel
517 938 618 993 sub
644 939 859 995 silentio
890 957 1112 998 manere
1141 959 1364 1000 necesse
1385 943 1575 1000 fuisset
1607 962 1619 998 :
1652 945 1780 1015 quia

176 1042 327 1096 saepe
365 1027 420 1082 in
459 1027 556 1083 tali
586 1039 821 1086 tractatu
852 1033 918 1088 de
969 1034 1208 1104 qualibet
1242 1050 1494 1103 oersona,
1533 1035 1654 1090 talis
1691 1035 1778 1090 in-

176 1120 394 1174 terdum
409 1129 631 1192 propter
642 1137 982 1180 communem
1003 1125 1293 1188 utilitatem
1311 1128 1575 1202 agendam
1591 1125 1674 1181 vel
1689 1141 1776 1182 ca-

172 1214 411 1268 vendam
462 1229 641 1271 sermo
699 1219 970 1288 procedit,
1003 1221 1097 1291 qui
1148 1220 1219 1274 ab
1269 1235 1333 1275 eo
1386 1221 1657 1290 cognitus,
1686 1226 1780 1274 aut

172 1304 340 1360 valde
371 1306 580 1373 turbat,
612 1316 705 1362 aut
748 1310 891 1379 quod
921 1311 1094 1381 magis
1118 1317 1201 1365 est
1243 1311 1296 1365 in
1340 1309 1775 1380 desperationem

178 1397 485 1465 trahit,vel
529 1399 673 1469 quod
722 1401 1104 1472 gravissimum
1161 1412 1263 1467 est,
1295 1403 1349 1458 in
1402 1402 1775 1458 infidelitatem

175 1489 470 1555 convertit,
506 1499 562 1545 et
583 1491 652 1546 ab
672 1493 819 1546 omni
855 1493 1124 1562 profectu,
1154 1509 1314 1562 quem
1366 1491 1596 1547 fortasse
1638 1493 1775 1547 mul—

175 1579 438 1649 tipliciter
476 1594 736 1637 exercere
790 1583 986 1653 potuit,
1012 1584 1256 1639 inutilem
1303 1583 1503 1650 reddit,
1526 1598 1648 1639 cum
1697 1593 1774 1639 ta-

175 1684 310 1726 men
340 1671 476 1727 nihil
497 1672 550 1728 ei
576 1673 795 1730 obesset
823 1674 870 1730 si
917 1673 1166 1730 eumdem
1195 1689 1502 1730 sermonem
1551 1673 1773 1729 minime

172 1764 369 1819 sciret.
429 1763 598 1834 Quale
678 1764 745 1822 de
806 1764 1028 1820 homine
1079 1781 1209 1833 uno,
1259 1766 1366 1821 tale
1409 1765 1479 1821 de
1539 1765 1769 1832 duobus,

1883 590 1943 638 ut
1970 599 2077 638 non
2104 585 2365 654 speciales
2395 585 2478 639 vel
2513 585 2817 657 singulares
2847 602 3198 660 quascunque
3224 590 3307 645 vel
3334 607 3465 660 quo-

1882 692 2217 748 rumcunque
2254 694 2467 746 causas,
2501 679 2593 734 sed
2640 695 2740 736 nec
2770 681 2932 736 etiam
2975 679 3214 749 illorum,
3245 684 3335 754 qui
3369 700 3470 755 pro

1883 770 2319 826 contentionibus
2369 787 2550 828 rerum
2600 781 2692 826 aut
2717 772 2896 843 legum
2933 774 3225 832 veniebant
3252 751 3510 830 ordinas

1882 870 2025 926 rent,
2057 877 2338 938 quousque
2384 862 2471 916 illa
2520 879 2637 932 quae
2665 865 2990 935 generaliter
3015 867 3082 923 ad
3122 867 3351 930 salutem
3384 871 3468 926 vel

1881 962 2081 1010 statum
2103 955 2247 1026 regis
2265 963 2320 1010 et
2344 955 2494 1030 regni
2516 957 2878 1025 pertinebant,
2897 958 3127 1018 Domino
3150 961 3462 1024 miserante,

1879 1047 2129 1102 ordinata
2169 1047 2508 1104 habuissent.
2551 1047 2620 1102 Et
2661 1058 2791 1104 tunc
2833 1050 3074 1118 demum,
3102 1052 3148 1106 si
3194 1052 3333 1108 forte
3363 1052 3469 1108 tale

1879 1137 2083 1208 aliquid
2113 1138 2311 1193 domno
2350 1153 2474 1210 rege
2518 1137 2863 1210 praecipiente
2913 1142 3298 1200 reservandum
3327 1150 3465 1209 erat,

1879 1230 2020 1300 quod
2048 1228 2166 1286 sine
2196 1245 2384 1285 eorum
2422 1238 2567 1285 certa
2592 1229 3029 1285 consideratione
3061 1229 3412 1292 determinari
3439 1249 3471 1286 a

1879 1321 2076 1377 comite
2104 1321 2311 1393 palatii,
2341 1320 2424 1377 vel
2456 1321 2685 1391 caeteris,
2718 1321 2914 1396 quibus
2939 1324 3329 1394 congruebant,
3362 1337 3468 1377 non

1875 1413 2159 1484 potuisset.

1945 1501 2073 1557 CAP.
2112 1500 2348 1558 XXXIV.
2389 1503 2650 1560 Proceres
2670 1519 2801 1559 vero
2828 1504 3091 1576 praedicti,
3120 1503 3232 1559 sive
3259 1503 3312 1558 in
3339 1503 3463 1570 hoc,

1875 1593 1987 1651 sive
2013 1595 2066 1648 in
2098 1593 2187 1650 illo
2217 1595 2442 1666 pnefato
2467 1595 2691 1670 placito,
2721 1598 2850 1670 quin
2893 1606 2947 1649 et
2987 1596 3148 1666 primi
3183 1606 3468 1652 senatores

1874 1685 2048 1758 regni,
2095 1702 2164 1742 ne
2207 1688 2361 1763 quasi
2415 1688 2532 1747 sine
2575 1706 2738 1745 causa
2789 1689 3079 1746 convocari
3132 1689 3464 1756 viderentur,

1874 1796 1998 1835 mox
2030 1781 2360 1837 auctoritate
2406 1783 2555 1854 regia
2598 1799 2695 1856 per
2733 1782 3080 1838 denominata
3125 1789 3179 1836 et
3219 1781 3468 1836 ordinata

175 1857 288 1914 tale
369 1859 436 1916 de
503 1871 762 1928 centum,
816 1861 923 1918 tale
978 1861 1046 1918 de
1101 1861 1296 1933 majori
1368 1875 1632 1928 numero,
1679 1860 1766 1915 vel

1877 1872 2127 1944 capitula,
2178 1889 2298 1944 quae
2342 1873 2428 1929 vel
2480 1875 2548 1929 ab
2581 1875 2699 1944 ipso
2749 1890 2846 1946 per
2904 1873 3316 1950 inspirationem
3370 1871 3466 1927 Dei

174 1952 347 2007 etiam
407 1953 473 2009 de
522 1955 780 2026 progenie
827 1972 955 2020 una,
998 1955 1084 2010 vel
1142 1964 1252 2012 tota
1308 1955 1551 2027 qualibet
1608 1955 1770 2012 simul

171 2050 484 2119 provincia,
513 2051 556 2106 si
583 2069 778 2124 magna
801 2052 1015 2110 cautela
1036 2068 1144 2109 non
1167 2053 1365 2124 fuerit,
1386 2053 1504 2110 fieri
1547 2054 1765 2124 poterit.

246 2141 379 2198 Car.
416 2143 632 2200 XXXII.
675 2145 1076 2226 Apocrisiarius
1125 2156 1330 2213 autem,
1372 2147 1426 2201 id
1470 2157 1555 2203 est
1595 2145 1770 2216 capel-

169 2236 358 2303 lanus,
392 2236 474 2292 vel
502 2237 690 2312 palatii
731 2249 932 2307 custos,
970 2249 1026 2295 et
1072 2239 1408 2296 camerarius
1438 2253 1653 2310 semper
1693 2238 1772 2293 in-

173 2337 460 2385 tererant:
491 2339 547 2386 et
595 2330 798 2387 idcirco
826 2347 948 2387 cum
1000 2347 1211 2388 summo
1239 2331 1419 2388 studio
1454 2330 1590 2387 tales
1609 2329 1771 2401 elige-

169 2423 394 2492 bantur,
441 2432 533 2479 aut
561 2423 719 2481 electi
761 2425 1196 2492 instruebantur,
1229 2427 1321 2498 qui
1367 2427 1564 2482 merito
1594 2425 1768 2481 inter-

171 2533 297 2572 esse
332 2518 654 2588 potuissent.
689 2520 891 2577 Sedet
940 2520 1007 2576 de
1035 2520 1248 2577 caeteris
1294 2520 1767 2586 ministerialibus,

172 2612 265 2682 qui
301 2611 464 2667 talem
485 2629 544 2669 se
578 2615 925 2683 ostendebat,
957 2624 1017 2670 ut
1041 2616 1108 2672 ad
1137 2617 1241 2672 hoc
1270 2617 1356 2672 vel
1384 2631 1646 2690 praesens,
1685 2614 1771 2670 vel

173 2703 424 2776 futurus,
480 2725 622 2764 nunc
669 2709 955 2774 discendo,
1006 2709 1353 2779 postmodum
1409 2724 1540 2764 vero
1591 2706 1769 2763 consi-

173 2793 376 2863 liando,
410 2796 530 2853 loco
575 2799 889 2854 eorumdem
933 2799 1231 2856 honoriﬁce
1271 2798 1528 2854 substitui
1570 2798 1770 2868 potuis-

173 2897 296 2954 set,
329 2913 332 2916 ·
369 2906 514 2968 cum_
555 2908 766 2947 summa
830 2893 1132 2948 intentione
1185 2893 1384 2948 mentis
1440 2892 1768 2948 intendendo

173 2981 400 3051 singulis
426 2999 546 3052 quae
574 2983 875 3055 agebantur
922 2985 1184 3040 interesse
1197 2982 1513 3053 jubebatur,
1550 2983 1769 3040 salvans

173 3074 403 3141 credita,
433 3074 648 3131 discens
672 3077 970 3147 incognita,
999 3078 1240 3133 retinens
1265 3077 1515 3133 ordinata
1540 3083 1600 3132 et
1636 3090 1769 3131 con-

172 3166 364 3221 stituta
410 3186 424 3220 :
466 3176 527 3222 ut
574 3169 620 3224 si
667 3169 810 3226 forte
862 3171 973 3226 tale
1009 3172 1210 3243 aliquid
1261 3181 1416 3227 extra
1463 3179 1558 3225 aut
1624 3170 1767 3224 infra

1873 1966 2112 2035 inventa,
2144 1966 2230 2022 vel
2256 1967 2494 2042 undique
2540 1968 2642 2024 sibi
2689 1967 2936 2023 nuntiata
2964 1974 3085 2038 post
3113 1981 3301 2026 eorum
3343 1965 3466 2022 abs-

1873 2071 2085 2113 cessum
2120 2058 2393 2130 precipuae
2441 2057 2693 2130 fuerant,
2725 2059 2804 2114 eis
2831 2058 2899 2114 ad
2945 2055 3333 2114 conferendum
3380 2055 3468 2110 vel

1873 2149 1942 2205 ad
1971 2149 2424 2206 considerandum
2467 2150 2740 2232 patefacta
2771 2157 2914 2208 sunt.
2947 2148 3155 2217 Quibus
3177 2144 3463 2220 susceptis,

1874 2239 2144 2295 interdum
2181 2240 2270 2302 die
2302 2257 2430 2310 uno,
2467 2237 2741 2298 interdum
2774 2242 2960 2314 biduo,
2994 2241 3266 2311 interdum.
3301 2240 3466 2296 etiam

1871 2334 2071 2402 tritluo,
2105 2334 2190 2390 vel
2222 2335 2451 2406 amplius
2491 2345 2654 2408 prout
2699 2350 2881 2398 rerum
2919 2335 3132 2406 pondus
3175 2335 3468 2412 expetebat

1872 2440 2115 2500 accepto,
2150 2446 2218 2488 ex
2263 2431 2539 2502 praedictis
2577 2431 2890 2490 domesticis
2923 2428 3112 2508 palatii
3161 2429 3343 2486 missis
3385 2427 3467 2482 in-

1873 2521 2322 2591 tercurrentibus,
2367 2537 2595 2592 quaeque
2637 2523 2740 2588 sibi
2769 2521 3094 2580 videbantur
3119 2519 3464 2589 interrogan-

1875 2623 1955 2670 tes
1986 2629 2420 2688 responsumque
2459 2615 2804 2685 recipientes,
2848 2612 3034 2670 tandiu
3070 2612 3147 2672 ita
3195 2609 3342 2672 nullo
3371 2623 3467 2666 ex-

1875 2715 2070 2762 traneo
2099 2706 2593 2780 appropinquante,
2636 2707 2810 2766 donec
2837 2720 2927 2770 res
2967 2703 3196 2778 singulae
3234 2702 3305 2761 ad
3340 2699 3467 2762 effe-

1872 2809 2019 2856 ctum
2051 2801 2326 2880 perducta:
2371 2800 2591 2876 gloriosi
2636 2800 2900 2874 principis
2942 2799 3148 2858 auditui
3195 2797 3251 2856 in
3291 2797 3467 2854 sacris

1872 2881 1988 2962 ejus
2021 2892 2300 2959 obtutibus
2327 2902 2749 2968 exponerentur,
2782 2901 2837 2950 et
2865 2891 3130 2968 quidquid
3153 2891 3277 2948 data
3301 2905 3332 2946 a
3355 2889 3467 2950 Deo

1871 2986 2136 3058 sapientia
2179 2987 2295 3063 ejus
2337 2989 2606 3062 eligeret,
2634 3002 2839 3063 omnes
2891 2995 3280 3059 sequerentur,
3336 3001 3468 3054 ecce

1871 3078 2012 3133 sicut
2056 3079 2122 3134 de
2152 3095 2284 3147 uno,
2320 3080 2396 3134 ita
2446 3080 2511 3136 de
2562 3078 2797 3146 duobus,
2847 3078 2937 3134 vel
2979 3085 3246 3148 quotquot
3285 3084 3470 3133 essent

1872 3169 2124 3240 capitulis
2164 3171 2450 3242 agebatur,
2495 3184 2782 3240 quousque
2809 3168 2993 3224 omnia
3021 3167 3134 3224 Deo
3171 3167 3470 3224 miserante

167 3273 399 3330 regnum
425 3259 680 3328 oriretur,
727 3269 821 3316 aut
866 3261 1203 3332 insperatum
1231 3271 1285 3317 et
1328 3261 1449 3317 ideo
1481 3276 1591 3316 non
1632 3275 1769 3330 prae-
1794 3232 1846 3298 ο
1876 3261 2021 3336 illius
2051 3264 2311 3333 temporis
2340 3262 2651 3318 necessaria
2686 3259 3079 3331 expolirentur.

161 3350 488 3405 meditatum
523 3351 864 3409 nuntiaretur
897 3355 1118 3426 .(rarius
1160 3363 1338 3410 tamen
1369 3368 1597 3410 necesse
1623 3362 1769 3410 esset

160 3453 229 3500 ut
277 3443 566 3500 consilium
613 3445 776 3501 altius
824 3455 1172 3514 tractaretur,
1214 3456 1269 3503 et
1323 3443 1506 3510 tamen
1555 3460 1768 3518 tempus

163 3544 362 3606 aptum
393 3551 500 3591 non
529 3546 692 3605 esset,
739 3538 794 3592 in
831 3553 938 3608 quo
970 3538 1183 3609 praefati
1230 3539 1531 3594 consiliarii
1568 3552 1764 3595 convo-

163 3629 479 3702 carentur),
533 3631 636 3703 ipsi
665 3632 890 3701 palatini
938 3647 1034 3702 per
1065 3633 1498 3689 misericordiam
1538 3633 1656 3708 Dei,
1699 3647 1766 3694 ex

163 3737 366 3779 eorum
394 3723 614 3778 assidua
659 3722 1047 3790 familiaritate,
1096 3734 1206 3780 tam
1245 3727 1299 3780 in
1333 3727 1566 3796 publicis
1591 3727 1768 3782 consi-

165 3816 282 3882 liis,
311 3831 584 3888 quamque
606 3831 675 3872 ex
695 3816 992 3872 domestica
1015 3817 1070 3871 in
1099 3815 1203 3872 hac
1232 3825 1387 3888 parte
1414 3817 1764 3884 allocutione,

165 3911 550 3980 responsione,
603 3919 660 3966 et
705 3911 1121 3976 consultatione,
1188 3911 1425 3966 studium
1475 3913 1764 3986 haberent,

168 4009 341 4072 prout
379 4011 509 4057 tunc
535 4003 613 4056 rei
649 4002 733 4056 vel
779 4003 1040 4072 temporis
1081 4002 1317 4072 qualitas
1357 4003 1630 4072 exigebat,
1676 4011 1768 4058 aut

168 4091 466 4149 consilium
494 4094 728 4163 pleniter
753 4093 888 4148 dare
925 4093 1054 4163 quid
1099 4093 1277 4159 ﬁeret,
1312 4102 1406 4148 aut
1449 4095 1606 4148 certe"
1634 4109 1767 4164 quo-

168 4184 340 4242 modo
367 4185 434 4240 ad
459 4184 722 4256 pradinita
777 4194 1023 4257 tempora
1049 4201 1170 4240 cum
1205 4187 1450 4254 consilio,
1475 4197 1530 4246 et
1560 4188 1767 4260 absque

169 4277 286 4333 ullo
314 4276 637 4332 detrimento
666 4292 752 4332 res
789 4277 980 4338 eadem
1015 4277 1318 4350 exspectari
1347 4277 1432 4332 vel
1470 4279 1766 4338 sustentari

168 4369 464 4440 potuisset.
494 4367 620 4424 Haec
645 4369 710 4425 de
736 4368 1050 4440 majoribus.

119 4489 156 4507 ε·
243 4459 376 4528 Cu.
411 4459 647 4520 XXXI”.
687 4461 765 4516 De
794 4461 1095 4522 minoribus
1129 4478 1273 4527 vero,
1309 4463 1397 4522 vel
1427 4463 1648 4534 proprie
1671 4477 1767 4533 pa-

169 4557 382 4624 latinis,
423 4556 497 4612 ita
529 4565 588 4612 ut
632 4555 868 4610 diximus
914 4569 1019 4611 non
1061 4555 1388 4626 generaliter
1430 4555 1496 4610 ad
1538 4549 1798 4627 regnum;

1790 4607 1847 4672 D

169 4650 596 4723 pertinentibus,
629 4650 724 4706 sed
764 4650 1071 4720 specialiter
1109 4651 1175 4704 ad
1221 4663 1479 4719 personas
1520 4663 1767 4719 quasque

172 4743 611 4814 respicientibus,
643 4757 764 4813 quae
807 4741 1116 4812 specialiter
1141 4739 1342 4812 palatio
1387 4740 1764 4807 imminebant,

172 4853 305 4896 cum
345 4837 425 4902 eis
457 4837 706 4895 dotuinus
745 4851 926 4894 rerum
967 4835 1040 4889 ita
1076 4834 1361 4899 inconiuse
1390 4835 1645 4889 ordinare
1671 4850 1770 4905 po-

173 4929 390 4994 luisset,
445 4938 506 4984 ut
545 4930 740 4993 exinde
787 4946 896 4986 non
951 4928 1124 4983 solum
1171 4926 1557 4990 detrimentum
1602 4925 1770 4980 ullum

173 5024 438 5090 oriretur,
467 5039 654 5088 verum
692 5026 856 5086 etiam
889 5033 1068 5082 ortum
1113 5031 1207 5085 aut
1235 5023 1530 5083 imminens
1562 5021 1769 5082 utiliter

173 5125 271 5174 aut
299 5117 556 5188 mitigari,
585 5126 680 5182 aut
707 5117 950 5178 funditus
978 5117 1272 5188 exstingui,
1303 5126 1397 5172 aut
1422 5116 1586 5174 etiam
1607 5115 1766 5172 evelli

173 5211 461 5281 potuisset
514 5211 572 5274 Si
611 5229 742 5270 vero
790 5212 915 5269 talis
959 5221 1106 5269 esset
1147 5227 1332 5278 causa,
1383 5220 1444 5266 ut
1491 5210 1767 5266 velocitati

176 5305 512 5371 immineret,
544 5315 600 5364 et
626 5317 808 5366 tamen
841 5306 1184 5375 aliquatenus
1205 5321 1372 5375 usque
1412 5304 1478 5359 ad
1509 5302 1766 5375 generale

172 5400 437 5472 placitum
468 5416 683 5472 quoque
712 5409 871 5472 pacto
905 5401 1226 5466 sustentari,
1256 5399 1342 5454 vel
1369 5399 1486 5454 sine
1515 5403 1764 5468 peccato,

173 5503 271 5549 aut
307 5495 427 5556 sine
458 5496 780 5552 contumelia
820 5496 1106 5566 potuisset,
1136 5495 1239 5565 ipsi
1275 5495 1491 5551 modum
1521 5493 1764 5563 ejusdem

173 5589 590 5654 sustentationis
637 5604 705 5644 ex
761 5589 1019 5659 praedicto
1073 5586 1265 5657 majori
1321 5603 1422 5643 usu
1477 5586 1764 5643 consilium

174 5681 341 5737 dandi
371 5683 597 5748 scirent,
620 5689 680 5738 et
715 5683 1036 5753 sapientiam
1066 5683 1310 5752 priorum
1342 5680 1546 5736 imitari
1571 5678 1767 5748 placito

173 5774 312 5841 Deo,
341 5782 396 5830 et
431 5774 636 5840 utiliter
662 5791 828 5846 regno
856 5777 1075 5832 interim
1104 5777 1234 5832 dare
1262 5775 1588 5845 potuissent.
1617 5772 1764 5828 Prte-

172 5868 417 5926 fatorum
450 5880 644 5947 autem
677 5870 1108 5926 eonsiliariorum
1157 5870 1404 5934 intentio,
1439 5867 1653 5939 quando
1700 5868 1764 5921 ad
1820 5946 1822 5948 _

1945 3355 2074 3411 CAP.
2116 3353 2336 3410 XXXV.
2377 3355 2599 3411 Interim
2625 3369 2775 3420 vero,
2814 3369 2922 3424 quo
2954 3355 3070 3408 haec
3096 3353 3150 3408 in
3200 3354 3344 3425 regis
3373 3353 3468 3408 ab-

1873 3449 2048 3506 sentia
2079 3451 2396 3526 agebantur,
2441 3450 2555 3520 ipse
2581 3448 2835 3518 princeps
2864 3447 3087 3517 reliquae
3117 3445 3464 3512 multitudini,

1873 3539 1928 3594 in
1976 3540 2338 3612 suscipiendis
2392 3541 2728 3606 muneribus,
2783 3538 3086 3594 salutandis
3126 3537 3464 3607 proceribus,

1873 3630 2271 3698 confabulando
2300 3632 2477 3687 rarius
2521 3630 2676 3698 visis,
2724 3630 3106 3701 compatiendo
3136 3628 3464 3695 senioribus,

1873 3725 2264 3796 congaudendo
2281 3725 2611 3796 junioribus,
2639 3733 2697 3781 et
2721 3731 2915 3779 caetera
2938 3723 3023 3778 his
3048 3721 3249 3777 similia
3271 3731 3378 3775 tam
3408 3720 3464 3774 in

1875 3817 2235 3888 spiritalibus,
2277 3831 2551 3887 quamque
2581 3824 2638 3871 et
2665 3815 2722 3870 in
2763 3814 3138 3881 saecularibus,
3169 3821 3466 3883 occupatus

1873 3921 1992 3978 erat
2035 3929 2048 3964 :
2089 3911 2164 3969 ita
2215 3919 2415 3974 tamen,
2474 3917 2534 3964 ut
2585 3908 3014 3979 quotiescunque
3059 3915 3464 3978 segregatorum

1872 4003 2124 4058 voluntas
2169 4001 2344 4072 esset},
2397 4001 2464 4056 ad
2509 4015 2604 4056 eos
2649 3999 2892 4064 veniret,
2943 3997 3195 4053 similiter
3250 4013 3466 4066 quoque

1873 4103 2076 4165 quanto
2125 4095 2300 4164 spatio
2353 4092 2655 4148 voluissent
2703 4106 2824 4146 cum
2874 4091 2953 4145 eis
3002 4089 3364 4152 consisteret,
3412 4095 3467 4143 et

1873 4207 1996 4246 cum
2047 4189 2194 4244 omni
2247 4187 2639 4254 familiaritate,
2709 4184 2941 4256 qualiter
2989 4181 3198 4253 singula
3251 4187 3467 4252 reperta

1876 4283 2199 4340 habuissent
2241 4281 2577 4348 referebant,
2625 4287 2937 4351 quantaque
2996 4283 3184 4331 mutua
3237 4273 3365 4330 hinc
3413 4280 3469 4329 et

1873 4378 2001 4436 inde
2033 4375 2390 4432 altercatione
2419 4373 2507 4429 vel
2557 4371 2943 4444 disputatione,
2989 4383 3083 4424 seu
3131 4366 3303 4424 amica
3346 4380 3468 4422 con-

1873 4472 2116 4529 tentione
2149 4469 2543 4535 decertassent,
2583 4465 2826 4538 apertius
2863 4463 3185 4520 recitabant.
3228 4457 3335 4516 Sed
3365 4475 3466 4514 nec

1876 4565 2005 4621 illud
2030 4563 2581 4636 prtetermittendum,
2604 4559 2875 4631 quomodo
2896 4558 2941 4617 si
2969 4567 3181 4628 tempus
3212 4569 3468 4612 serenum

1874 4667 2013 4727 erat,
2045 4666 2218 4721 extra,
2264 4657 2347 4713 sin
2387 4665 2590 4721 autem,
2622 4653 2764 4708 intra
2803 4650 3018 4708 diversa
3062 4649 3180 4704 loca
3210 4647 3466 4702 distincta

1873 4760 2050 4818 erant,
2093 4751 2184 4808 ubi
2219 4758 2274 4807 et
2321 4750 2376 4806 hi
2427 4741 3064 4814 abundanter'segregati
3104 4739 3376 4802 semotim,
3411 4748 3468 4793 et

1876 4853 2072 4901 caetera
2125 4841 2414 4898 multitudo
2480 4839 2774 4910 separatim
2827 4835 3065 4890 residere
3121 4831 3462 4902 potuissent,

1873 4940 2026 5009 prius
2071 4948 2254 4991 tamen
2297 4942 2509 4990 caetera:
2567 4930 2853 4986 inferiores
2898 4940 3148 4998 personae
3202 4923 3502 4984 interesse,

1876 5032 2100 5086 minime
2148 5029 2470 5099 potuissent.
2505 5027 2634 5093 Qua:
2680 5031 2909 5090 utraque
2964 5029 3143 5073 tamen
3189 5015 3466 5071 seniorum

1875 5121 2249 5192 susceptacula
2292 5121 2454 5177 sicin
2507 5119 2718 5174 duobus
2755 5113 2927 5169 divisa
2959 5119 3135 5173 erant,
3186 5115 3247 5164 ut
3285 5106 3463 5177 primo

1873 5229 2065 5270 omnes
2084 5213 2348 5285 episcOpi,
2379 5211 2622 5275 abbates,
2652 5207 2737 5263 vel
2766 5201 3073 5272 hujusmodi
3103 5197 3464 5256 honoriﬁcen-

1874 5309 2042 5364 tiores
2098 5307 2304 5372 clerici,
2352 5306 2554 5373 absque
2605 5301 2713 5355 ulla
2768 5299 3030 5353 iaicorum
3088 5293 3468 5351 commistione

1875 5407 2360 5471 congregarentur.
2413 5392 2674 5450 Similiter
2715 5389 2964 5453 comites,
3019 5386 3104 5442 vel
3154 5382 3464 5454 hujusmodi

1875 5494 2149 5564 principes
2193 5489 2411 5546 sibimet
2451 5481 2936 5542 lionoriiieabiliter
2975 5497 3008 5536 a
3056 5486 3252 5534 caetera
3281 5474 3462 5530 multi-

1873 5589 2059 5644 tudine
2089 5586 2266 5656 primo
2286 5595 2446 5638 mane
2467 5587 2906 5651 segregarentur,
2935 5588 3218 5646 quousque
3248 5582 3462 5640 tempus

1873 5681 1988 5736 sive
2049 5683 2318 5748 praesente
2370 5674 2483 5729 sive
2527 5672 2748 5728 absente
2798 5683 2923 5740 rege
2971 5671 3368 5723 occurrerent:
3410 5670 3466 5717 ct

1875 5781 2004 5828 tunc
2028 5769 2274 5841 praedicti
2305 5766 2549 5824 seniores
2577 5778 2726 5820 more
2748 5760 2926 5827 solito,
2961 5758 3146 5814 clerici
3178 5757 3246 5828 ad
3283 5771 3462 5817 suam,

1874 5868 1994 5924 laici
2031 5881 2157 5922 vero
2199 5865 2266 5921 ad
2315 5877 2468 5920 suam
2515 5861 2864 5919 constitutam
2919 5857 3148 5924 curiam,
3192 5853 3464 5911 subselliis
