  <div class='ocr_page' id='page_1' title='image "/cluster/home/n/w/nwhite01/storage/ocr_20150623/125/hvd.32044015471667/509.png"; bbox 0 0 4010 6330; ppageno 0'>
   <div class='ocr_carea' id='block_1_1' title="bbox 472 431 657 495">
    <p class='ocr_par' dir='ltr' id='par_1_1' title="bbox 472 431 657 495">
     <span class='ocr_line' id='line_1_1' title="bbox 472 431 657 495; baseline -0.054 0"><span class='ocrx_word' id='word_1_1' title='bbox 472 444 473 447; x_wconf 65' lang='grc'><em>“</em></span> <span class='ocrx_word' id='word_1_2' title='bbox 518 431 657 495; x_wconf 79' lang='grc'>1007</span> 
     </span>
    </p>
   </div>
   <div class='ocr_carea' id='block_1_2' title="bbox 1329 422 2971 485">
    <p class='ocr_par' dir='ltr' id='par_1_2' title="bbox 1329 422 2971 485">
     <span class='ocr_line' id='line_1_2' title="bbox 1329 422 2971 485; baseline -0.002 -2"><span class='ocrx_word' id='word_1_3' title='bbox 1329 425 1664 485; x_wconf 79' lang='lat' dir='ltr'><strong>HINCMARI</strong></span> <span class='ocrx_word' id='word_1_4' title='bbox 1700 424 1918 485; x_wconf 75' lang='lat' dir='ltr'><strong>RHEIL</strong></span> <span class='ocrx_word' id='word_1_5' title='bbox 1954 423 2278 485; x_wconf 77' lang='lat' dir='ltr'><strong>ARCHIEP.</strong></span> <span class='ocrx_word' id='word_1_6' title='bbox 2329 422 2698 485; x_wconf 78' lang='lat' dir='ltr'><strong>OPUSCULA</strong></span> <span class='ocrx_word' id='word_1_7' title='bbox 2734 422 2971 480; x_wconf 73' lang='lat' dir='ltr'><strong>VARIA.</strong></span> 
     </span>
    </p>
   </div>
   <div class='ocr_carea' id='block_1_3' title="bbox 509 542 3800 618">
    <p class='ocr_par' dir='ltr' id='par_1_3' title="bbox 509 542 3800 618">
     <span class='ocr_line' id='line_1_3' title="bbox 509 542 3800 618; baseline -0.002 -12"><span class='ocrx_word' id='word_1_8' title='bbox 509 548 761 606; x_wconf 79' lang='lat' dir='ltr'><strong>similiter</strong></span> <span class='ocrx_word' id='word_1_9' title='bbox 805 545 1293 605; x_wconf 88' lang='lat' dir='ltr'><strong>honoriﬁcabiliter</strong></span> <span class='ocrx_word' id='word_1_10' title='bbox 1345 547 1689 618; x_wconf 74' lang='lat' dir='ltr'><strong>praeparatis,</strong></span> <span class='ocrx_word' id='word_1_11' title='bbox 1736 560 2101 603; x_wconf 87' lang='lat' dir='ltr'><strong>convocaren-</strong></span> <span class='ocrx_word' id='word_1_12' title='bbox 2127 548 2180 611; x_wconf 84' lang='grc' dir='ltr'><strong>Α</strong></span> <span class='ocrx_word' id='word_1_13' title='bbox 2205 544 2477 612; x_wconf 88' lang='lat' dir='ltr'><strong>omnibus,</strong></span> <span class='ocrx_word' id='word_1_14' title='bbox 2510 558 2844 617; x_wconf 77' lang='lat' dir='ltr'><strong>quaecunque</strong></span> <span class='ocrx_word' id='word_1_15' title='bbox 2870 542 3092 600; x_wconf 78' lang='lat' dir='ltr'><strong>cuilibet</strong></span> <span class='ocrx_word' id='word_1_16' title='bbox 3135 542 3377 614; x_wconf 89' lang='lat' dir='ltr'><strong>periculo</strong></span> <span class='ocrx_word' id='word_1_17' title='bbox 3421 543 3800 612; x_wconf 73' lang='lat' dir='ltr'><strong>imminerent,</strong></span> 
     </span>
    </p>
   </div>
   <div class='ocr_carea' id='block_1_4' title="bbox 510 638 2098 709">
    <p class='ocr_par' dir='ltr' id='par_1_4' title="bbox 510 638 2098 709">
     <span class='ocr_line' id='line_1_4' title="bbox 510 638 2098 709; baseline -0.002 -12"><span class='ocrx_word' id='word_1_18' title='bbox 510 649 620 697; x_wconf 92' lang='lat' dir='ltr'><strong>tur.</strong></span> <span class='ocrx_word' id='word_1_19' title='bbox 653 640 756 709; x_wconf 88' lang='lat' dir='ltr'><strong>Qui</strong></span> <span class='ocrx_word' id='word_1_20' title='bbox 794 655 920 697; x_wconf 93' lang='lat' dir='ltr'><strong>cum</strong></span> <span class='ocrx_word' id='word_1_21' title='bbox 967 638 1204 709; x_wconf 88' lang='lat' dir='ltr'><strong>separati</strong></span> <span class='ocrx_word' id='word_1_22' title='bbox 1237 653 1267 692; x_wconf 85' lang='lat' dir='ltr'><strong>a</strong></span> <span class='ocrx_word' id='word_1_23' title='bbox 1316 638 1529 694; x_wconf 62' lang='lat' dir='ltr'><strong>creteris</strong></span> <span class='ocrx_word' id='word_1_24' title='bbox 1571 646 1774 706; x_wconf 89' lang='lat' dir='ltr'><strong>essent,</strong></span> <span class='ocrx_word' id='word_1_25' title='bbox 1806 640 1864 696; x_wconf 90' lang='lat' dir='ltr'><strong>in</strong></span> <span class='ocrx_word' id='word_1_26' title='bbox 1911 654 2098 696; x_wconf 91' lang='lat' dir='ltr'><strong>eorum</strong></span> 
     </span>
    </p>
   </div>
   <div class='ocr_carea' id='block_1_5' title="bbox 496 729 2104 804">
    <p class='ocr_par' dir='ltr' id='par_1_5' title="bbox 496 729 2104 804">
     <span class='ocr_line' id='line_1_5' title="bbox 496 729 2104 804; baseline 0.001 -17"><span class='ocrx_word' id='word_1_27' title='bbox 496 733 769 789; x_wconf 87' lang='lat' dir='ltr'><strong>.manebat</strong></span> <span class='ocrx_word' id='word_1_28' title='bbox 810 738 1099 804; x_wconf 73' lang='lat' dir='ltr'><strong>potestate,</strong></span> <span class='ocrx_word' id='word_1_29' title='bbox 1130 730 1348 802; x_wconf 84' lang='lat' dir='ltr'><strong>quando</strong></span> <span class='ocrx_word' id='word_1_30' title='bbox 1388 729 1548 785; x_wconf 89' lang='lat' dir='ltr'><strong>simul</strong></span> <span class='ocrx_word' id='word_1_31' title='bbox 1576 730 1663 787; x_wconf 91' lang='lat' dir='ltr'><strong>vel</strong></span> <span class='ocrx_word' id='word_1_32' title='bbox 1698 732 1915 802; x_wconf 84' lang='lat' dir='ltr'><strong>quando</strong></span> <span class='ocrx_word' id='word_1_33' title='bbox 1946 747 2104 803; x_wconf 89' lang='lat' dir='ltr'><strong>sepa-</strong></span> 
     </span>
    </p>
   </div>
   <div class='ocr_carea' id='block_1_6' title="bbox 507 822 2103 895">
    <p class='ocr_par' dir='ltr' id='par_1_6' title="bbox 507 822 2103 895">
     <span class='ocr_line' id='line_1_6' title="bbox 507 822 2103 895; baseline -0.001 -16"><span class='ocrx_word' id='word_1_34' title='bbox 507 825 617 879; x_wconf 84' lang='lat' dir='ltr'><strong>rati</strong></span> <span class='ocrx_word' id='word_1_35' title='bbox 661 822 983 889; x_wconf 84' lang='lat' dir='ltr'><strong>residerent,</strong></span> <span class='ocrx_word' id='word_1_36' title='bbox 1022 830 1186 894; x_wconf 87' lang='lat' dir='ltr'><strong>prout</strong></span> <span class='ocrx_word' id='word_1_37' title='bbox 1213 836 1308 877; x_wconf 92' lang='lat' dir='ltr'><strong>eos</strong></span> <span class='ocrx_word' id='word_1_38' title='bbox 1343 823 1640 879; x_wconf 66' lang='lat' dir='ltr'><strong>tractandae</strong></span> <span class='ocrx_word' id='word_1_39' title='bbox 1664 838 1843 880; x_wconf 73' lang='lat' dir='ltr'><strong>causa:</strong></span> <span class='ocrx_word' id='word_1_40' title='bbox 1867 824 2103 895; x_wconf 85' lang='lat' dir='ltr'><strong>qualitas</strong></span> 
     </span>
    </p>
   </div>
   <div class='ocr_carea' id='block_1_7' title="bbox 507 912 2098 984">
    <p class='ocr_par' dir='ltr' id='par_1_7' title="bbox 507 912 2098 984">
     <span class='ocr_line' id='line_1_7' title="bbox 507 912 2098 984; baseline 0 -14"><span class='ocrx_word' id='word_1_41' title='bbox 507 915 759 980; x_wconf 87' lang='lat' dir='ltr'><strong>docebat,</strong></span> <span class='ocrx_word' id='word_1_42' title='bbox 798 914 914 970; x_wconf 86' lang='lat' dir='ltr'><strong>sive</strong></span> <span class='ocrx_word' id='word_1_43' title='bbox 953 912 1021 969; x_wconf 91' lang='lat' dir='ltr'><strong>de</strong></span> <span class='ocrx_word' id='word_1_44' title='bbox 1067 913 1419 984; x_wconf 91' lang='lat' dir='ltr'><strong>spiritalibus,</strong></span> <span class='ocrx_word' id='word_1_45' title='bbox 1463 914 1577 970; x_wconf 90' lang='lat' dir='ltr'><strong>sive</strong></span> <span class='ocrx_word' id='word_1_46' title='bbox 1619 915 1686 970; x_wconf 92' lang='lat' dir='ltr'><strong>de</strong></span> <span class='ocrx_word' id='word_1_47' title='bbox 1730 914 2098 979; x_wconf 74' lang='lat' dir='ltr'><strong>saecularibus,</strong></span> 
     </span>
    </p>
   </div>
   <div class='ocr_carea' id='block_1_8' title="bbox 506 1004 2104 1076">
    <p class='ocr_par' dir='ltr' id='par_1_8' title="bbox 506 1004 2104 1076">
     <span class='ocr_line' id='line_1_8' title="bbox 506 1004 2104 1076; baseline -0.003 -13"><span class='ocrx_word' id='word_1_48' title='bbox 506 1019 603 1063; x_wconf 85' lang='lat' dir='ltr'><strong>seu</strong></span> <span class='ocrx_word' id='word_1_49' title='bbox 629 1004 796 1062; x_wconf 90' lang='lat' dir='ltr'><strong>etiam</strong></span> <span class='ocrx_word' id='word_1_50' title='bbox 827 1005 1152 1063; x_wconf 90' lang='lat' dir='ltr'><strong>commistis.</strong></span> <span class='ocrx_word' id='word_1_51' title='bbox 1174 1004 1462 1072; x_wconf 87' lang='lat' dir='ltr'><strong>Similiter,</strong></span> <span class='ocrx_word' id='word_1_52' title='bbox 1485 1006 1532 1061; x_wconf 90' lang='lat' dir='ltr'><strong>si</strong></span> <span class='ocrx_word' id='word_1_53' title='bbox 1554 1014 1778 1076; x_wconf 81' lang='lat' dir='ltr'><strong>propter</strong></span> <span class='ocrx_word' id='word_1_54' title='bbox 1805 1005 2104 1076; x_wconf 89' lang='lat' dir='ltr'><strong>quamlibet</strong></span> 
     </span>
    </p>
   </div>
   <div class='ocr_carea' id='block_1_9' title="bbox 504 1094 2119 1190">
    <p class='ocr_par' dir='ltr' id='par_1_9' title="bbox 504 1094 2119 1190">
     <span class='ocr_line' id='line_1_9' title="bbox 504 1094 2119 1190; baseline 0.002 -40"><span class='ocrx_word' id='word_1_55' title='bbox 504 1097 764 1154; x_wconf 84' lang='lat' dir='ltr'><strong>vescendi</strong></span> <span class='ocrx_word' id='word_1_56' title='bbox 795 1096 879 1152; x_wconf 88' lang='lat' dir='ltr'><strong>vel</strong></span> <span class='ocrx_word' id='word_1_57' title='bbox 920 1097 1279 1169; x_wconf 81' lang='lat' dir='ltr'><strong>investigandi</strong></span> <span class='ocrx_word' id='word_1_58' title='bbox 1310 1112 1533 1153; x_wconf 84' lang='lat' dir='ltr'><strong>causam</strong></span> <span class='ocrx_word' id='word_1_59' title='bbox 1564 1112 1945 1190; x_wconf 77' lang='lat' dir='ltr'><strong>quemcunque</strong></span> <span class='ocrx_word' id='word_1_60' title='bbox 1973 1094 2119 1153; x_wconf 52' lang='lat' dir='ltr'><strong>con?</strong></span> 
     </span>
    </p>
   </div>
   <div class='ocr_carea' id='block_1_10' title="bbox 502 1188 2101 1261">
    <p class='ocr_par' dir='ltr' id='par_1_10' title="bbox 502 1188 2101 1261">
     <span class='ocr_line' id='line_1_10' title="bbox 502 1188 2101 1261; baseline 0.001 -18"><span class='ocrx_word' id='word_1_61' title='bbox 502 1203 708 1245; x_wconf 89' lang='lat' dir='ltr'><strong>vocarc</strong></span> <span class='ocrx_word' id='word_1_62' title='bbox 729 1188 1049 1255; x_wconf 89' lang='lat' dir='ltr'><strong>voluissent,</strong></span> <span class='ocrx_word' id='word_1_63' title='bbox 1074 1197 1128 1247; x_wconf 89' lang='lat' dir='ltr'><strong>et</strong></span> <span class='ocrx_word' id='word_1_64' title='bbox 1156 1205 1217 1245; x_wconf 90' lang='lat' dir='ltr'><strong>re</strong></span> <span class='ocrx_word' id='word_1_65' title='bbox 1248 1200 1526 1261; x_wconf 90' lang='lat' dir='ltr'><strong>comperta</strong></span> <span class='ocrx_word' id='word_1_66' title='bbox 1570 1188 1894 1257; x_wconf 85' lang='lat' dir='ltr'><strong>discederet,</strong></span> <span class='ocrx_word' id='word_1_67' title='bbox 1926 1191 1981 1245; x_wconf 92' lang='lat' dir='ltr'><strong>in</strong></span> <span class='ocrx_word' id='word_1_68' title='bbox 2009 1205 2101 1245; x_wconf 90' lang='lat' dir='ltr'><strong>eo-</strong></span> 
     </span>
    </p>
   </div>
   <div class='ocr_carea' id='block_1_11' title="bbox 502 1280 2099 1352">
    <p class='ocr_par' dir='ltr' id='par_1_11' title="bbox 502 1280 2099 1352">
     <span class='ocr_line' id='line_1_11' title="bbox 502 1280 2099 1352; baseline 0 -16"><span class='ocrx_word' id='word_1_69' title='bbox 502 1297 625 1336; x_wconf 88' lang='lat' dir='ltr'><strong>rum</strong></span> <span class='ocrx_word' id='word_1_70' title='bbox 666 1280 947 1337; x_wconf 81' lang='lat' dir='ltr'><strong>voluntate</strong></span> <span class='ocrx_word' id='word_1_71' title='bbox 991 1283 1268 1337; x_wconf 86' lang='lat' dir='ltr'><strong>manebat.</strong></span> <span class='ocrx_word' id='word_1_72' title='bbox 1303 1281 1433 1339; x_wconf 83' lang='lat' dir='ltr'><strong>Haec</strong></span> <span class='ocrx_word' id='word_1_73' title='bbox 1461 1282 1679 1341; x_wconf 83' lang='lat' dir='ltr'><strong>interim</strong></span> <span class='ocrx_word' id='word_1_74' title='bbox 1731 1284 1797 1339; x_wconf 92' lang='lat' dir='ltr'><strong>de</strong></span> <span class='ocrx_word' id='word_1_75' title='bbox 1839 1281 1946 1349; x_wconf 87' lang='lat' dir='ltr'><strong>his,</strong></span> <span class='ocrx_word' id='word_1_76' title='bbox 1977 1296 2099 1352; x_wconf 71' lang='lat' dir='ltr'><strong>qua:</strong></span> 
     </span>
    </p>
   </div>
   <div class='ocr_carea' id='block_1_12' title="bbox 499 1374 1752 1447">
    <p class='ocr_par' dir='ltr' id='par_1_12' title="bbox 499 1374 1752 1447">
     <span class='ocr_line' id='line_1_12' title="bbox 499 1374 1752 1447; baseline 0 -17"><span class='ocrx_word' id='word_1_77' title='bbox 499 1375 581 1430; x_wconf 85' lang='lat' dir='ltr'><strong>cis</strong></span> <span class='ocrx_word' id='word_1_78' title='bbox 618 1390 652 1430; x_wconf 88' lang='lat' dir='ltr'><strong>a</strong></span> <span class='ocrx_word' id='word_1_79' title='bbox 674 1390 802 1447; x_wconf 87' lang='lat' dir='ltr'><strong>rege</strong></span> <span class='ocrx_word' id='word_1_80' title='bbox 824 1375 894 1431; x_wconf 90' lang='lat' dir='ltr'><strong>ad</strong></span> <span class='ocrx_word' id='word_1_81' title='bbox 925 1375 1270 1431; x_wconf 86' lang='lat' dir='ltr'><strong>tractandum</strong></span> <span class='ocrx_word' id='word_1_82' title='bbox 1290 1374 1752 1447; x_wconf 84' lang='lat' dir='ltr'><strong>proponebantur.</strong></span> 
     </span>
    </p>
   </div>
   <div class='ocr_carea' id='block_1_13' title="bbox 576 1463 2104 1539">
    <p class='ocr_par' dir='ltr' id='par_1_13' title="bbox 576 1463 2104 1539">
     <span class='ocr_line' id='line_1_13' title="bbox 576 1463 2104 1539; baseline 0.001 -19"><span class='ocrx_word' id='word_1_83' title='bbox 576 1463 707 1521; x_wconf 62' lang='lat' dir='ltr'><strong>Car.</strong></span> <span class='ocrx_word' id='word_1_84' title='bbox 763 1463 1009 1520; x_wconf 77' lang='lat' dir='ltr'><strong>XXXVI.</strong></span> <span class='ocrx_word' id='word_1_85' title='bbox 1077 1465 1323 1522; x_wconf 90' lang='lat' dir='ltr'><strong>Secunda</strong></span> <span class='ocrx_word' id='word_1_86' title='bbox 1369 1474 1548 1522; x_wconf 90' lang='lat' dir='ltr'><strong>autem</strong></span> <span class='ocrx_word' id='word_1_87' title='bbox 1600 1467 1739 1523; x_wconf 90' lang='lat' dir='ltr'><strong>ratio</strong></span> <span class='ocrx_word' id='word_1_88' title='bbox 1799 1467 1942 1539; x_wconf 89' lang='lat' dir='ltr'><strong>regis</strong></span> <span class='ocrx_word' id='word_1_89' title='bbox 1984 1478 2104 1523; x_wconf 87' lang='lat' dir='ltr'><strong>erat</strong></span> 
     </span>
    </p>
   </div>
   <div class='ocr_carea' id='block_1_14' title="bbox 504 1556 2100 1633">
    <p class='ocr_par' dir='ltr' id='par_1_14' title="bbox 504 1556 2100 1633">
     <span class='ocr_line' id='line_1_14' title="bbox 504 1556 2100 1633; baseline 0.004 -23"><span class='ocrx_word' id='word_1_90' title='bbox 504 1556 861 1629; x_wconf 89' lang='lat' dir='ltr'><strong>interrogatio</strong></span> <span class='ocrx_word' id='word_1_91' title='bbox 890 1558 1021 1630; x_wconf 91' lang='lat' dir='ltr'><strong>quid</strong></span> <span class='ocrx_word' id='word_1_92' title='bbox 1066 1560 1439 1632; x_wconf 87' lang='lat' dir='ltr'><strong>unusquisque</strong></span> <span class='ocrx_word' id='word_1_93' title='bbox 1474 1576 1543 1617; x_wconf 79' lang='lat' dir='ltr'><strong>ex</strong></span> <span class='ocrx_word' id='word_1_94' title='bbox 1588 1561 1678 1616; x_wconf 90' lang='lat' dir='ltr'><strong>illa</strong></span> <span class='ocrx_word' id='word_1_95' title='bbox 1724 1570 1881 1632; x_wconf 87' lang='lat' dir='ltr'><strong>parte</strong></span> <span class='ocrx_word' id='word_1_96' title='bbox 1928 1562 2100 1633; x_wconf 80' lang='lat' dir='ltr'><strong>regni,</strong></span> 
     </span>
    </p>
   </div>
   <div class='ocr_carea' id='block_1_15' title="bbox 509 1651 2101 1726">
    <p class='ocr_par' dir='ltr' id='par_1_15' title="bbox 509 1651 2101 1726">
     <span class='ocr_line' id='line_1_15' title="bbox 509 1651 2101 1726; baseline 0.003 -22"><span class='ocrx_word' id='word_1_97' title='bbox 509 1666 619 1720; x_wconf 88' lang='lat' dir='ltr'><strong>qua</strong></span> <span class='ocrx_word' id='word_1_98' title='bbox 647 1651 921 1717; x_wconf 84' lang='lat' dir='ltr'><strong>veniebat,</strong></span> <span class='ocrx_word' id='word_1_99' title='bbox 970 1652 1191 1726; x_wconf 90' lang='lat' dir='ltr'><strong>dignum</strong></span> <span class='ocrx_word' id='word_1_100' title='bbox 1230 1653 1427 1721; x_wconf 90' lang='lat' dir='ltr'><strong>relatu,</strong></span> <span class='ocrx_word' id='word_1_101' title='bbox 1477 1653 1563 1709; x_wconf 88' lang='lat' dir='ltr'><strong>vel</strong></span> <span class='ocrx_word' id='word_1_102' title='bbox 1588 1662 1888 1710; x_wconf 89' lang='lat' dir='ltr'><strong>retractatu</strong></span> <span class='ocrx_word' id='word_1_103' title='bbox 1915 1669 2101 1712; x_wconf 88' lang='lat' dir='ltr'><strong>secum</strong></span> 
     </span>
    </p>
   </div>
   <div class='ocr_carea' id='block_1_16' title="bbox 502 1742 2101 1815">
    <p class='ocr_par' dir='ltr' id='par_1_16' title="bbox 502 1742 2101 1815">
     <span class='ocr_line' id='line_1_16' title="bbox 502 1742 2101 1815; baseline 0.002 -18"><span class='ocrx_word' id='word_1_104' title='bbox 502 1742 741 1809; x_wconf 81' lang='lat' dir='ltr'><strong>all‘erret,</strong></span> <span class='ocrx_word' id='word_1_105' title='bbox 773 1742 901 1814; x_wconf 88' lang='lat' dir='ltr'><strong>quia</strong></span> <span class='ocrx_word' id='word_1_106' title='bbox 925 1751 980 1799; x_wconf 91' lang='lat' dir='ltr'><strong>et</strong></span> <span class='ocrx_word' id='word_1_107' title='bbox 1029 1745 1131 1799; x_wconf 86' lang='lat' dir='ltr'><strong>hoc</strong></span> <span class='ocrx_word' id='word_1_108' title='bbox 1157 1745 1238 1801; x_wconf 88' lang='lat' dir='ltr'><strong>eis</strong></span> <span class='ocrx_word' id='word_1_109' title='bbox 1265 1760 1375 1800; x_wconf 91' lang='lat' dir='ltr'><strong>non</strong></span> <span class='ocrx_word' id='word_1_110' title='bbox 1407 1743 1582 1800; x_wconf 88' lang='lat' dir='ltr'><strong>solum</strong></span> <span class='ocrx_word' id='word_1_111' title='bbox 1622 1744 1973 1815; x_wconf 88' lang='lat' dir='ltr'><strong>permissum,</strong></span> <span class='ocrx_word' id='word_1_112' title='bbox 2002 1758 2101 1800; x_wconf 89' lang='lat' dir='ltr'><strong>ve-</strong></span> 
     </span>
    </p>
   </div>
   <div class='ocr_carea' id='block_1_17' title="bbox 503 1834 2101 1905">
    <p class='ocr_par' dir='ltr' id='par_1_17' title="bbox 503 1834 2101 1905">
     <span class='ocr_line' id='line_1_17' title="bbox 503 1834 2101 1905; baseline 0.004 -17"><span class='ocrx_word' id='word_1_113' title='bbox 503 1851 624 1889; x_wconf 89' lang='lat' dir='ltr'><strong>rum</strong></span> <span class='ocrx_word' id='word_1_114' title='bbox 676 1834 844 1891; x_wconf 88' lang='lat' dir='ltr'><strong>etiam</strong></span> <span class='ocrx_word' id='word_1_115' title='bbox 894 1836 1099 1893; x_wconf 88' lang='lat' dir='ltr'><strong>arctius</strong></span> <span class='ocrx_word' id='word_1_116' title='bbox 1129 1837 1481 1893; x_wconf 89' lang='lat' dir='ltr'><strong>commissum</strong></span> <span class='ocrx_word' id='word_1_117' title='bbox 1509 1845 1650 1905; x_wconf 88' lang='lat' dir='ltr'><strong>erat,</strong></span> <span class='ocrx_word' id='word_1_118' title='bbox 1695 1846 1754 1893; x_wconf 90' lang='lat' dir='ltr'><strong>ut</strong></span> <span class='ocrx_word' id='word_1_119' title='bbox 1783 1838 1886 1894; x_wconf 87' lang='lat' dir='ltr'><strong>hoc</strong></span> <span class='ocrx_word' id='word_1_120' title='bbox 1930 1854 2101 1894; x_wconf 89' lang='lat' dir='ltr'><strong>unus-</strong></span> 
     </span>
    </p>
   </div>
   <div class='ocr_carea' id='block_1_18' title="bbox 2205 630 3804 709">
    <p class='ocr_par' dir='ltr' id='par_1_18' title="bbox 2205 630 3804 709">
     <span class='ocr_line' id='line_1_18' title="bbox 2205 630 3804 709; baseline 0 -15"><span class='ocrx_word' id='word_1_121' title='bbox 2205 638 2339 694; x_wconf 90' lang='lat' dir='ltr'><strong>illud</strong></span> <span class='ocrx_word' id='word_1_122' title='bbox 2364 638 2637 709; x_wconf 62' lang='lat' dir='ltr'><strong>praecipue</strong></span> <span class='ocrx_word' id='word_1_123' title='bbox 2662 630 3026 708; x_wconf 61' lang='lat' dir='ltr'><strong>querebatur,</strong></span> <span class='ocrx_word' id='word_1_124' title='bbox 3052 635 3209 708; x_wconf 80' lang='lat' dir='ltr'><strong>cujus</strong></span> <span class='ocrx_word' id='word_1_125' title='bbox 3230 634 3311 694; x_wconf 90' lang='lat' dir='ltr'><strong>rei</strong></span> <span class='ocrx_word' id='word_1_126' title='bbox 3346 636 3642 695; x_wconf 76' lang='lat' dir='ltr'><strong>occasione</strong></span> <span class='ocrx_word' id='word_1_127' title='bbox 3668 637 3804 694; x_wconf 78' lang='lat' dir='ltr'><strong>talia</strong></span> 
     </span>
    </p>
   </div>
   <div class='ocr_carea' id='block_1_19' title="bbox 2203 728 2744 786">
    <p class='ocr_par' dir='ltr' id='par_1_19' title="bbox 2203 728 2744 786">
     <span class='ocr_line' id='line_1_19' title="bbox 2203 728 2744 786; baseline -0.002 -1"><span class='ocrx_word' id='word_1_128' title='bbox 2203 729 2291 786; x_wconf 86' lang='lat' dir='ltr'><strong>vel</strong></span> <span class='ocrx_word' id='word_1_129' title='bbox 2314 728 2442 785; x_wconf 89' lang='lat' dir='ltr'><strong>talia</strong></span> <span class='ocrx_word' id='word_1_130' title='bbox 2468 730 2744 785; x_wconf 88' lang='lat' dir='ltr'><strong>orirentur</strong></span> 
     </span>
    </p>
   </div>
   <div class='ocr_carea' id='block_1_20' title="bbox 2275 820 3807 893">
    <p class='ocr_par' dir='ltr' id='par_1_20' title="bbox 2275 820 3807 893">
     <span class='ocr_line' id='line_1_20' title="bbox 2275 820 3807 893; baseline -0.001 -14"><span class='ocrx_word' id='word_1_131' title='bbox 2275 821 2402 880; x_wconf 67' lang='lat' dir='ltr'><strong>Car.</strong></span> <span class='ocrx_word' id='word_1_132' title='bbox 2424 820 2686 877; x_wconf 82' lang='lat' dir='ltr'><strong>XXXVII.</strong></span> <span class='ocrx_word' id='word_1_133' title='bbox 2723 820 2857 879; x_wconf 88' lang='lat' dir='ltr'><strong>Post</strong></span> <span class='ocrx_word' id='word_1_134' title='bbox 2888 821 3002 889; x_wconf 89' lang='lat' dir='ltr'><strong>illa,</strong></span> <span class='ocrx_word' id='word_1_135' title='bbox 3033 836 3156 893; x_wconf 69' lang='lat' dir='ltr'><strong>quae</strong></span> <span class='ocrx_word' id='word_1_136' title='bbox 3183 821 3239 877; x_wconf 89' lang='lat' dir='ltr'><strong>in</strong></span> <span class='ocrx_word' id='word_1_137' title='bbox 3259 821 3467 893; x_wconf 84' lang='lat' dir='ltr'><strong>synodo</strong></span> <span class='ocrx_word' id='word_1_138' title='bbox 3494 822 3642 893; x_wconf 78' lang='lat' dir='ltr'><strong>apud</strong></span> <span class='ocrx_word' id='word_1_139' title='bbox 3661 838 3807 878; x_wconf 78' lang='lat' dir='ltr'><strong>mar-</strong></span> 
     </span>
    </p>
   </div>
   <div class='ocr_carea' id='block_1_21' title="bbox 2203 913 3805 989">
    <p class='ocr_par' dir='ltr' id='par_1_21' title="bbox 2203 913 3805 989">
     <span class='ocr_line' id='line_1_21' title="bbox 2203 913 3805 989; baseline 0 -19"><span class='ocrx_word' id='word_1_140' title='bbox 2203 915 2406 989; x_wconf 85' lang='lat' dir='ltr'><strong>tyrium</strong></span> <span class='ocrx_word' id='word_1_141' title='bbox 2443 922 2645 971; x_wconf 64' lang='lat' dir='ltr'><strong>sanctas</strong></span> <span class='ocrx_word' id='word_1_142' title='bbox 2683 913 2882 971; x_wconf 67' lang='lat' dir='ltr'><strong>Macra:</strong></span> <span class='ocrx_word' id='word_1_143' title='bbox 2916 914 2987 971; x_wconf 90' lang='lat' dir='ltr'><strong>de</strong></span> <span class='ocrx_word' id='word_1_144' title='bbox 3018 913 3284 984; x_wconf 83' lang='lat' dir='ltr'><strong>majorum</strong></span> <span class='ocrx_word' id='word_1_145' title='bbox 3314 914 3805 970; x_wconf 80' lang='lat' dir='ltr'><strong>constitutionibus</strong></span> 
     </span>
    </p>
   </div>
   <div class='ocr_carea' id='block_1_22' title="bbox 2203 1004 3808 1079">
    <p class='ocr_par' dir='ltr' id='par_1_22' title="bbox 2203 1004 3808 1079">
     <span class='ocr_line' id='line_1_22' title="bbox 2203 1004 3808 1079; baseline -0.002 -15"><span class='ocrx_word' id='word_1_146' title='bbox 2203 1008 2451 1075; x_wconf 90' lang='lat' dir='ltr'><strong>collecta,</strong></span> <span class='ocrx_word' id='word_1_147' title='bbox 2481 1016 2540 1063; x_wconf 91' lang='lat' dir='ltr'><strong>et</strong></span> <span class='ocrx_word' id='word_1_148' title='bbox 2565 1006 2681 1079; x_wconf 88' lang='lat' dir='ltr'><strong>regi</strong></span> <span class='ocrx_word' id='word_1_149' title='bbox 2725 1006 2999 1063; x_wconf 88' lang='lat' dir='ltr'><strong>Ludovico</strong></span> <span class='ocrx_word' id='word_1_150' title='bbox 3046 1021 3220 1079; x_wconf 88' lang='lat' dir='ltr'><strong>nuper</strong></span> <span class='ocrx_word' id='word_1_151' title='bbox 3249 1005 3508 1061; x_wconf 84' lang='lat' dir='ltr'><strong>defuncto</strong></span> <span class='ocrx_word' id='word_1_152' title='bbox 3534 1004 3695 1063; x_wconf 66' lang='lat' dir='ltr'><strong>{me</strong></span> <span class='ocrx_word' id='word_1_153' title='bbox 3724 1005 3808 1061; x_wconf 88' lang='lat' dir='ltr'><strong>di-</strong></span> 
     </span>
    </p>
   </div>
   <div class='ocr_carea' id='block_1_23' title="bbox 2202 1099 3807 1172">
    <p class='ocr_par' dir='ltr' id='par_1_23' title="bbox 2202 1099 3807 1172">
     <span class='ocr_line' id='line_1_23' title="bbox 2202 1099 3807 1172; baseline -0.002 -16"><span class='ocrx_word' id='word_1_154' title='bbox 2202 1110 2374 1168; x_wconf 87' lang='lat' dir='ltr'><strong>recta,</strong></span> <span class='ocrx_word' id='word_1_155' title='bbox 2406 1101 2525 1157; x_wconf 60' lang='lat' dir='ltr'><strong>haec</strong></span> <span class='ocrx_word' id='word_1_156' title='bbox 2551 1101 2618 1155; x_wconf 89' lang='lat' dir='ltr'><strong>de</strong></span> <span class='ocrx_word' id='word_1_157' title='bbox 2658 1101 2849 1156; x_wconf 87' lang='lat' dir='ltr'><strong>ordine</strong></span> <span class='ocrx_word' id='word_1_158' title='bbox 2892 1100 3078 1172; x_wconf 83' lang='lat' dir='ltr'><strong>palatii</strong></span> <span class='ocrx_word' id='word_1_159' title='bbox 3121 1109 3180 1157; x_wconf 90' lang='lat' dir='ltr'><strong>et</strong></span> <span class='ocrx_word' id='word_1_160' title='bbox 3224 1099 3583 1170; x_wconf 83' lang='lat' dir='ltr'><strong>dispositione</strong></span> <span class='ocrx_word' id='word_1_161' title='bbox 3622 1100 3807 1171; x_wconf 80' lang='lat' dir='ltr'><strong>regni,</strong></span> 
     </span>
    </p>
   </div>
   <div class='ocr_carea' id='block_1_24' title="bbox 2202 1188 3806 1261">
    <p class='ocr_par' dir='ltr' id='par_1_24' title="bbox 2202 1188 3806 1261">
     <span class='ocr_line' id='line_1_24' title="bbox 2202 1188 3806 1261; baseline -0.002 -14"><span class='ocrx_word' id='word_1_162' title='bbox 2202 1190 2357 1247; x_wconf 89' lang='lat' dir='ltr'><strong>vobis</strong></span> <span class='ocrx_word' id='word_1_163' title='bbox 2387 1188 2455 1245; x_wconf 86' lang='lat' dir='ltr'><strong>ad</strong></span> <span class='ocrx_word' id='word_1_164' title='bbox 2490 1188 2886 1246; x_wconf 89' lang='lat' dir='ltr'><strong>institutionem</strong></span> <span class='ocrx_word' id='word_1_165' title='bbox 2938 1189 3099 1246; x_wconf 84' lang='lat' dir='ltr'><strong>istius</strong></span> <span class='ocrx_word' id='word_1_166' title='bbox 3146 1190 3291 1261; x_wconf 87' lang='lat' dir='ltr'><strong>regis</strong></span> <span class='ocrx_word' id='word_1_167' title='bbox 3338 1188 3516 1245; x_wconf 83' lang='lat' dir='ltr'><strong>nostri</strong></span> <span class='ocrx_word' id='word_1_168' title='bbox 3541 1203 3609 1244; x_wconf 87' lang='lat' dir='ltr'><strong>ac</strong></span> <span class='ocrx_word' id='word_1_169' title='bbox 3637 1188 3806 1243; x_wconf 76' lang='lat' dir='ltr'><strong>mini-</strong></span> 
     </span>
    </p>
   </div>
   <div class='ocr_carea' id='block_1_25' title="bbox 2203 1276 3812 1351">
    <p class='ocr_par' dir='ltr' id='par_1_25' title="bbox 2203 1276 3812 1351">
     <span class='ocr_line' id='line_1_25' title="bbox 2203 1276 3812 1351; baseline -0.006 -9"><span class='ocrx_word' id='word_1_170' title='bbox 2203 1293 2443 1342; x_wconf 90' lang='lat' dir='ltr'><strong>strorum</strong></span> <span class='ocrx_word' id='word_1_171' title='bbox 2466 1276 2585 1348; x_wconf 89' lang='lat' dir='ltr'><strong>ejus</strong></span> <span class='ocrx_word' id='word_1_172' title='bbox 2616 1279 2877 1351; x_wconf 86' lang='lat' dir='ltr'><strong>regnique</strong></span> <span class='ocrx_word' id='word_1_173' title='bbox 2922 1279 3288 1350; x_wconf 80' lang='lat' dir='ltr'><strong>provisorum,</strong></span> <span class='ocrx_word' id='word_1_174' title='bbox 3335 1279 3479 1335; x_wconf 87' lang='lat' dir='ltr'><strong>sicut</strong></span> <span class='ocrx_word' id='word_1_175' title='bbox 3505 1277 3812 1349; x_wconf 80' lang='lat' dir='ltr'><strong>scriptiset</strong></span> 
     </span>
    </p>
   </div>
   <div class='ocr_carea' id='block_1_26' title="bbox 2205 1370 3813 1444">
    <p class='ocr_par' dir='ltr' id='par_1_26' title="bbox 2205 1370 3813 1444">
     <span class='ocr_line' id='line_1_26' title="bbox 2205 1370 3813 1444; baseline -0.005 -10"><span class='ocrx_word' id='word_1_176' title='bbox 2205 1379 2386 1437; x_wconf 88' lang='lat' dir='ltr'><strong>verbis</strong></span> <span class='ocrx_word' id='word_1_177' title='bbox 2427 1377 2707 1435; x_wconf 88' lang='lat' dir='ltr'><strong>seniorum</strong></span> <span class='ocrx_word' id='word_1_178' title='bbox 2733 1375 2916 1440; x_wconf 90' lang='lat' dir='ltr'><strong>didici,</strong></span> <span class='ocrx_word' id='word_1_179' title='bbox 2948 1384 3003 1430; x_wconf 91' lang='lat' dir='ltr'><strong>et</strong></span> <span class='ocrx_word' id='word_1_180' title='bbox 3033 1374 3149 1444; x_wconf 87' lang='lat' dir='ltr'><strong>ipse</strong></span> <span class='ocrx_word' id='word_1_181' title='bbox 3186 1372 3368 1428; x_wconf 84' lang='lat' dir='ltr'><strong>adhuc</strong></span> <span class='ocrx_word' id='word_1_182' title='bbox 3400 1373 3460 1426; x_wconf 90' lang='lat' dir='ltr'><strong>in</strong></span> <span class='ocrx_word' id='word_1_183' title='bbox 3479 1370 3813 1427; x_wconf 83' lang='lat' dir='ltr'><strong>adolescen-</strong></span> 
     </span>
    </p>
   </div>
   <div class='ocr_carea' id='block_1_27' title="bbox 2204 1462 3804 1536">
    <p class='ocr_par' dir='ltr' id='par_1_27' title="bbox 2204 1462 3804 1536">
     <span class='ocr_line' id='line_1_27' title="bbox 2204 1462 3804 1536; baseline -0.01 -7"><span class='ocrx_word' id='word_1_184' title='bbox 2204 1473 2279 1529; x_wconf 87' lang='lat' dir='ltr'><strong>tia</strong></span> <span class='ocrx_word' id='word_1_185' title='bbox 2308 1486 2427 1527; x_wconf 87' lang='lat' dir='ltr'><strong>mea</strong></span> <span class='ocrx_word' id='word_1_186' title='bbox 2457 1469 2588 1536; x_wconf 91' lang='lat' dir='ltr'><strong>vidi,</strong></span> <span class='ocrx_word' id='word_1_187' title='bbox 2621 1468 2816 1524; x_wconf 87' lang='lat' dir='ltr'><strong>devote</strong></span> <span class='ocrx_word' id='word_1_188' title='bbox 2832 1465 3063 1536; x_wconf 78' lang='lat' dir='ltr'><strong>iussioni</strong></span> <span class='ocrx_word' id='word_1_189' title='bbox 3095 1474 3290 1521; x_wconf 67' lang='lat' dir='ltr'><strong>vestra:</strong></span> <span class='ocrx_word' id='word_1_190' title='bbox 3313 1462 3579 1518; x_wconf 86' lang='lat' dir='ltr'><strong>obediens</strong></span> <span class='ocrx_word' id='word_1_191' title='bbox 3604 1462 3804 1519; x_wconf 76' lang='lat' dir='ltr'><strong>obtuli.</strong></span> 
     </span>
    </p>
   </div>
   <div class='ocr_carea' id='block_1_28' title="bbox 2203 1556 3813 1627">
    <p class='ocr_par' dir='ltr' id='par_1_28' title="bbox 2203 1556 3813 1627">
     <span class='ocr_line' id='line_1_28' title="bbox 2203 1556 3813 1627; baseline -0.009 -4"><span class='ocrx_word' id='word_1_192' title='bbox 2203 1565 2472 1623; x_wconf 82' lang='lat' dir='ltr'><strong>Personas</strong></span> <span class='ocrx_word' id='word_1_193' title='bbox 2501 1571 2684 1621; x_wconf 88' lang='lat' dir='ltr'><strong>autem</strong></span> <span class='ocrx_word' id='word_1_194' title='bbox 2704 1562 3004 1621; x_wconf 88' lang='lat' dir='ltr'><strong>hominum,</strong></span> <span class='ocrx_word' id='word_1_195' title='bbox 3038 1568 3095 1619; x_wconf 80' lang='lat' dir='ltr'><strong>et</strong></span> <span class='ocrx_word' id='word_1_196' title='bbox 3121 1574 3302 1616; x_wconf 84' lang='lat' dir='ltr'><strong>mores</strong></span> <span class='ocrx_word' id='word_1_197' title='bbox 3319 1573 3387 1615; x_wconf 88' lang='lat' dir='ltr'><strong>ac</strong></span> <span class='ocrx_word' id='word_1_198' title='bbox 3411 1557 3717 1627; x_wconf 80' lang='lat' dir='ltr'><strong>qualitates</strong></span> <span class='ocrx_word' id='word_1_199' title='bbox 3747 1556 3813 1610; x_wconf 85' lang='lat' dir='ltr'><strong>il-</strong></span> 
     </span>
    </p>
   </div>
   <div class='ocr_carea' id='block_1_29' title="bbox 2203 1650 3806 1727">
    <p class='ocr_par' dir='ltr' id='par_1_29' title="bbox 2203 1650 3806 1727">
     <span class='ocr_line' id='line_1_29' title="bbox 2203 1650 3806 1727; baseline -0.004 -17"><span class='ocrx_word' id='word_1_200' title='bbox 2203 1655 2401 1722; x_wconf 88' lang='lat' dir='ltr'><strong>lorum,</strong></span> <span class='ocrx_word' id='word_1_201' title='bbox 2431 1669 2529 1727; x_wconf 89' lang='lat' dir='ltr'><strong>per</strong></span> <span class='ocrx_word' id='word_1_202' title='bbox 2552 1669 2693 1725; x_wconf 87' lang='lat' dir='ltr'><strong>quos</strong></span> <span class='ocrx_word' id='word_1_203' title='bbox 2712 1653 2761 1708; x_wconf 88' lang='lat' dir='ltr'><strong>si</strong></span> <span class='ocrx_word' id='word_1_204' title='bbox 2785 1652 2966 1722; x_wconf 88' lang='lat' dir='ltr'><strong>aliqua</strong></span> <span class='ocrx_word' id='word_1_205' title='bbox 2994 1659 3122 1707; x_wconf 90' lang='lat' dir='ltr'><strong>sunt</strong></span> <span class='ocrx_word' id='word_1_206' title='bbox 3144 1650 3383 1721; x_wconf 79' lang='lat' dir='ltr'><strong>collapsa</strong></span> <span class='ocrx_word' id='word_1_207' title='bbox 3409 1650 3806 1713; x_wconf 75' lang='lat' dir='ltr'><strong>restituantur,</strong></span> 
     </span>
    </p>
   </div>
   <div class='ocr_carea' id='block_1_30' title="bbox 2202 1742 3814 1818">
    <p class='ocr_par' dir='ltr' id='par_1_30' title="bbox 2202 1742 3814 1818">
     <span class='ocr_line' id='line_1_30' title="bbox 2202 1742 3814 1818; baseline -0.007 -11"><span class='ocrx_word' id='word_1_208' title='bbox 2202 1759 2385 1807; x_wconf 90' lang='lat' dir='ltr'><strong>vestra</strong></span> <span class='ocrx_word' id='word_1_209' title='bbox 2437 1747 2657 1805; x_wconf 89' lang='lat' dir='ltr'><strong>solertia</strong></span> <span class='ocrx_word' id='word_1_210' title='bbox 2682 1744 3024 1818; x_wconf 80' lang='lat' dir='ltr'><strong>,providebit,</strong></span> <span class='ocrx_word' id='word_1_211' title='bbox 3090 1745 3350 1814; x_wconf 83' lang='lat' dir='ltr'><strong>quoniam</strong></span> <span class='ocrx_word' id='word_1_212' title='bbox 3389 1744 3461 1803; x_wconf 81' lang='lat' dir='ltr'><strong>de</strong></span> <span class='ocrx_word' id='word_1_213' title='bbox 3506 1742 3620 1810; x_wconf 79' lang='lat' dir='ltr'><strong>his,</strong></span> <span class='ocrx_word' id='word_1_214' title='bbox 3664 1757 3814 1812; x_wconf 79' lang='lat' dir='ltr'><strong>quos</strong></span> 
     </span>
    </p>
   </div>
   <div class='ocr_carea' id='block_1_31' title="bbox 2209 1833 3805 1912">
    <p class='ocr_par' dir='ltr' id='par_1_31' title="bbox 2209 1833 3805 1912">
     <span class='ocr_line' id='line_1_31' title="bbox 2209 1833 3805 1912; baseline -0.006 -15"><span class='ocrx_word' id='word_1_215' title='bbox 2209 1851 2452 1912; x_wconf 88' lang='lat' dir='ltr'><strong>tempore</strong></span> <span class='ocrx_word' id='word_1_216' title='bbox 2505 1838 2691 1897; x_wconf 83' lang='lat' dir='ltr'><strong>domui</strong></span> <span class='ocrx_word' id='word_1_217' title='bbox 2736 1836 3000 1895; x_wconf 88' lang='lat' dir='ltr'><strong>Ludovici</strong></span> <span class='ocrx_word' id='word_1_218' title='bbox 3051 1835 3396 1911; x_wconf 76' lang='lat' dir='ltr'><strong>imperatoris</strong></span> <span class='ocrx_word' id='word_1_219' title='bbox 3446 1835 3555 1890; x_wconf 86' lang='lat' dir='ltr'><strong>vidi</strong></span> <span class='ocrx_word' id='word_1_220' title='bbox 3598 1833 3805 1906; x_wconf 72' lang='lat' dir='ltr'><strong>palatii</strong></span> 
     </span>
    </p>
   </div>
   <div class='ocr_carea' id='block_1_32' title="bbox 500 1915 3812 2007">
    <p class='ocr_par' dir='ltr' id='par_1_32' title="bbox 500 1915 3812 2007">
     <span class='ocr_line' id='line_1_32' title="bbox 500 1915 3812 2007; baseline 0.002 -30"><span class='ocrx_word' id='word_1_221' title='bbox 500 1926 733 1996; x_wconf 84' lang='lat' dir='ltr'><strong>quisque</strong></span> <span class='ocrx_word' id='word_1_222' title='bbox 762 1926 1180 1994; x_wconf 88' lang='lat' dir='ltr'><strong>studiosissime,</strong></span> <span class='ocrx_word' id='word_1_223' title='bbox 1212 1944 1388 1998; x_wconf 89' lang='lat' dir='ltr'><strong>usque</strong></span> <span class='ocrx_word' id='word_1_224' title='bbox 1415 1928 1543 1985; x_wconf 92' lang='lat' dir='ltr'><strong>dum</strong></span> <span class='ocrx_word' id='word_1_225' title='bbox 1578 1936 1966 1994; x_wconf 85' lang='lat' dir='ltr'><strong>reverteretur,</strong></span> <span class='ocrx_word' id='word_1_226' title='bbox 1992 1936 2102 1983; x_wconf 91' lang='lat' dir='ltr'><strong>tam</strong></span> <span class='ocrx_word' id='word_1_227' title='bbox 2132 1915 2180 1976; x_wconf 77' lang='grc' dir='ltr'><strong>Β</strong></span> <span class='ocrx_word' id='word_1_228' title='bbox 2206 1942 2592 2007; x_wconf 85' lang='lat' dir='ltr'><strong>procuratores</strong></span> <span class='ocrx_word' id='word_1_229' title='bbox 2620 1940 2678 1987; x_wconf 91' lang='lat' dir='ltr'><strong>et</strong></span> <span class='ocrx_word' id='word_1_230' title='bbox 2700 1931 2856 2003; x_wconf 85' lang='lat' dir='ltr'><strong>regni</strong></span> <span class='ocrx_word' id='word_1_231' title='bbox 2896 1929 3202 2001; x_wconf 56' lang='lat' dir='ltr'><strong>praefectos,</strong></span> <span class='ocrx_word' id='word_1_232' title='bbox 3234 1928 3510 1991; x_wconf 75' lang='lat' dir='ltr'><strong>neminem</strong></span> <span class='ocrx_word' id='word_1_233' title='bbox 3537 1928 3653 1984; x_wconf 79' lang='lat' dir='ltr'><strong>scio</strong></span> <span class='ocrx_word' id='word_1_234' title='bbox 3681 1942 3812 1985; x_wconf 77' lang='lat' dir='ltr'><strong>esse</strong></span> 
     </span>
    </p>
   </div>
   <div class='ocr_carea' id='block_1_33' title="bbox 502 2017 2104 2091">
    <p class='ocr_par' dir='ltr' id='par_1_33' title="bbox 502 2017 2104 2091">
     <span class='ocr_line' id='line_1_33' title="bbox 502 2017 2104 2091; baseline 0.001 -19"><span class='ocrx_word' id='word_1_235' title='bbox 502 2017 666 2083; x_wconf 81' lang='lat' dir='ltr'><strong>infra,</strong></span> <span class='ocrx_word' id='word_1_236' title='bbox 701 2032 867 2087; x_wconf 90' lang='lat' dir='ltr'><strong>quam</strong></span> <span class='ocrx_word' id='word_1_237' title='bbox 895 2027 1053 2074; x_wconf 78' lang='lat' dir='ltr'><strong>extra</strong></span> <span class='ocrx_word' id='word_1_238' title='bbox 1096 2035 1328 2089; x_wconf 84' lang='lat' dir='ltr'><strong>regnum</strong></span> <span class='ocrx_word' id='word_1_239' title='bbox 1370 2020 1730 2091; x_wconf 87' lang='lat' dir='ltr'><strong>perquireret,</strong></span> <span class='ocrx_word' id='word_1_240' title='bbox 1762 2020 1808 2075; x_wconf 93' lang='lat' dir='ltr'><strong>si</strong></span> <span class='ocrx_word' id='word_1_241' title='bbox 1837 2019 1967 2090; x_wconf 89' lang='lat' dir='ltr'><strong>quid</strong></span> <span class='ocrx_word' id='word_1_242' title='bbox 1993 2017 2104 2075; x_wconf 89' lang='lat' dir='ltr'><strong>tale</strong></span> 
     </span>
    </p>
   </div>
   <div class='ocr_carea' id='block_1_34' title="bbox 500 2110 2100 2182">
    <p class='ocr_par' dir='ltr' id='par_1_34' title="bbox 500 2110 2100 2182">
     <span class='ocr_line' id='line_1_34' title="bbox 500 2110 2100 2182; baseline 0.001 -18"><span class='ocrx_word' id='word_1_243' title='bbox 500 2120 611 2165; x_wconf 75' lang='lat' dir='ltr'><strong>neu</strong></span> <span class='ocrx_word' id='word_1_244' title='bbox 639 2110 814 2166; x_wconf 90' lang='lat' dir='ltr'><strong>solum</strong></span> <span class='ocrx_word' id='word_1_245' title='bbox 841 2125 875 2166; x_wconf 89' lang='lat' dir='ltr'><strong>a</strong></span> <span class='ocrx_word' id='word_1_246' title='bbox 900 2111 1135 2182; x_wconf 88' lang='lat' dir='ltr'><strong>propriis</strong></span> <span class='ocrx_word' id='word_1_247' title='bbox 1162 2112 1249 2167; x_wconf 86' lang='lat' dir='ltr'><strong>vel</strong></span> <span class='ocrx_word' id='word_1_248' title='bbox 1278 2111 1579 2177; x_wconf 85' lang='lat' dir='ltr'><strong>extraneis,</strong></span> <span class='ocrx_word' id='word_1_249' title='bbox 1608 2125 1796 2167; x_wconf 90' lang='lat' dir='ltr'><strong>verum</strong></span> <span class='ocrx_word' id='word_1_250' title='bbox 1824 2112 1989 2167; x_wconf 91' lang='lat' dir='ltr'><strong>etiam</strong></span> <span class='ocrx_word' id='word_1_251' title='bbox 2026 2112 2100 2167; x_wconf 88' lang='lat' dir='ltr'><strong>si-</strong></span> 
     </span>
    </p>
   </div>
   <div class='ocr_carea' id='block_1_35' title="bbox 503 2198 2098 2273">
    <p class='ocr_par' dir='ltr' id='par_1_35' title="bbox 503 2198 2098 2273">
     <span class='ocr_line' id='line_1_35' title="bbox 503 2198 2098 2273; baseline 0.003 -20"><span class='ocrx_word' id='word_1_252' title='bbox 503 2208 595 2255; x_wconf 87' lang='lat' dir='ltr'><strong>cut</strong></span> <span class='ocrx_word' id='word_1_253' title='bbox 626 2200 695 2255; x_wconf 89' lang='lat' dir='ltr'><strong>ab</strong></span> <span class='ocrx_word' id='word_1_254' title='bbox 726 2198 942 2268; x_wconf 89' lang='lat' dir='ltr'><strong>amicis,</strong></span> <span class='ocrx_word' id='word_1_255' title='bbox 973 2201 1047 2256; x_wconf 89' lang='lat' dir='ltr'><strong>ita</strong></span> <span class='ocrx_word' id='word_1_256' title='bbox 1068 2207 1123 2255; x_wconf 91' lang='lat' dir='ltr'><strong>et</strong></span> <span class='ocrx_word' id='word_1_257' title='bbox 1144 2201 1216 2256; x_wconf 89' lang='lat' dir='ltr'><strong>ab</strong></span> <span class='ocrx_word' id='word_1_258' title='bbox 1258 2201 1493 2256; x_wconf 91' lang='lat' dir='ltr'><strong>inimicis</strong></span> <span class='ocrx_word' id='word_1_259' title='bbox 1524 2200 1897 2273; x_wconf 88' lang='lat' dir='ltr'><strong>investigaret,</strong></span> <span class='ocrx_word' id='word_1_260' title='bbox 1926 2202 2098 2257; x_wconf 87' lang='lat' dir='ltr'><strong>inter-</strong></span> 
     </span>
    </p>
   </div>
   <div class='ocr_carea' id='block_1_36' title="bbox 502 2290 2097 2363">
    <p class='ocr_par' dir='ltr' id='par_1_36' title="bbox 502 2290 2097 2363">
     <span class='ocr_line' id='line_1_36' title="bbox 502 2290 2097 2363; baseline 0.004 -20"><span class='ocrx_word' id='word_1_261' title='bbox 502 2290 671 2344; x_wconf 89' lang='lat' dir='ltr'><strong>missa</strong></span> <span class='ocrx_word' id='word_1_262' title='bbox 702 2290 943 2356; x_wconf 89' lang='lat' dir='ltr'><strong>interim,</strong></span> <span class='ocrx_word' id='word_1_263' title='bbox 978 2306 1079 2348; x_wconf 92' lang='lat' dir='ltr'><strong>nec</strong></span> <span class='ocrx_word' id='word_1_264' title='bbox 1121 2306 1449 2363; x_wconf 86' lang='lat' dir='ltr'><strong>magnopere</strong></span> <span class='ocrx_word' id='word_1_265' title='bbox 1484 2292 1628 2347; x_wconf 90' lang='lat' dir='ltr'><strong>unde</strong></span> <span class='ocrx_word' id='word_1_266' title='bbox 1656 2293 1825 2348; x_wconf 89' lang='lat' dir='ltr'><strong>sciret</strong></span> <span class='ocrx_word' id='word_1_267' title='bbox 1871 2293 2097 2349; x_wconf 88' lang='lat' dir='ltr'><strong>investi-</strong></span> 
     </span>
    </p>
   </div>
   <div class='ocr_carea' id='block_1_37' title="bbox 501 2382 2096 2458">
    <p class='ocr_par' dir='ltr' id='par_1_37' title="bbox 501 2382 2096 2458">
     <span class='ocr_line' id='line_1_37' title="bbox 501 2382 2096 2458; baseline 0.003 -22"><span class='ocrx_word' id='word_1_268' title='bbox 501 2390 630 2454; x_wconf 88' lang='lat' dir='ltr'><strong>gata</strong></span> <span class='ocrx_word' id='word_1_269' title='bbox 676 2396 933 2452; x_wconf 89' lang='lat' dir='ltr'><strong>persona.</strong></span> <span class='ocrx_word' id='word_1_270' title='bbox 989 2382 1048 2438; x_wconf 91' lang='lat' dir='ltr'><strong>Si</strong></span> <span class='ocrx_word' id='word_1_271' title='bbox 1094 2383 1323 2455; x_wconf 90' lang='lat' dir='ltr'><strong>populus</strong></span> <span class='ocrx_word' id='word_1_272' title='bbox 1352 2385 1406 2440; x_wconf 93' lang='lat' dir='ltr'><strong>in</strong></span> <span class='ocrx_word' id='word_1_273' title='bbox 1436 2384 1677 2455; x_wconf 90' lang='lat' dir='ltr'><strong>qualibet</strong></span> <span class='ocrx_word' id='word_1_274' title='bbox 1729 2385 1884 2458; x_wconf 88' lang='lat' dir='ltr'><strong>regni</strong></span> <span class='ocrx_word' id='word_1_275' title='bbox 1921 2395 2096 2458; x_wconf 89' lang='lat' dir='ltr'><strong>parte,</strong></span> 
     </span>
    </p>
   </div>
   <div class='ocr_carea' id='block_1_38' title="bbox 502 2472 2100 2547">
    <p class='ocr_par' dir='ltr' id='par_1_38' title="bbox 502 2472 2100 2547">
     <span class='ocr_line' id='line_1_38' title="bbox 502 2472 2100 2547; baseline 0.003 -19"><span class='ocrx_word' id='word_1_276' title='bbox 502 2472 749 2544; x_wconf 86' lang='lat' dir='ltr'><strong>regione,</strong></span> <span class='ocrx_word' id='word_1_277' title='bbox 778 2489 875 2530; x_wconf 90' lang='lat' dir='ltr'><strong>seu</strong></span> <span class='ocrx_word' id='word_1_278' title='bbox 906 2474 1105 2547; x_wconf 84' lang='lat' dir='ltr'><strong>angulo</strong></span> <span class='ocrx_word' id='word_1_279' title='bbox 1126 2477 1397 2541; x_wconf 88' lang='lat' dir='ltr'><strong>turbatus,</strong></span> <span class='ocrx_word' id='word_1_280' title='bbox 1427 2491 1549 2547; x_wconf 82' lang='lat' dir='ltr'><strong>quae</strong></span> <span class='ocrx_word' id='word_1_281' title='bbox 1576 2491 1740 2533; x_wconf 90' lang='lat' dir='ltr'><strong>causa</strong></span> <span class='ocrx_word' id='word_1_282' title='bbox 1770 2477 2100 2533; x_wconf 89' lang='lat' dir='ltr'><strong>turbationis</strong></span> 
     </span>
    </p>
   </div>
   <div class='ocr_carea' id='block_1_39' title="bbox 501 2563 2100 2638">
    <p class='ocr_par' dir='ltr' id='par_1_39' title="bbox 501 2563 2100 2638">
     <span class='ocr_line' id='line_1_39' title="bbox 501 2563 2100 2638; baseline 0.003 -20"><span class='ocrx_word' id='word_1_283' title='bbox 501 2571 671 2629; x_wconf 86' lang='lat' dir='ltr'><strong>esset,</strong></span> <span class='ocrx_word' id='word_1_284' title='bbox 698 2563 744 2619; x_wconf 87' lang='lat' dir='ltr'><strong>si</strong></span> <span class='ocrx_word' id='word_1_285' title='bbox 766 2579 1014 2619; x_wconf 90' lang='lat' dir='ltr'><strong>murmur</strong></span> <span class='ocrx_word' id='word_1_286' title='bbox 1037 2564 1220 2637; x_wconf 89' lang='lat' dir='ltr'><strong>populi</strong></span> <span class='ocrx_word' id='word_1_287' title='bbox 1248 2565 1612 2635; x_wconf 88' lang='lat' dir='ltr'><strong>obstreperet,</strong></span> <span class='ocrx_word' id='word_1_288' title='bbox 1641 2566 1728 2622; x_wconf 91' lang='lat' dir='ltr'><strong>vel</strong></span> <span class='ocrx_word' id='word_1_289' title='bbox 1760 2566 1868 2621; x_wconf 88' lang='lat' dir='ltr'><strong>tale</strong></span> <span class='ocrx_word' id='word_1_290' title='bbox 1895 2566 2100 2638; x_wconf 90' lang='lat' dir='ltr'><strong>aliquid</strong></span> 
     </span>
    </p>
   </div>
   <div class='ocr_carea' id='block_1_40' title="bbox 503 2653 2101 2732">
    <p class='ocr_par' dir='ltr' id='par_1_40' title="bbox 503 2653 2101 2732">
     <span class='ocr_line' id='line_1_40' title="bbox 503 2653 2101 2732; baseline 0.003 -22"><span class='ocrx_word' id='word_1_291' title='bbox 503 2653 772 2726; x_wconf 68' lang='lat' dir='ltr'><strong>inaequale</strong></span> <span class='ocrx_word' id='word_1_292' title='bbox 818 2666 1122 2725; x_wconf 89' lang='lat' dir='ltr'><strong>resonaret,</strong></span> <span class='ocrx_word' id='word_1_293' title='bbox 1177 2659 1321 2715; x_wconf 92' lang='lat' dir='ltr'><strong>unde</strong></span> <span class='ocrx_word' id='word_1_294' title='bbox 1372 2659 1626 2732; x_wconf 87' lang='lat' dir='ltr'><strong>generale</strong></span> <span class='ocrx_word' id='word_1_295' title='bbox 1659 2659 1947 2715; x_wconf 88' lang='lat' dir='ltr'><strong>consilium</strong></span> <span class='ocrx_word' id='word_1_296' title='bbox 1992 2667 2101 2715; x_wconf 90' lang='lat' dir='ltr'><strong>tra-</strong></span> 
     </span>
    </p>
   </div>
   <div class='ocr_carea' id='block_1_41' title="bbox 502 2745 2105 2817">
    <p class='ocr_par' dir='ltr' id='par_1_41' title="bbox 502 2745 2105 2817">
     <span class='ocr_line' id='line_1_41' title="bbox 502 2745 2105 2817; baseline 0.001 -16"><span class='ocrx_word' id='word_1_297' title='bbox 502 2753 652 2801; x_wconf 90' lang='lat' dir='ltr'><strong>ctare</strong></span> <span class='ocrx_word' id='word_1_298' title='bbox 681 2745 885 2817; x_wconf 87' lang='lat' dir='ltr'><strong>aliquid</strong></span> <span class='ocrx_word' id='word_1_299' title='bbox 914 2748 1279 2804; x_wconf 89' lang='lat' dir='ltr'><strong>necessarium</strong></span> <span class='ocrx_word' id='word_1_300' title='bbox 1329 2757 1494 2816; x_wconf 90' lang='lat' dir='ltr'><strong>esset,</strong></span> <span class='ocrx_word' id='word_1_301' title='bbox 1545 2757 1601 2805; x_wconf 92' lang='lat' dir='ltr'><strong>et</strong></span> <span class='ocrx_word' id='word_1_302' title='bbox 1648 2758 1842 2806; x_wconf 64' lang='lat' dir='ltr'><strong>caetera</strong></span> <span class='ocrx_word' id='word_1_303' title='bbox 1888 2749 1976 2805; x_wconf 90' lang='lat' dir='ltr'><strong>his</strong></span> <span class='ocrx_word' id='word_1_304' title='bbox 2029 2749 2105 2804; x_wconf 86' lang='lat' dir='ltr'><strong>si—</strong></span> 
     </span>
    </p>
   </div>
   <div class='ocr_carea' id='block_1_42' title="bbox 502 2836 2100 2915">
    <p class='ocr_par' dir='ltr' id='par_1_42' title="bbox 502 2836 2100 2915">
     <span class='ocr_line' id='line_1_42' title="bbox 502 2836 2100 2915; baseline 0.004 -24"><span class='ocrx_word' id='word_1_305' title='bbox 502 2836 676 2893; x_wconf 88' lang='lat' dir='ltr'><strong>milia.</strong></span> <span class='ocrx_word' id='word_1_306' title='bbox 706 2838 877 2896; x_wconf 78' lang='lat' dir='ltr'><strong>Extra</strong></span> <span class='ocrx_word' id='word_1_307' title='bbox 911 2854 1064 2908; x_wconf 91' lang='lat' dir='ltr'><strong>vero,</strong></span> <span class='ocrx_word' id='word_1_308' title='bbox 1107 2841 1156 2898; x_wconf 89' lang='lat' dir='ltr'><strong>si</strong></span> <span class='ocrx_word' id='word_1_309' title='bbox 1182 2842 1361 2913; x_wconf 90' lang='lat' dir='ltr'><strong>aliqua</strong></span> <span class='ocrx_word' id='word_1_310' title='bbox 1389 2857 1524 2915; x_wconf 90' lang='lat' dir='ltr'><strong>gens</strong></span> <span class='ocrx_word' id='word_1_311' title='bbox 1562 2843 1777 2900; x_wconf 88' lang='lat' dir='ltr'><strong>subdita</strong></span> <span class='ocrx_word' id='word_1_312' title='bbox 1811 2842 2100 2910; x_wconf 88' lang='lat' dir='ltr'><strong>rebellare,</strong></span> 
     </span>
    </p>
   </div>
   <div class='ocr_carea' id='block_1_43' title="bbox 500 2927 2101 3006">
    <p class='ocr_par' dir='ltr' id='par_1_43' title="bbox 500 2927 2101 3006">
     <span class='ocr_line' id='line_1_43' title="bbox 500 2927 2101 3006; baseline 0.004 -25"><span class='ocrx_word' id='word_1_313' title='bbox 500 2927 591 2984; x_wconf 90' lang='lat' dir='ltr'><strong>vel</strong></span> <span class='ocrx_word' id='word_1_314' title='bbox 612 2930 875 2988; x_wconf 87' lang='lat' dir='ltr'><strong>rebellata</strong></span> <span class='ocrx_word' id='word_1_315' title='bbox 904 2933 1158 3000; x_wconf 89' lang='lat' dir='ltr'><strong>subdere,</strong></span> <span class='ocrx_word' id='word_1_316' title='bbox 1189 2935 1235 2989; x_wconf 90' lang='lat' dir='ltr'><strong>si</strong></span> <span class='ocrx_word' id='word_1_317' title='bbox 1259 2935 1492 2991; x_wconf 87' lang='lat' dir='ltr'><strong>necdum</strong></span> <span class='ocrx_word' id='word_1_318' title='bbox 1529 2942 1674 2991; x_wconf 87' lang='lat' dir='ltr'><strong>tacta</strong></span> <span class='ocrx_word' id='word_1_319' title='bbox 1699 2934 1924 2991; x_wconf 89' lang='lat' dir='ltr'><strong>insidias</strong></span> <span class='ocrx_word' id='word_1_320' title='bbox 1949 2933 2101 3006; x_wconf 90' lang='lat' dir='ltr'><strong>regni</strong></span> 
     </span>
    </p>
   </div>
   <div class='ocr_carea' id='block_1_44' title="bbox 505 3018 2102 3093">
    <p class='ocr_par' dir='ltr' id='par_1_44' title="bbox 505 3018 2102 3093">
     <span class='ocr_line' id='line_1_44' title="bbox 505 3018 2102 3093; baseline 0.004 -19"><span class='ocrx_word' id='word_1_321' title='bbox 505 3018 709 3088; x_wconf 79' lang='lat' dir='ltr'><strong>moliri,</strong></span> <span class='ocrx_word' id='word_1_322' title='bbox 738 3019 825 3078; x_wconf 87' lang='lat' dir='ltr'><strong>vel</strong></span> <span class='ocrx_word' id='word_1_323' title='bbox 852 3021 958 3078; x_wconf 86' lang='lat' dir='ltr'><strong>tale</strong></span> <span class='ocrx_word' id='word_1_324' title='bbox 1002 3022 1210 3093; x_wconf 87' lang='lat' dir='ltr'><strong>aliquid</strong></span> <span class='ocrx_word' id='word_1_325' title='bbox 1239 3023 1372 3081; x_wconf 91' lang='lat' dir='ltr'><strong>oriri</strong></span> <span class='ocrx_word' id='word_1_326' title='bbox 1417 3024 1701 3082; x_wconf 82' lang='lat' dir='ltr'><strong>voluisset.</strong></span> <span class='ocrx_word' id='word_1_327' title='bbox 1749 3024 1810 3081; x_wconf 93' lang='lat' dir='ltr'><strong>ln</strong></span> <span class='ocrx_word' id='word_1_328' title='bbox 1854 3025 1941 3083; x_wconf 90' lang='lat' dir='ltr'><strong>his</strong></span> <span class='ocrx_word' id='word_1_329' title='bbox 1970 3038 2102 3080; x_wconf 90' lang='lat' dir='ltr'><strong>vero</strong></span> 
     </span>
    </p>
   </div>
   <div class='ocr_carea' id='block_1_45' title="bbox 510 3190 1005 3217">
    <p class='ocr_par' dir='ltr' id='par_1_45' title="bbox 510 3190 1005 3217">
     <span class='ocr_line' id='line_1_45' title="bbox 510 3190 1005 3217; baseline 0.006 -3"><span class='ocrx_word' id='word_1_330' title='bbox 510 3190 1005 3217; x_wconf 40' lang='grc' dir='ltr'><strong>ᾔ.</strong></span> 
     </span>
    </p>
   </div>
   <div class='ocr_carea' id='block_1_46' title="bbox 2088 3337 2182 3416">
    <p class='ocr_par' dir='ltr' id='par_1_46' title="bbox 2088 3337 2182 3416">
     <span class='ocr_line' id='line_1_46' title="bbox 2088 3337 2182 3416; baseline -0.011 0"><span class='ocrx_word' id='word_1_331' title='bbox 2088 3337 2182 3416; x_wconf 87' lang='grc' dir='ltr'><strong>Χ.</strong></span> 
     </span>
    </p>
   </div>
   <div class='ocr_carea' id='block_1_47' title="bbox 2206 2020 3812 2098">
    <p class='ocr_par' dir='ltr' id='par_1_47' title="bbox 2206 2020 3812 2098">
     <span class='ocr_line' id='line_1_47' title="bbox 2206 2020 3812 2098; baseline -0.007 -13"><span class='ocrx_word' id='word_1_332' title='bbox 2206 2027 2590 2098; x_wconf 85' lang='lat' dir='ltr'><strong>superstitem:</strong></span> <span class='ocrx_word' id='word_1_333' title='bbox 2627 2024 2742 2081; x_wconf 86' lang='lat' dir='ltr'><strong>scio</strong></span> <span class='ocrx_word' id='word_1_334' title='bbox 2768 2032 2950 2079; x_wconf 84' lang='lat' dir='ltr'><strong>tamen</strong></span> <span class='ocrx_word' id='word_1_335' title='bbox 2974 2024 3041 2077; x_wconf 87' lang='lat' dir='ltr'><strong>de</strong></span> <span class='ocrx_word' id='word_1_336' title='bbox 3079 2021 3291 2076; x_wconf 88' lang='lat' dir='ltr'><strong>illorum</strong></span> <span class='ocrx_word' id='word_1_337' title='bbox 3314 2020 3596 2081; x_wconf 79' lang='lat' dir='ltr'><strong>nobilitate</strong></span> <span class='ocrx_word' id='word_1_338' title='bbox 3634 2029 3812 2075; x_wconf 74' lang='lat' dir='ltr'><strong>natos</strong></span> 
     </span>
    </p>
   </div>
   <div class='ocr_carea' id='block_1_48' title="bbox 2205 2109 3809 2193">
    <p class='ocr_par' dir='ltr' id='par_1_48' title="bbox 2205 2109 3809 2193">
     <span class='ocr_line' id='line_1_48' title="bbox 2205 2109 3809 2193; baseline -0.007 -16"><span class='ocrx_word' id='word_1_339' title='bbox 2205 2136 2305 2193; x_wconf 90' lang='lat' dir='ltr'><strong>pro</strong></span> <span class='ocrx_word' id='word_1_340' title='bbox 2329 2118 2574 2190; x_wconf 86' lang='lat' dir='ltr'><strong>patribus</strong></span> <span class='ocrx_word' id='word_1_341' title='bbox 2602 2116 2761 2181; x_wconf 90' lang='lat' dir='ltr'><strong>ﬁlios,</strong></span> <span class='ocrx_word' id='word_1_342' title='bbox 2794 2114 2921 2170; x_wconf 90' lang='lat' dir='ltr'><strong>licet</strong></span> <span class='ocrx_word' id='word_1_343' title='bbox 2948 2112 3161 2168; x_wconf 88' lang='lat' dir='ltr'><strong>illorum</strong></span> <span class='ocrx_word' id='word_1_344' title='bbox 3190 2127 3373 2168; x_wconf 86' lang='lat' dir='ltr'><strong>mores</strong></span> <span class='ocrx_word' id='word_1_345' title='bbox 3394 2127 3465 2175; x_wconf 79' lang='lat' dir='ltr'><strong>ac</strong></span> <span class='ocrx_word' id='word_1_346' title='bbox 3501 2109 3809 2182; x_wconf 73' lang='lat' dir='ltr'><strong>qualitates</strong></span> 
     </span>
    </p>
   </div>
   <div class='ocr_carea' id='block_1_49' title="bbox 2212 2205 3813 2286">
    <p class='ocr_par' dir='ltr' id='par_1_49' title="bbox 2212 2205 3813 2286">
     <span class='ocr_line' id='line_1_49' title="bbox 2212 2205 3813 2286; baseline -0.006 -18"><span class='ocrx_word' id='word_1_347' title='bbox 2212 2216 2477 2286; x_wconf 91' lang='lat' dir='ltr'><strong>ignorem.</strong></span> <span class='ocrx_word' id='word_1_348' title='bbox 2523 2211 2632 2282; x_wconf 87' lang='lat' dir='ltr'><strong>Ipsi</strong></span> <span class='ocrx_word' id='word_1_349' title='bbox 2660 2225 2792 2267; x_wconf 88' lang='lat' dir='ltr'><strong>vero</strong></span> <span class='ocrx_word' id='word_1_350' title='bbox 2835 2217 3149 2280; x_wconf 81' lang='lat' dir='ltr'><strong>procurent,</strong></span> <span class='ocrx_word' id='word_1_351' title='bbox 3181 2216 3244 2265; x_wconf 91' lang='lat' dir='ltr'><strong>ut</strong></span> <span class='ocrx_word' id='word_1_352' title='bbox 3268 2222 3377 2262; x_wconf 88' lang='lat' dir='ltr'><strong>non</strong></span> <span class='ocrx_word' id='word_1_353' title='bbox 3399 2206 3510 2263; x_wconf 81' lang='lat' dir='ltr'><strong>sint</strong></span> <span class='ocrx_word' id='word_1_354' title='bbox 3550 2205 3813 2261; x_wconf 74' lang='lat' dir='ltr'><strong>moribus</strong></span> 
     </span>
    </p>
   </div>
   <div class='ocr_carea' id='block_1_50' title="bbox 2204 2298 3808 2378">
    <p class='ocr_par' dir='ltr' id='par_1_50' title="bbox 2204 2298 3808 2378">
     <span class='ocr_line' id='line_1_50' title="bbox 2204 2298 3808 2378; baseline -0.007 -13"><span class='ocrx_word' id='word_1_355' title='bbox 2204 2324 2270 2365; x_wconf 90' lang='lat' dir='ltr'><strong>ac</strong></span> <span class='ocrx_word' id='word_1_356' title='bbox 2292 2309 2516 2367; x_wconf 89' lang='lat' dir='ltr'><strong>virtute.</strong></span> <span class='ocrx_word' id='word_1_357' title='bbox 2545 2315 2711 2378; x_wconf 88' lang='lat' dir='ltr'><strong>atque</strong></span> <span class='ocrx_word' id='word_1_358' title='bbox 2744 2320 2845 2377; x_wconf 84' lang='lat' dir='ltr'><strong>pro</strong></span> <span class='ocrx_word' id='word_1_359' title='bbox 2863 2304 3043 2361; x_wconf 60' lang='lat' dir='ltr'><strong>artatis</strong></span> <span class='ocrx_word' id='word_1_360' title='bbox 3069 2303 3394 2373; x_wconf 81' lang='lat' dir='ltr'><strong>quantitate,</strong></span> <span class='ocrx_word' id='word_1_361' title='bbox 3421 2298 3505 2356; x_wconf 88' lang='lat' dir='ltr'><strong>vel</strong></span> <span class='ocrx_word' id='word_1_362' title='bbox 3535 2300 3808 2370; x_wconf 68' lang='lat' dir='ltr'><strong>temlaoris</strong></span> 
     </span>
    </p>
   </div>
   <div class='ocr_carea' id='block_1_51' title="bbox 2208 2394 3810 2473">
    <p class='ocr_par' dir='ltr' id='par_1_51' title="bbox 2208 2394 3810 2473">
     <span class='ocr_line' id='line_1_51' title="bbox 2208 2394 3810 2473; baseline -0.007 -17"><span class='ocrx_word' id='word_1_363' title='bbox 2208 2400 2493 2473; x_wconf 87' lang='lat' dir='ltr'><strong>qualitate,</strong></span> <span class='ocrx_word' id='word_1_364' title='bbox 2523 2398 2787 2470; x_wconf 83' lang='lat' dir='ltr'><strong>sapientia</strong></span> <span class='ocrx_word' id='word_1_365' title='bbox 2818 2406 2874 2453; x_wconf 92' lang='lat' dir='ltr'><strong>et</strong></span> <span class='ocrx_word' id='word_1_366' title='bbox 2902 2394 3095 2452; x_wconf 82' lang='lat' dir='ltr'><strong>studiis</strong></span> <span class='ocrx_word' id='word_1_367' title='bbox 3125 2394 3281 2451; x_wconf 82' lang='lat' dir='ltr'><strong>bonis</strong></span> <span class='ocrx_word' id='word_1_368' title='bbox 3303 2394 3593 2465; x_wconf 83' lang='lat' dir='ltr'><strong>degeneres</strong></span> <span class='ocrx_word' id='word_1_369' title='bbox 3613 2412 3633 2445; x_wconf 86' lang='lat'><strong>:</strong></span> <span class='ocrx_word' id='word_1_370' title='bbox 3658 2406 3810 2461; x_wconf 81' lang='lat' dir='ltr'><strong>qua-</strong></span> 
     </span>
    </p>
   </div>
   <div class='ocr_carea' id='block_1_52' title="bbox 2210 2483 3811 2560">
    <p class='ocr_par' dir='ltr' id='par_1_52' title="bbox 2210 2483 3811 2560">
     <span class='ocr_line' id='line_1_52' title="bbox 2210 2483 3811 2560; baseline -0.005 -14"><span class='ocrx_word' id='word_1_371' title='bbox 2210 2499 2368 2547; x_wconf 88' lang='lat' dir='ltr'><strong>tenus</strong></span> <span class='ocrx_word' id='word_1_372' title='bbox 2403 2490 2602 2546; x_wconf 83' lang='lat' dir='ltr'><strong>merito</strong></span> <span class='ocrx_word' id='word_1_373' title='bbox 2628 2497 2842 2560; x_wconf 88' lang='lat' dir='ltr'><strong>patrum</strong></span> <span class='ocrx_word' id='word_1_374' title='bbox 2869 2487 2986 2544; x_wconf 89' lang='lat' dir='ltr'><strong>loca</strong></span> <span class='ocrx_word' id='word_1_375' title='bbox 3013 2495 3071 2542; x_wconf 90' lang='lat' dir='ltr'><strong>et</strong></span> <span class='ocrx_word' id='word_1_376' title='bbox 3104 2484 3281 2542; x_wconf 77' lang='lat' dir='ltr'><strong>oﬂlcia</strong></span> <span class='ocrx_word' id='word_1_377' title='bbox 3310 2483 3615 2555; x_wconf 76' lang='lat' dir='ltr'><strong>suppleam,</strong></span> <span class='ocrx_word' id='word_1_378' title='bbox 3657 2493 3725 2538; x_wconf 84' lang='lat' dir='ltr'><strong>et</strong></span> <span class='ocrx_word' id='word_1_379' title='bbox 3746 2498 3811 2539; x_wconf 87' lang='lat' dir='ltr'><strong>se</strong></span> 
     </span>
    </p>
   </div>
   <div class='ocr_carea' id='block_1_53' title="bbox 2208 2578 3810 2655">
    <p class='ocr_par' dir='ltr' id='par_1_53' title="bbox 2208 2578 3810 2655">
     <span class='ocr_line' id='line_1_53' title="bbox 2208 2578 3810 2655; baseline -0.005 -16"><span class='ocrx_word' id='word_1_380' title='bbox 2208 2584 2263 2639; x_wconf 92' lang='lat' dir='ltr'><strong>in</strong></span> <span class='ocrx_word' id='word_1_381' title='bbox 2301 2584 2417 2655; x_wconf 89' lang='lat' dir='ltr'><strong>ipsa</strong></span> <span class='ocrx_word' id='word_1_382' title='bbox 2440 2581 2781 2653; x_wconf 90' lang='lat' dir='ltr'><strong>suppletione</strong></span> <span class='ocrx_word' id='word_1_383' title='bbox 2803 2587 2963 2636; x_wconf 88' lang='lat' dir='ltr'><strong>caute</strong></span> <span class='ocrx_word' id='word_1_384' title='bbox 3004 2578 3332 2643; x_wconf 86' lang='lat' dir='ltr'><strong>custodiant,</strong></span> <span class='ocrx_word' id='word_1_385' title='bbox 3363 2594 3451 2643; x_wconf 88' lang='lat' dir='ltr'><strong>ne,</strong></span> <span class='ocrx_word' id='word_1_386' title='bbox 3476 2586 3539 2635; x_wconf 88' lang='lat' dir='ltr'><strong>ut</strong></span> <span class='ocrx_word' id='word_1_387' title='bbox 3565 2586 3810 2632; x_wconf 80' lang='lat' dir='ltr'><strong>sanctus</strong></span> 
     </span>
    </p>
   </div>
   <div class='ocr_carea' id='block_1_54' title="bbox 2208 2669 3811 2748">
    <p class='ocr_par' dir='ltr' id='par_1_54' title="bbox 2208 2669 3811 2748">
     <span class='ocr_line' id='line_1_54' title="bbox 2208 2669 3811 2748; baseline -0.004 -15"><span class='ocrx_word' id='word_1_388' title='bbox 2208 2675 2507 2748; x_wconf 88' lang='lat' dir='ltr'><strong>Gregorius</strong></span> <span class='ocrx_word' id='word_1_389' title='bbox 2532 2674 2685 2740; x_wconf 89' lang='lat' dir='ltr'><strong>dicit,</strong></span> <span class='ocrx_word' id='word_1_390' title='bbox 2709 2674 2763 2728; x_wconf 91' lang='lat' dir='ltr'><strong>in</strong></span> <span class='ocrx_word' id='word_1_391' title='bbox 2789 2672 3027 2729; x_wconf 85' lang='lat' dir='ltr'><strong>culmine</strong></span> <span class='ocrx_word' id='word_1_392' title='bbox 3050 2671 3275 2729; x_wconf 89' lang='lat' dir='ltr'><strong>honoris</strong></span> <span class='ocrx_word' id='word_1_393' title='bbox 3292 2671 3454 2742; x_wconf 81' lang='lat' dir='ltr'><strong>positi</strong></span> <span class='ocrx_word' id='word_1_394' title='bbox 3481 2686 3581 2726; x_wconf 90' lang='lat' dir='ltr'><strong>usu</strong></span> <span class='ocrx_word' id='word_1_395' title='bbox 3604 2669 3811 2741; x_wconf 69' lang='lat' dir='ltr'><strong>gloria</strong></span> 
     </span>
    </p>
   </div>
   <div class='ocr_carea' id='block_1_55' title="bbox 2210 2763 3811 2841">
    <p class='ocr_par' dir='ltr' id='par_1_55' title="bbox 2210 2763 3811 2841">
     <span class='ocr_line' id='line_1_55' title="bbox 2210 2763 3811 2841; baseline -0.002 -18"><span class='ocrx_word' id='word_1_396' title='bbox 2210 2775 2605 2841; x_wconf 86' lang='lat' dir='ltr'><strong>permutentur,</strong></span> <span class='ocrx_word' id='word_1_397' title='bbox 2648 2766 2789 2823; x_wconf 89' lang='lat' dir='ltr'><strong>sicut</strong></span> <span class='ocrx_word' id='word_1_398' title='bbox 2830 2764 2993 2831; x_wconf 72' lang='lat' dir='ltr'><strong>Saul,‘</strong></span> <span class='ocrx_word' id='word_1_399' title='bbox 3026 2765 3117 2835; x_wconf 87' lang='lat' dir='ltr'><strong>qui</strong></span> <span class='ocrx_word' id='word_1_400' title='bbox 3141 2765 3290 2835; x_wconf 90' lang='lat' dir='ltr'><strong>prius</strong></span> <span class='ocrx_word' id='word_1_401' title='bbox 3330 2765 3386 2820; x_wconf 91' lang='lat' dir='ltr'><strong>in</strong></span> <span class='ocrx_word' id='word_1_402' title='bbox 3409 2763 3683 2821; x_wconf 84' lang='lat' dir='ltr'><strong>electione</strong></span> <span class='ocrx_word' id='word_1_403' title='bbox 3710 2765 3811 2820; x_wconf 77' lang='lat' dir='ltr'><strong>ho-</strong></span> 
     </span>
    </p>
   </div>
   <div class='ocr_carea' id='block_1_56' title="bbox 2209 2855 3802 2929">
    <p class='ocr_par' dir='ltr' id='par_1_56' title="bbox 2209 2855 3802 2929">
     <span class='ocr_line' id='line_1_56' title="bbox 2209 2855 3802 2929; baseline -0.003 -13"><span class='ocrx_word' id='word_1_404' title='bbox 2209 2860 2359 2916; x_wconf 89' lang='lat' dir='ltr'><strong>noris</strong></span> <span class='ocrx_word' id='word_1_405' title='bbox 2395 2857 2607 2916; x_wconf 78' lang='lat' dir='ltr'><strong>exstitit</strong></span> <span class='ocrx_word' id='word_1_406' title='bbox 2632 2858 2873 2924; x_wconf 82' lang='lat' dir='ltr'><strong>humilis,</strong></span> <span class='ocrx_word' id='word_1_407' title='bbox 2913 2866 3098 2928; x_wconf 76' lang='lat' dir='ltr'><strong>post‘ea</strong></span> <span class='ocrx_word' id='word_1_408' title='bbox 3125 2855 3405 2929; x_wconf 82' lang='lat' dir='ltr'><strong>reprobari</strong></span> <span class='ocrx_word' id='word_1_409' title='bbox 3435 2857 3638 2913; x_wconf 84' lang='lat' dir='ltr'><strong>meruit</strong></span> <span class='ocrx_word' id='word_1_410' title='bbox 3666 2871 3802 2927; x_wconf 81' lang='lat' dir='ltr'><strong>pro-</strong></span> 
     </span>
    </p>
   </div>
   <div class='ocr_carea' id='block_1_57' title="bbox 2208 2951 2931 3025">
    <p class='ocr_par' dir='ltr' id='par_1_57' title="bbox 2208 2951 2931 3025">
     <span class='ocr_line' id='line_1_57' title="bbox 2208 2951 2931 3025; baseline -0.006 -15"><span class='ocrx_word' id='word_1_411' title='bbox 2208 2962 2333 3025; x_wconf 87' lang='lat' dir='ltr'><strong>pter</strong></span> <span class='ocrx_word' id='word_1_412' title='bbox 2355 2953 2649 3011; x_wconf 87' lang='lat' dir='ltr'><strong>elationem</strong></span> <span class='ocrx_word' id='word_1_413' title='bbox 2683 2951 2931 3009; x_wconf 86' lang='lat' dir='ltr'><strong>tumoris.</strong></span> 
     </span>
    </p>
   </div>
   <div class='ocr_carea' id='block_1_58' title="bbox 1054 3191 3795 3222">
    <p class='ocr_par' dir='ltr' id='par_1_58' title="bbox 1054 3191 3795 3222">
     <span class='ocr_line' id='line_1_58' title="bbox 1054 3191 3795 3222; baseline -0.001 -3"><span class='ocrx_word' id='word_1_414' title='bbox 1054 3191 3795 3222; x_wconf 46' lang='grc' dir='ltr'><em>Μ</em></span> 
     </span>
    </p>
   </div>
   <div class='ocr_carea' id='block_1_59' title="bbox 1594 3503 2741 3619">
    <p class='ocr_par' dir='ltr' id='par_1_59' title="bbox 1594 3503 2741 3619">
     <span class='ocr_line' id='line_1_59' title="bbox 1594 3503 2741 3619; baseline 0.001 -33"><span class='ocrx_word' id='word_1_415' title='bbox 1594 3507 1727 3615; x_wconf 71' lang='lat' dir='ltr'><strong>an</strong></span> <span class='ocrx_word' id='word_1_416' title='bbox 1780 3503 2343 3619; x_wconf 84' lang='lat' dir='ltr'><strong>EPISCOPOS</strong></span> <span class='ocrx_word' id='word_1_417' title='bbox 2406 3503 2741 3587; x_wconf 74' lang='lat' dir='ltr'><strong>ascul-</strong></span> 
     </span>
    </p>
   </div>
   <div class='ocr_carea' id='block_1_60' title="bbox 1825 3680 2481 3729">
    <p class='ocr_par' dir='ltr' id='par_1_60' title="bbox 1825 3680 2481 3729">
     <span class='ocr_line' id='line_1_60' title="bbox 1825 3680 2481 3729; baseline 0 -2"><span class='ocrx_word' id='word_1_418' title='bbox 1825 3680 2187 3729; x_wconf 71' lang='lat' dir='ltr'><strong>ADMONITIO</strong></span> <span class='ocrx_word' id='word_1_419' title='bbox 2225 3681 2481 3728; x_wconf 66' lang='lat' dir='ltr'><strong>ALTERA</strong></span> 
     </span>
    </p>
   </div>
   <div class='ocr_carea' id='block_1_61' title="bbox 1322 3811 2975 3895">
    <p class='ocr_par' dir='ltr' id='par_1_61' title="bbox 1322 3811 2975 3895">
     <span class='ocr_line' id='line_1_61' title="bbox 1322 3811 2975 3895; baseline -0.002 -17"><span class='ocrx_word' id='word_1_420' title='bbox 1322 3816 1453 3878; x_wconf 83' lang='lat' dir='ltr'><strong>Pro</strong></span> <span class='ocrx_word' id='word_1_421' title='bbox 1485 3814 1950 3879; x_wconf 74' lang='lat' dir='ltr'><strong>Carolamuno</strong></span> <span class='ocrx_word' id='word_1_422' title='bbox 1979 3831 2125 3895; x_wconf 78' lang='lat' dir='ltr'><strong>rege</strong></span> <span class='ocrx_word' id='word_1_423' title='bbox 2151 3811 2329 3895; x_wconf 83' lang='lat' dir='ltr'><strong>apud</strong></span> <span class='ocrx_word' id='word_1_424' title='bbox 2358 3813 2754 3895; x_wconf 77' lang='lat' dir='ltr'><strong>Spamacum</strong></span> <span class='ocrx_word' id='word_1_425' title='bbox 2783 3812 2975 3893; x_wconf 77' lang='lat' dir='ltr'><strong>facta.</strong></span> 
     </span>
    </p>
   </div>
   <div class='ocr_carea' id='block_1_62' title="bbox 1772 3956 2529 4025">
    <p class='ocr_par' dir='ltr' id='par_1_62' title="bbox 1772 3956 2529 4025">
     <span class='ocr_line' id='line_1_62' title="bbox 1772 3956 2529 4025; baseline -0.011 -13"><span class='ocrx_word' id='word_1_426' title='bbox 1772 3957 1933 4025; x_wconf 76' lang='lat' dir='ltr'><strong>(Apud</strong></span> <span class='ocrx_word' id='word_1_427' title='bbox 1960 3957 2197 4010; x_wconf 87' lang='lat' dir='ltr'><strong>eumdem</strong></span> <span class='ocrx_word' id='word_1_428' title='bbox 2219 3969 2287 4007; x_wconf 73' lang='lat' dir='ltr'><strong>ex</strong></span> <span class='ocrx_word' id='word_1_429' title='bbox 2310 3956 2529 4019; x_wconf 83' lang='lat' dir='ltr'><strong>eodem.)</strong></span> 
     </span>
    </p>
   </div>
   <div class='ocr_carea' id='block_1_63' title="bbox 576 4223 1932 4299">
    <p class='ocr_par' dir='ltr' id='par_1_63' title="bbox 576 4223 1932 4299">
     <span class='ocr_line' id='line_1_63' title="bbox 576 4223 1932 4299; baseline -0.007 -12"><span class='ocrx_word' id='word_1_430' title='bbox 576 4228 912 4297; x_wconf 72' lang='lat' dir='ltr'><strong>&quot;INCIARUS,</strong></span> <span class='ocrx_word' id='word_1_431' title='bbox 947 4227 1236 4299; x_wconf 90' lang='lat' dir='ltr'><strong>episcopus</strong></span> <span class='ocrx_word' id='word_1_432' title='bbox 1268 4241 1331 4283; x_wconf 90' lang='lat' dir='ltr'><strong>ac</strong></span> <span class='ocrx_word' id='word_1_433' title='bbox 1357 4226 1529 4297; x_wconf 87' lang='lat' dir='ltr'><strong>plebis</strong></span> <span class='ocrx_word' id='word_1_434' title='bbox 1554 4224 1651 4283; x_wconf 90' lang='lat' dir='ltr'><strong>Dei</strong></span> <span class='ocrx_word' id='word_1_435' title='bbox 1678 4223 1932 4281; x_wconf 81' lang='lat' dir='ltr'><strong>famulus.</strong></span> 
     </span>
    </p>
   </div>
   <div class='ocr_carea' id='block_1_64' title="bbox 574 4318 2098 4387">
    <p class='ocr_par' dir='ltr' id='par_1_64' title="bbox 574 4318 2098 4387">
     <span class='ocr_line' id='line_1_64' title="bbox 574 4318 2098 4387; baseline -0.006 -6"><span class='ocrx_word' id='word_1_436' title='bbox 574 4324 704 4382; x_wconf 78' lang='lat' dir='ltr'><strong>CAP.</strong></span> <span class='ocrx_word' id='word_1_437' title='bbox 743 4323 785 4379; x_wconf 83' lang='grc' dir='ltr'><strong>Ι.</strong></span> <span class='ocrx_word' id='word_1_438' title='bbox 829 4323 1079 4379; x_wconf 89' lang='lat' dir='ltr'><strong>Doctrina</strong></span> <span class='ocrx_word' id='word_1_439' title='bbox 1111 4332 1195 4377; x_wconf 90' lang='lat' dir='ltr'><strong>est</strong></span> <span class='ocrx_word' id='word_1_440' title='bbox 1237 4319 1570 4387; x_wconf 87' lang='lat' dir='ltr'><strong>Christiana,</strong></span> <span class='ocrx_word' id='word_1_441' title='bbox 1620 4318 1919 4375; x_wconf 88' lang='lat' dir='ltr'><strong>secundum</strong></span> <span class='ocrx_word' id='word_1_442' title='bbox 1970 4332 2098 4373; x_wconf 89' lang='lat' dir='ltr'><strong>sau-</strong></span> 
     </span>
    </p>
   </div>
   <div class='ocr_carea' id='block_1_65' title="bbox 490 4392 2097 4483">
    <p class='ocr_par' dir='ltr' id='par_1_65' title="bbox 490 4392 2097 4483">
     <span class='ocr_line' id='line_1_65' title="bbox 490 4392 2097 4483; baseline -0.006 -11"><span class='ocrx_word' id='word_1_443' title='bbox 490 4392 719 4472; x_wconf 37' lang='lat' dir='ltr'><strong>‘ctarum</strong></span> <span class='ocrx_word' id='word_1_444' title='bbox 767 4412 1174 4483; x_wconf 90' lang='lat' dir='ltr'><strong>Scripturarum</strong></span> <span class='ocrx_word' id='word_1_445' title='bbox 1215 4409 1510 4476; x_wconf 83' lang='lat' dir='ltr'><strong>tramitem,</strong></span> <span class='ocrx_word' id='word_1_446' title='bbox 1547 4409 2097 4481; x_wconf 75' lang='lat' dir='ltr'><strong>pnedicationemque</strong></span> 
     </span>
    </p>
   </div>
   <div class='ocr_carea' id='block_1_66' title="bbox 505 4497 2098 4574">
    <p class='ocr_par' dir='ltr' id='par_1_66' title="bbox 505 4497 2098 4574">
     <span class='ocr_line' id='line_1_66' title="bbox 505 4497 2098 4574; baseline -0.006 -13"><span class='ocrx_word' id='word_1_447' title='bbox 505 4505 802 4573; x_wconf 87' lang='lat' dir='ltr'><strong>majorum,</strong></span> <span class='ocrx_word' id='word_1_448' title='bbox 829 4517 938 4574; x_wconf 87' lang='lat' dir='ltr'><strong>qua</strong></span> <span class='ocrx_word' id='word_1_449' title='bbox 967 4501 1080 4556; x_wconf 87' lang='lat' dir='ltr'><strong>Deo</strong></span> <span class='ocrx_word' id='word_1_450' title='bbox 1105 4515 1169 4556; x_wconf 90' lang='lat' dir='ltr'><strong>ac</strong></span> <span class='ocrx_word' id='word_1_451' title='bbox 1218 4499 1447 4555; x_wconf 88' lang='lat' dir='ltr'><strong>Domino</strong></span> <span class='ocrx_word' id='word_1_452' title='bbox 1495 4509 1683 4554; x_wconf 91' lang='lat' dir='ltr'><strong>nostro</strong></span> <span class='ocrx_word' id='word_1_453' title='bbox 1727 4498 1854 4554; x_wconf 83' lang='lat' dir='ltr'><strong>Jesu</strong></span> <span class='ocrx_word' id='word_1_454' title='bbox 1878 4497 2098 4553; x_wconf 87' lang='lat' dir='ltr'><strong>Christo</strong></span> 
     </span>
    </p>
   </div>
   <div class='ocr_carea' id='block_1_67' title="bbox 504 4587 2094 4661">
    <p class='ocr_par' dir='ltr' id='par_1_67' title="bbox 504 4587 2094 4661">
     <span class='ocr_line' id='line_1_67' title="bbox 504 4587 2094 4661; baseline -0.006 -12"><span class='ocrx_word' id='word_1_455' title='bbox 504 4592 788 4649; x_wconf 87' lang='lat' dir='ltr'><strong>conditore</strong></span> <span class='ocrx_word' id='word_1_456' title='bbox 810 4599 866 4647; x_wconf 91' lang='lat' dir='ltr'><strong>et</strong></span> <span class='ocrx_word' id='word_1_457' title='bbox 892 4591 1236 4661; x_wconf 89' lang='lat' dir='ltr'><strong>redemptore</strong></span> <span class='ocrx_word' id='word_1_458' title='bbox 1263 4601 1470 4656; x_wconf 85' lang='lat' dir='ltr'><strong>nostro,</strong></span> <span class='ocrx_word' id='word_1_459' title='bbox 1500 4590 1595 4660; x_wconf 90' lang='lat' dir='ltr'><strong>qui</strong></span> <span class='ocrx_word' id='word_1_460' title='bbox 1621 4588 1784 4644; x_wconf 89' lang='lat' dir='ltr'><strong>simul</strong></span> <span class='ocrx_word' id='word_1_461' title='bbox 1814 4587 1961 4643; x_wconf 90' lang='lat' dir='ltr'><strong>solus</strong></span> <span class='ocrx_word' id='word_1_462' title='bbox 1996 4601 2094 4641; x_wconf 76' lang='lat' dir='ltr'><strong>rex</strong></span> 
     </span>
    </p>
   </div>
   <div class='ocr_carea' id='block_1_68' title="bbox 505 4679 2139 4754">
    <p class='ocr_par' dir='ltr' id='par_1_68' title="bbox 505 4679 2139 4754">
     <span class='ocr_line' id='line_1_68' title="bbox 505 4679 2139 4754; baseline -0.004 -14"><span class='ocrx_word' id='word_1_463' title='bbox 505 4692 560 4740; x_wconf 89' lang='lat' dir='ltr'><strong>et</strong></span> <span class='ocrx_word' id='word_1_464' title='bbox 583 4684 837 4739; x_wconf 88' lang='lat' dir='ltr'><strong>sacerdos</strong></span> <span class='ocrx_word' id='word_1_465' title='bbox 864 4681 981 4737; x_wconf 87' lang='lat' dir='ltr'><strong>ﬁeri</strong></span> <span class='ocrx_word' id='word_1_466' title='bbox 1011 4682 1207 4754; x_wconf 91' lang='lat' dir='ltr'><strong>potuit,</strong></span> <span class='ocrx_word' id='word_1_467' title='bbox 1235 4682 1287 4737; x_wconf 92' lang='lat' dir='ltr'><strong>in</strong></span> <span class='ocrx_word' id='word_1_468' title='bbox 1317 4682 1474 4753; x_wconf 87' lang='lat' dir='ltr'><strong>cujus</strong></span> <span class='ocrx_word' id='word_1_469' title='bbox 1505 4680 1727 4736; x_wconf 91' lang='lat' dir='ltr'><strong>nomine</strong></span> <span class='ocrx_word' id='word_1_470' title='bbox 1750 4693 1910 4734; x_wconf 91' lang='lat' dir='ltr'><strong>omne</strong></span> <span class='ocrx_word' id='word_1_471' title='bbox 1934 4679 2139 4751; x_wconf 83' lang='lat' dir='ltr'><strong>genu-‘=</strong></span> 
     </span>
    </p>
   </div>
   <div class='ocr_carea' id='block_1_69' title="bbox 510 4770 2098 4841">
    <p class='ocr_par' dir='ltr' id='par_1_69' title="bbox 510 4770 2098 4841">
     <span class='ocr_line' id='line_1_69' title="bbox 510 4770 2098 4841; baseline -0.002 -11"><span class='ocrx_word' id='word_1_472' title='bbox 510 4775 774 4841; x_wconf 85' lang='lat' dir='ltr'><strong>ﬂectitur,</strong></span> <span class='ocrx_word' id='word_1_473' title='bbox 797 4773 1120 4841; x_wconf 71' lang='lat' dir='ltr'><strong>caelestium,</strong></span> <span class='ocrx_word' id='word_1_474' title='bbox 1146 4774 1507 4840; x_wconf 88' lang='lat' dir='ltr'><strong>terrestrium,</strong></span> <span class='ocrx_word' id='word_1_475' title='bbox 1536 4780 1592 4828; x_wconf 91' lang='lat' dir='ltr'><strong>et</strong></span> <span class='ocrx_word' id='word_1_476' title='bbox 1615 4771 1970 4838; x_wconf 81' lang='lat' dir='ltr'><strong>infernorum,</strong></span> <span class='ocrx_word' id='word_1_477' title='bbox 1987 4770 2098 4827; x_wconf 80' lang='lat' dir='ltr'><strong>dis-</strong></span> 
     </span>
    </p>
   </div>
   <div class='ocr_carea' id='block_1_70' title="bbox 502 4861 2095 4937">
    <p class='ocr_par' dir='ltr' id='par_1_70' title="bbox 502 4861 2095 4937">
     <span class='ocr_line' id='line_1_70' title="bbox 502 4861 2095 4937; baseline -0.005 -14"><span class='ocrx_word' id='word_1_478' title='bbox 502 4875 773 4937; x_wconf 89' lang='lat' dir='ltr'><strong>ponente,</strong></span> <span class='ocrx_word' id='word_1_479' title='bbox 805 4866 946 4923; x_wconf 90' lang='lat' dir='ltr'><strong>sicut</strong></span> <span class='ocrx_word' id='word_1_480' title='bbox 978 4866 1170 4929; x_wconf 84' lang='lat' dir='ltr'><strong>beatus</strong></span> <span class='ocrx_word' id='word_1_481' title='bbox 1194 4863 1444 4920; x_wconf 87' lang='lat' dir='ltr'><strong>Gelasius</strong></span> <span class='ocrx_word' id='word_1_482' title='bbox 1470 4878 1609 4934; x_wconf 89' lang='lat' dir='ltr'><strong>papa</strong></span> <span class='ocrx_word' id='word_1_483' title='bbox 1637 4863 1706 4918; x_wconf 89' lang='lat' dir='ltr'><strong>ad</strong></span> <span class='ocrx_word' id='word_1_484' title='bbox 1746 4861 2095 4917; x_wconf 79' lang='lat' dir='ltr'><strong>Anastasium</strong></span> 
     </span>
    </p>
   </div>
   <div class='ocr_carea' id='block_1_71' title="bbox 502 4954 2129 5031">
    <p class='ocr_par' dir='ltr' id='par_1_71' title="bbox 502 4954 2129 5031">
     <span class='ocr_line' id='line_1_71' title="bbox 502 4954 2129 5031; baseline -0.001 -18"><span class='ocrx_word' id='word_1_485' title='bbox 502 4958 888 5029; x_wconf 85' lang='lat' dir='ltr'><strong>imperatorem</strong></span> <span class='ocrx_word' id='word_1_486' title='bbox 948 4958 1079 5013; x_wconf 90' lang='lat' dir='ltr'><strong>dicit</strong></span> <span class='ocrx_word' id='word_1_487' title='bbox 1101 4958 1278 5031; x_wconf 80' lang='lat' dir='ltr'><strong>(epist.</strong></span> <span class='ocrx_word' id='word_1_488' title='bbox 1309 4957 1423 5028; x_wconf 84' lang='lat' dir='ltr'><strong>l0),</strong></span> <span class='ocrx_word' id='word_1_489' title='bbox 1464 4963 1521 5010; x_wconf 89' lang='lat' dir='ltr'><strong>ct</strong></span> <span class='ocrx_word' id='word_1_490' title='bbox 1567 4956 1621 5011; x_wconf 81' lang='lat' dir='ltr'><strong>in</strong></span> <span class='ocrx_word' id='word_1_491' title='bbox 1653 4954 1820 5026; x_wconf 82' lang='lat' dir='ltr'><strong>gestis</strong></span> <span class='ocrx_word' id='word_1_492' title='bbox 1847 4968 1968 5024; x_wconf 67' lang='lat' dir='ltr'><strong>qua:</strong></span> <span class='ocrx_word' id='word_1_493' title='bbox 1995 4968 2097 5008; x_wconf 91' lang='lat' dir='ltr'><strong>nu-</strong></span> <span class='ocrx_word' id='word_1_494' title='bbox 2128 5008 2129 5011; x_wconf 44' lang='grc' dir='ltr'><strong>η</strong></span> 
     </span>
    </p>
   </div>
   <div class='ocr_carea' id='block_1_72' title="bbox 503 5047 2095 5122">
    <p class='ocr_par' dir='ltr' id='par_1_72' title="bbox 503 5047 2095 5122">
     <span class='ocr_line' id='line_1_72' title="bbox 503 5047 2095 5122; baseline -0.003 -16"><span class='ocrx_word' id='word_1_495' title='bbox 503 5064 603 5121; x_wconf 89' lang='lat' dir='ltr'><strong>per</strong></span> <span class='ocrx_word' id='word_1_496' title='bbox 630 5051 773 5121; x_wconf 88' lang='lat' dir='ltr'><strong>apud</strong></span> <span class='ocrx_word' id='word_1_497' title='bbox 797 5052 1118 5122; x_wconf 87' lang='lat' dir='ltr'><strong>martyrium</strong></span> <span class='ocrx_word' id='word_1_498' title='bbox 1163 5057 1364 5106; x_wconf 79' lang='lat' dir='ltr'><strong>sanctae</strong></span> <span class='ocrx_word' id='word_1_499' title='bbox 1392 5048 1585 5104; x_wconf 80' lang='lat' dir='ltr'><strong>Macrae</strong></span> <span class='ocrx_word' id='word_1_500' title='bbox 1610 5047 1664 5102; x_wconf 90' lang='lat' dir='ltr'><strong>in</strong></span> <span class='ocrx_word' id='word_1_501' title='bbox 1698 5047 1904 5119; x_wconf 91' lang='lat' dir='ltr'><strong>synodo</strong></span> <span class='ocrx_word' id='word_1_502' title='bbox 1942 5054 2095 5118; x_wconf 85' lang='lat' dir='ltr'><strong>gesta</strong></span> 
     </span>
    </p>
   </div>
   <div class='ocr_carea' id='block_1_73' title="bbox 504 5136 2094 5212">
    <p class='ocr_par' dir='ltr' id='par_1_73' title="bbox 504 5136 2094 5212">
     <span class='ocr_line' id='line_1_73' title="bbox 504 5136 2094 5212; baseline -0.003 -15"><span class='ocrx_word' id='word_1_503' title='bbox 504 5150 634 5197; x_wconf 86' lang='lat' dir='ltr'><strong>sunt</strong></span> <span class='ocrx_word' id='word_1_504' title='bbox 660 5142 857 5212; x_wconf 88' lang='lat' dir='ltr'><strong>partim</strong></span> <span class='ocrx_word' id='word_1_505' title='bbox 885 5142 1217 5205; x_wconf 75' lang='lat' dir='ltr'><strong>continetur,</strong></span> <span class='ocrx_word' id='word_1_506' title='bbox 1247 5140 1356 5194; x_wconf 93' lang='lat' dir='ltr'><strong>duo</strong></span> <span class='ocrx_word' id='word_1_507' title='bbox 1378 5146 1528 5205; x_wconf 91' lang='lat' dir='ltr'><strong>sunt,</strong></span> <span class='ocrx_word' id='word_1_508' title='bbox 1552 5138 1749 5209; x_wconf 88' lang='lat' dir='ltr'><strong>quibus</strong></span> <span class='ocrx_word' id='word_1_509' title='bbox 1782 5136 2094 5209; x_wconf 89' lang='lat' dir='ltr'><strong>principali-</strong></span> 
     </span>
    </p>
   </div>
   <div class='ocr_carea' id='block_1_74' title="bbox 504 5226 2095 5302">
    <p class='ocr_par' dir='ltr' id='par_1_74' title="bbox 504 5226 2095 5302">
     <span class='ocr_line' id='line_1_74' title="bbox 504 5226 2095 5302; baseline 0 -17"><span class='ocrx_word' id='word_1_510' title='bbox 504 5238 614 5297; x_wconf 90' lang='lat' dir='ltr'><strong>ter,</strong></span> <span class='ocrx_word' id='word_1_511' title='bbox 648 5245 757 5287; x_wconf 89' lang='lat' dir='ltr'><strong>una</strong></span> <span class='ocrx_word' id='word_1_512' title='bbox 782 5247 907 5288; x_wconf 92' lang='lat' dir='ltr'><strong>cum</strong></span> <span class='ocrx_word' id='word_1_513' title='bbox 938 5231 1249 5302; x_wconf 85' lang='lat' dir='ltr'><strong>specialiter</strong></span> <span class='ocrx_word' id='word_1_514' title='bbox 1294 5230 1664 5301; x_wconf 89' lang='lat' dir='ltr'><strong>cujuscunque</strong></span> <span class='ocrx_word' id='word_1_515' title='bbox 1715 5244 1859 5286; x_wconf 74' lang='lat' dir='ltr'><strong>curae</strong></span> <span class='ocrx_word' id='word_1_516' title='bbox 1913 5226 2095 5297; x_wconf 87' lang='lat' dir='ltr'><strong>subje-</strong></span> 
     </span>
    </p>
   </div>
   <div class='ocr_carea' id='block_1_75' title="bbox 503 5321 2090 5396">
    <p class='ocr_par' dir='ltr' id='par_1_75' title="bbox 503 5321 2090 5396">
     <span class='ocr_line' id='line_1_75' title="bbox 503 5321 2090 5396; baseline -0.002 -15"><span class='ocrx_word' id='word_1_517' title='bbox 503 5326 628 5391; x_wconf 92' lang='lat' dir='ltr'><strong>ctis,</strong></span> <span class='ocrx_word' id='word_1_518' title='bbox 657 5326 891 5381; x_wconf 89' lang='lat' dir='ltr'><strong>mundus</strong></span> <span class='ocrx_word' id='word_1_519' title='bbox 904 5326 993 5381; x_wconf 89' lang='lat' dir='ltr'><strong>hic</strong></span> <span class='ocrx_word' id='word_1_520' title='bbox 1006 5324 1234 5396; x_wconf 87' lang='lat' dir='ltr'><strong>regitur,</strong></span> <span class='ocrx_word' id='word_1_521' title='bbox 1257 5324 1553 5380; x_wconf 83' lang='lat' dir='ltr'><strong>auctoritas</strong></span> <span class='ocrx_word' id='word_1_522' title='bbox 1573 5338 1725 5379; x_wconf 89' lang='lat' dir='ltr'><strong>sacra</strong></span> <span class='ocrx_word' id='word_1_523' title='bbox 1753 5321 2090 5394; x_wconf 87' lang='lat' dir='ltr'><strong>pontiﬁcum,</strong></span> 
     </span>
    </p>
   </div>
   <div class='ocr_carea' id='block_1_76' title="bbox 503 5415 2138 5489">
    <p class='ocr_par' dir='ltr' id='par_1_76' title="bbox 503 5415 2138 5489">
     <span class='ocr_line' id='line_1_76' title="bbox 503 5415 2138 5489; baseline -0.001 -16"><span class='ocrx_word' id='word_1_524' title='bbox 503 5427 560 5473; x_wconf 92' lang='lat' dir='ltr'><strong>et</strong></span> <span class='ocrx_word' id='word_1_525' title='bbox 581 5418 781 5487; x_wconf 82' lang='lat' dir='ltr'><strong>regalis</strong></span> <span class='ocrx_word' id='word_1_526' title='bbox 817 5427 1064 5489; x_wconf 88' lang='lat' dir='ltr'><strong>potestas</strong></span> <span class='ocrx_word' id='word_1_527' title='bbox 1092 5435 1106 5472; x_wconf 93' lang='lat'><strong>:</strong></span> <span class='ocrx_word' id='word_1_528' title='bbox 1136 5417 1191 5472; x_wconf 91' lang='lat' dir='ltr'><strong>in</strong></span> <span class='ocrx_word' id='word_1_529' title='bbox 1217 5416 1414 5487; x_wconf 86' lang='lat' dir='ltr'><strong>quibus</strong></span> <span class='ocrx_word' id='word_1_530' title='bbox 1438 5417 1711 5488; x_wconf 90' lang='lat' dir='ltr'><strong>personis,</strong></span> <span class='ocrx_word' id='word_1_531' title='bbox 1741 5416 1884 5472; x_wconf 90' lang='lat' dir='ltr'><strong>sicut</strong></span> <span class='ocrx_word' id='word_1_532' title='bbox 1904 5415 2094 5472; x_wconf 90' lang='lat' dir='ltr'><strong>ordine</strong></span> <span class='ocrx_word' id='word_1_533' title='bbox 2130 5437 2138 5444; x_wconf 91' lang='grc'><strong>·</strong></span> 
     </span>
    </p>
   </div>
   <div class='ocr_carea' id='block_1_77' title="bbox 502 5507 2093 5578">
    <p class='ocr_par' dir='ltr' id='par_1_77' title="bbox 502 5507 2093 5578">
     <span class='ocr_line' id='line_1_77' title="bbox 502 5507 2093 5578; baseline 0.001 -16"><span class='ocrx_word' id='word_1_534' title='bbox 502 5517 632 5562; x_wconf 89' lang='lat' dir='ltr'><strong>sunt</strong></span> <span class='ocrx_word' id='word_1_535' title='bbox 656 5507 829 5563; x_wconf 88' lang='lat' dir='ltr'><strong>divisa</strong></span> <span class='ocrx_word' id='word_1_536' title='bbox 860 5507 1145 5575; x_wconf 85' lang='lat' dir='ltr'><strong>vocabula,</strong></span> <span class='ocrx_word' id='word_1_537' title='bbox 1170 5507 1246 5565; x_wconf 91' lang='lat' dir='ltr'><strong>ita</strong></span> <span class='ocrx_word' id='word_1_538' title='bbox 1259 5517 1387 5565; x_wconf 84' lang='lat' dir='ltr'><strong>sunt</strong></span> <span class='ocrx_word' id='word_1_539' title='bbox 1411 5517 1467 5564; x_wconf 91' lang='lat' dir='ltr'><strong>et</strong></span> <span class='ocrx_word' id='word_1_540' title='bbox 1486 5509 1655 5565; x_wconf 87' lang='lat' dir='ltr'><strong>divisa</strong></span> <span class='ocrx_word' id='word_1_541' title='bbox 1686 5509 1739 5565; x_wconf 93' lang='lat' dir='ltr'><strong>in</strong></span> <span class='ocrx_word' id='word_1_542' title='bbox 1766 5521 2093 5578; x_wconf 86' lang='lat' dir='ltr'><strong>unoquoque</strong></span> 
     </span>
    </p>
   </div>
   <div class='ocr_carea' id='block_1_78' title="bbox 503 5588 2175 5671">
    <p class='ocr_par' dir='ltr' id='par_1_78' title="bbox 503 5588 2175 5671">
     <span class='ocr_line' id='line_1_78' title="bbox 503 5588 2175 5671; baseline -0.001 -20"><span class='ocrx_word' id='word_1_543' title='bbox 503 5600 694 5655; x_wconf 79' lang='lat' dir='ltr'><strong>ordine</strong></span> <span class='ocrx_word' id='word_1_544' title='bbox 719 5616 785 5657; x_wconf 89' lang='lat' dir='ltr'><strong>ac</strong></span> <span class='ocrx_word' id='word_1_545' title='bbox 803 5599 1145 5671; x_wconf 79' lang='lat' dir='ltr'><strong>professione</strong></span> <span class='ocrx_word' id='word_1_546' title='bbox 1168 5601 1570 5657; x_wconf 89' lang='lat' dir='ltr'><strong>ordinationum</strong></span> <span class='ocrx_word' id='word_1_547' title='bbox 1597 5599 1793 5657; x_wconf 79' lang='lat' dir='ltr'><strong>cilicia.</strong></span> <span class='ocrx_word' id='word_1_548' title='bbox 1833 5599 2094 5669; x_wconf 82' lang='lat' dir='ltr'><strong>Quamvis</strong></span> <span class='ocrx_word' id='word_1_549' title='bbox 2118 5588 2175 5650; x_wconf 90' lang='lat' dir='ltr'><strong><em>D</em></strong></span> 
     </span>
    </p>
   </div>
   <div class='ocr_carea' id='block_1_79' title="bbox 503 5689 2086 5762">
    <p class='ocr_par' dir='ltr' id='par_1_79' title="bbox 503 5689 2086 5762">
     <span class='ocr_line' id='line_1_79' title="bbox 503 5689 2086 5762; baseline 0.001 -17"><span class='ocrx_word' id='word_1_550' title='bbox 503 5689 651 5745; x_wconf 85' lang='lat' dir='ltr'><strong>enim</strong></span> <span class='ocrx_word' id='word_1_551' title='bbox 683 5690 927 5746; x_wconf 89' lang='lat' dir='ltr'><strong>membra</strong></span> <span class='ocrx_word' id='word_1_552' title='bbox 955 5691 1070 5747; x_wconf 88' lang='lat' dir='ltr'><strong>veri</strong></span> <span class='ocrx_word' id='word_1_553' title='bbox 1115 5691 1258 5762; x_wconf 87' lang='lat' dir='ltr'><strong>regis</strong></span> <span class='ocrx_word' id='word_1_554' title='bbox 1282 5697 1446 5761; x_wconf 89' lang='lat' dir='ltr'><strong>atque</strong></span> <span class='ocrx_word' id='word_1_555' title='bbox 1492 5689 1764 5762; x_wconf 84' lang='lat' dir='ltr'><strong>pontiﬁcis</strong></span> <span class='ocrx_word' id='word_1_556' title='bbox 1791 5690 2086 5748; x_wconf 84' lang='lat' dir='ltr'><strong>secundum</strong></span> 
     </span>
    </p>
   </div>
   <div class='ocr_carea' id='block_1_80' title="bbox 504 5777 2088 5851">
    <p class='ocr_par' dir='ltr' id='par_1_80' title="bbox 504 5777 2088 5851">
     <span class='ocr_line' id='line_1_80' title="bbox 504 5777 2088 5851; baseline 0.006 -22"><span class='ocrx_word' id='word_1_557' title='bbox 504 5777 976 5848; x_wconf 81' lang='lat' dir='ltr'><strong>participationem</strong></span> <span class='ocrx_word' id='word_1_558' title='bbox 1005 5788 1234 5845; x_wconf 65' lang='lat' dir='ltr'><strong>natura,</strong></span> <span class='ocrx_word' id='word_1_559' title='bbox 1262 5780 1547 5850; x_wconf 87' lang='lat' dir='ltr'><strong>magniﬁce</strong></span> <span class='ocrx_word' id='word_1_560' title='bbox 1577 5788 1868 5851; x_wconf 87' lang='lat' dir='ltr'><strong>utrumque</strong></span> <span class='ocrx_word' id='word_1_561' title='bbox 1896 5782 1951 5838; x_wconf 90' lang='lat' dir='ltr'><strong>in</strong></span> <span class='ocrx_word' id='word_1_562' title='bbox 1998 5796 2088 5838; x_wconf 84' lang='lat' dir='ltr'><strong>sa-</strong></span> 
     </span>
    </p>
   </div>
   <div class='ocr_carea' id='block_1_81' title="bbox 508 5869 2091 5947">
    <p class='ocr_par' dir='ltr' id='par_1_81' title="bbox 508 5869 2091 5947">
     <span class='ocr_line' id='line_1_81' title="bbox 508 5869 2091 5947; baseline 0.003 -22"><span class='ocrx_word' id='word_1_563' title='bbox 508 5884 603 5925; x_wconf 81' lang='lat' dir='ltr'><strong>cra</strong></span> <span class='ocrx_word' id='word_1_564' title='bbox 630 5869 989 5937; x_wconf 80' lang='lat' dir='ltr'><strong>generositate</strong></span> <span class='ocrx_word' id='word_1_565' title='bbox 1018 5888 1311 5942; x_wconf 72' lang='lat' dir='ltr'><strong>sumpsisse</strong></span> <span class='ocrx_word' id='word_1_566' title='bbox 1343 5873 1613 5940; x_wconf 81' lang='lat' dir='ltr'><strong>dicantur.</strong></span> <span class='ocrx_word' id='word_1_567' title='bbox 1640 5882 1700 5931; x_wconf 86' lang='lat' dir='ltr'><strong>ut</strong></span> <span class='ocrx_word' id='word_1_568' title='bbox 1726 5875 1888 5932; x_wconf 89' lang='lat' dir='ltr'><strong>simul</strong></span> <span class='ocrx_word' id='word_1_569' title='bbox 1910 5874 2091 5947; x_wconf 82' lang='lat' dir='ltr'><strong>regale</strong></span> 
     </span>
    </p>
   </div>
   <div class='ocr_carea' id='block_1_82' title="bbox 2125 4218 3798 4295">
    <p class='ocr_par' dir='ltr' id='par_1_82' title="bbox 2125 4218 3798 4295">
     <span class='ocr_line' id='line_1_82' title="bbox 2125 4218 3798 4295; baseline -0.001 -16"><span class='ocrx_word' id='word_1_570' title='bbox 2125 4228 2174 4293; x_wconf 74' lang='grc' dir='ltr'>α</span> <span class='ocrx_word' id='word_1_571' title='bbox 2205 4235 2376 4295; x_wconf 90' lang='lat' dir='ltr'><strong>genus</strong></span> <span class='ocrx_word' id='word_1_572' title='bbox 2402 4228 2457 4278; x_wconf 92' lang='lat' dir='ltr'><strong>et</strong></span> <span class='ocrx_word' id='word_1_573' title='bbox 2477 4218 2819 4278; x_wconf 90' lang='lat' dir='ltr'><strong>sacerdotale</strong></span> <span class='ocrx_word' id='word_1_574' title='bbox 2845 4218 3165 4287; x_wconf 87' lang='lat' dir='ltr'><strong>subsistant,</strong></span> <span class='ocrx_word' id='word_1_575' title='bbox 3201 4234 3412 4276; x_wconf 89' lang='lat' dir='ltr'><strong>memor</strong></span> <span class='ocrx_word' id='word_1_576' title='bbox 3432 4226 3625 4276; x_wconf 83' lang='lat' dir='ltr'><strong>tamen</strong></span> <span class='ocrx_word' id='word_1_577' title='bbox 3642 4220 3798 4278; x_wconf 82' lang='lat' dir='ltr'><strong>Chri-</strong></span> 
     </span>
    </p>
   </div>
   <div class='ocr_carea' id='block_1_83' title="bbox 2203 4310 3798 4384">
    <p class='ocr_par' dir='ltr' id='par_1_83' title="bbox 2203 4310 3798 4384">
     <span class='ocr_line' id='line_1_83' title="bbox 2203 4310 3798 4384; baseline -0.001 -15"><span class='ocrx_word' id='word_1_578' title='bbox 2203 4322 2320 4369; x_wconf 89' lang='lat' dir='ltr'><strong>stus</strong></span> <span class='ocrx_word' id='word_1_579' title='bbox 2362 4310 2673 4384; x_wconf 84' lang='lat' dir='ltr'><strong>fragilitatis</strong></span> <span class='ocrx_word' id='word_1_580' title='bbox 2713 4311 2990 4380; x_wconf 70' lang='lat' dir='ltr'><strong>bumante,</strong></span> <span class='ocrx_word' id='word_1_581' title='bbox 3033 4310 3176 4381; x_wconf 91' lang='lat' dir='ltr'><strong>quod</strong></span> <span class='ocrx_word' id='word_1_582' title='bbox 3216 4325 3437 4366; x_wconf 91' lang='lat' dir='ltr'><strong>suorum</strong></span> <span class='ocrx_word' id='word_1_583' title='bbox 3480 4310 3645 4366; x_wconf 87' lang='lat' dir='ltr'><strong>saluti</strong></span> <span class='ocrx_word' id='word_1_584' title='bbox 3675 4327 3798 4368; x_wconf 85' lang='lat' dir='ltr'><strong>con-</strong></span> 
     </span>
    </p>
   </div>
   <div class='ocr_carea' id='block_1_84' title="bbox 2198 4402 3797 4476">
    <p class='ocr_par' dir='ltr' id='par_1_84' title="bbox 2198 4402 3797 4476">
     <span class='ocr_line' id='line_1_84' title="bbox 2198 4402 3797 4476; baseline 0.001 -18"><span class='ocrx_word' id='word_1_585' title='bbox 2198 4412 2439 4475; x_wconf 88' lang='lat' dir='ltr'><strong>grueret,</strong></span> <span class='ocrx_word' id='word_1_586' title='bbox 2476 4403 2880 4473; x_wconf 87' lang='lat' dir='ltr'><strong>dispensatione</strong></span> <span class='ocrx_word' id='word_1_587' title='bbox 2907 4402 3192 4476; x_wconf 84' lang='lat' dir='ltr'><strong>magniﬁca</strong></span> <span class='ocrx_word' id='word_1_588' title='bbox 3224 4410 3559 4473; x_wconf 88' lang='lat' dir='ltr'><strong>temperans,</strong></span> <span class='ocrx_word' id='word_1_589' title='bbox 3596 4403 3681 4459; x_wconf 89' lang='lat' dir='ltr'><strong>sic</strong></span> <span class='ocrx_word' id='word_1_590' title='bbox 3710 4419 3797 4459; x_wconf 82' lang='lat' dir='ltr'><strong>ac-</strong></span> 
     </span>
    </p>
   </div>
   <div class='ocr_carea' id='block_1_85' title="bbox 2201 4494 3796 4567">
    <p class='ocr_par' dir='ltr' id='par_1_85' title="bbox 2201 4494 3796 4567">
     <span class='ocr_line' id='line_1_85' title="bbox 2201 4494 3796 4567; baseline -0.002 -16"><span class='ocrx_word' id='word_1_591' title='bbox 2201 4496 2440 4552; x_wconf 89' lang='lat' dir='ltr'><strong>tionibus</strong></span> <span class='ocrx_word' id='word_1_592' title='bbox 2483 4496 2742 4567; x_wconf 90' lang='lat' dir='ltr'><strong>propriis,</strong></span> <span class='ocrx_word' id='word_1_593' title='bbox 2794 4494 3254 4567; x_wconf 88' lang='lat' dir='ltr'><strong>dignitatibusque</strong></span> <span class='ocrx_word' id='word_1_594' title='bbox 3301 4495 3580 4551; x_wconf 88' lang='lat' dir='ltr'><strong>distinctis</strong></span> <span class='ocrx_word' id='word_1_595' title='bbox 3626 4494 3796 4551; x_wconf 81' lang='lat' dir='ltr'><strong>oﬂicia</strong></span> 
     </span>
    </p>
   </div>
   <div class='ocr_carea' id='block_1_86' title="bbox 2196 4585 3792 4663">
    <p class='ocr_par' dir='ltr' id='par_1_86' title="bbox 2196 4585 3792 4663">
     <span class='ocr_line' id='line_1_86' title="bbox 2196 4585 3792 4663; baseline -0.001 -22"><span class='ocrx_word' id='word_1_596' title='bbox 2196 4585 2481 4655; x_wconf 84' lang='lat' dir='ltr'><strong>potestatis</strong></span> <span class='ocrx_word' id='word_1_597' title='bbox 2501 4585 2785 4657; x_wconf 89' lang='lat' dir='ltr'><strong>utriusque</strong></span> <span class='ocrx_word' id='word_1_598' title='bbox 2812 4586 3090 4663; x_wconf 86' lang='lat' dir='ltr'><strong>discrevit,</strong></span> <span class='ocrx_word' id='word_1_599' title='bbox 3122 4601 3251 4643; x_wconf 87' lang='lat' dir='ltr'><strong>suos</strong></span> <span class='ocrx_word' id='word_1_600' title='bbox 3265 4585 3457 4642; x_wconf 88' lang='lat' dir='ltr'><strong>volens</strong></span> <span class='ocrx_word' id='word_1_601' title='bbox 3482 4586 3792 4642; x_wconf 85' lang='lat' dir='ltr'><strong>medicinali</strong></span> 
     </span>
    </p>
   </div>
   <div class='ocr_carea' id='block_1_87' title="bbox 2197 4676 3798 4755">
    <p class='ocr_par' dir='ltr' id='par_1_87' title="bbox 2197 4676 3798 4755">
     <span class='ocr_line' id='line_1_87' title="bbox 2197 4676 3798 4755; baseline 0.002 -22"><span class='ocrx_word' id='word_1_602' title='bbox 2197 4676 2502 4735; x_wconf 86' lang='lat' dir='ltr'><strong>humilitate</strong></span> <span class='ocrx_word' id='word_1_603' title='bbox 2526 4679 2749 4746; x_wconf 88' lang='lat' dir='ltr'><strong>salvari,</strong></span> <span class='ocrx_word' id='word_1_604' title='bbox 2788 4695 2897 4736; x_wconf 87' lang='lat' dir='ltr'><strong>non</strong></span> <span class='ocrx_word' id='word_1_605' title='bbox 2949 4680 3185 4736; x_wconf 82' lang='lat' dir='ltr'><strong>humana</strong></span> <span class='ocrx_word' id='word_1_606' title='bbox 3213 4681 3471 4750; x_wconf 87' lang='lat' dir='ltr'><strong>superbia</strong></span> <span class='ocrx_word' id='word_1_607' title='bbox 3502 4697 3699 4738; x_wconf 85' lang='lat' dir='ltr'><strong>rursus</strong></span> <span class='ocrx_word' id='word_1_608' title='bbox 3719 4681 3798 4755; x_wconf 88' lang='lat' dir='ltr'><strong>(nt</strong></span> 
     </span>
    </p>
   </div>
   <div class='ocr_carea' id='block_1_88' title="bbox 2197 4770 3792 4845">
    <p class='ocr_par' dir='ltr' id='par_1_88' title="bbox 2197 4770 3792 4845">
     <span class='ocr_line' id='line_1_88' title="bbox 2197 4770 3792 4845; baseline 0.002 -19"><span class='ocrx_word' id='word_1_609' title='bbox 2197 4779 2328 4827; x_wconf 85' lang='lat' dir='ltr'><strong>ante</strong></span> <span class='ocrx_word' id='word_1_610' title='bbox 2350 4770 2644 4827; x_wconf 88' lang='lat' dir='ltr'><strong>adventum</strong></span> <span class='ocrx_word' id='word_1_611' title='bbox 2671 4771 2788 4843; x_wconf 88' lang='lat' dir='ltr'><strong>ejus</strong></span> <span class='ocrx_word' id='word_1_612' title='bbox 2816 4771 2874 4827; x_wconf 93' lang='lat' dir='ltr'><strong>in</strong></span> <span class='ocrx_word' id='word_1_613' title='bbox 2921 4786 3156 4828; x_wconf 84' lang='lat' dir='ltr'><strong>carnem</strong></span> <span class='ocrx_word' id='word_1_614' title='bbox 3183 4773 3382 4845; x_wconf 89' lang='lat' dir='ltr'><strong>pagani</strong></span> <span class='ocrx_word' id='word_1_615' title='bbox 3407 4772 3792 4845; x_wconf 82' lang='lat' dir='ltr'><strong>imperatores,</strong></span> 
     </span>
    </p>
   </div>
   <div class='ocr_carea' id='block_1_89' title="bbox 2197 4849 3791 4937">
    <p class='ocr_par' dir='ltr' id='par_1_89' title="bbox 2197 4849 3791 4937">
     <span class='ocr_line' id='line_1_89' title="bbox 2197 4849 3791 4937; baseline 0.002 -21"><span class='ocrx_word' id='word_1_616' title='bbox 2197 4863 2291 4934; x_wconf 89' lang='lat' dir='ltr'><strong>qui</strong></span> <span class='ocrx_word' id='word_1_617' title='bbox 2310 4862 2473 4920; x_wconf 89' lang='lat' dir='ltr'><strong>iidem</strong></span> <span class='ocrx_word' id='word_1_618' title='bbox 2486 4870 2544 4918; x_wconf 90' lang='lat' dir='ltr'><strong>et</strong></span> <span class='ocrx_word' id='word_1_619' title='bbox 2566 4863 2793 4919; x_wconf 73' lang='lat' dir='ltr'><strong>maximi</strong></span> <span class='ocrx_word' id='word_1_620' title='bbox 2818 4849 3106 4934; x_wconf 83' lang='lat' dir='ltr'><strong>pontiﬁces</strong></span> <span class='ocrx_word' id='word_1_621' title='bbox 3128 4862 3503 4937; x_wconf 85' lang='lat' dir='ltr'><strong>dicebantur),</strong></span> <span class='ocrx_word' id='word_1_622' title='bbox 3525 4862 3791 4935; x_wconf 85' lang='lat' dir='ltr'><strong>intercipi,</strong></span> 
     </span>
    </p>
   </div>
   <div class='ocr_carea' id='block_1_90' title="bbox 2197 4954 3793 5031">
    <p class='ocr_par' dir='ltr' id='par_1_90' title="bbox 2197 4954 3793 5031">
     <span class='ocr_line' id='line_1_90' title="bbox 2197 4954 3793 5031; baseline 0.001 -22"><span class='ocrx_word' id='word_1_623' title='bbox 2197 4962 2258 5009; x_wconf 89' lang='lat' dir='ltr'><strong>ut</strong></span> <span class='ocrx_word' id='word_1_624' title='bbox 2274 4954 2638 5012; x_wconf 87' lang='lat' dir='ltr'><strong>etChristiani</strong></span> <span class='ocrx_word' id='word_1_625' title='bbox 2670 4969 2826 5026; x_wconf 83' lang='lat' dir='ltr'><strong>reges</strong></span> <span class='ocrx_word' id='word_1_626' title='bbox 2848 4970 2948 5031; x_wconf 82' lang='lat' dir='ltr'><strong>pro</strong></span> <span class='ocrx_word' id='word_1_627' title='bbox 2969 4964 3172 5012; x_wconf 65' lang='lat' dir='ltr'><strong>atterna</strong></span> <span class='ocrx_word' id='word_1_628' title='bbox 3199 4955 3312 5012; x_wconf 87' lang='lat' dir='ltr'><strong>vita</strong></span> <span class='ocrx_word' id='word_1_629' title='bbox 3331 4954 3690 5027; x_wconf 82' lang='lat' dir='ltr'><strong>pontiﬁcibus</strong></span> <span class='ocrx_word' id='word_1_630' title='bbox 3719 4957 3793 5011; x_wconf 77' lang='lat' dir='ltr'><strong>in-</strong></span> 
     </span>
    </p>
   </div>
   <div class='ocr_carea' id='block_1_91' title="bbox 2197 5047 3787 5120">
    <p class='ocr_par' dir='ltr' id='par_1_91' title="bbox 2197 5047 3787 5120">
     <span class='ocr_line' id='line_1_91' title="bbox 2197 5047 3787 5120; baseline 0.001 -18"><span class='ocrx_word' id='word_1_631' title='bbox 2197 5047 2466 5119; x_wconf 88' lang='lat' dir='ltr'><strong>digerent,</strong></span> <span class='ocrx_word' id='word_1_632' title='bbox 2489 5056 2558 5104; x_wconf 87' lang='lat' dir='ltr'><strong>&#39;et</strong></span> <span class='ocrx_word' id='word_1_633' title='bbox 2577 5047 2864 5120; x_wconf 88' lang='lat' dir='ltr'><strong>pontiﬁces</strong></span> <span class='ocrx_word' id='word_1_634' title='bbox 2885 5063 2987 5119; x_wconf 91' lang='lat' dir='ltr'><strong>pro</strong></span> <span class='ocrx_word' id='word_1_635' title='bbox 3016 5047 3396 5120; x_wconf 88' lang='lat' dir='ltr'><strong>temporalium</strong></span> <span class='ocrx_word' id='word_1_636' title='bbox 3418 5063 3589 5105; x_wconf 86' lang='lat' dir='ltr'><strong>cursu</strong></span> <span class='ocrx_word' id='word_1_637' title='bbox 3611 5063 3787 5105; x_wconf 70' lang='lat' dir='ltr'><strong>remur</strong></span> 
     </span>
    </p>
   </div>
   <div class='ocr_carea' id='block_1_92' title="bbox 2197 5138 3787 5216">
    <p class='ocr_par' dir='ltr' id='par_1_92' title="bbox 2197 5138 3787 5216">
     <span class='ocr_line' id='line_1_92' title="bbox 2197 5138 3787 5216; baseline 0.003 -23"><span class='ocrx_word' id='word_1_638' title='bbox 2197 5138 2567 5210; x_wconf 88' lang='lat' dir='ltr'><strong>imperialibus</strong></span> <span class='ocrx_word' id='word_1_639' title='bbox 2635 5140 3085 5212; x_wconf 85' lang='lat' dir='ltr'><strong>dispositionibus</strong></span> <span class='ocrx_word' id='word_1_640' title='bbox 3140 5150 3425 5199; x_wconf 84' lang='lat' dir='ltr'><strong>uterentur</strong></span> <span class='ocrx_word' id='word_1_641' title='bbox 3456 5160 3475 5197; x_wconf 91' lang='lat'><strong>:</strong></span> <span class='ocrx_word' id='word_1_642' title='bbox 3523 5152 3787 5216; x_wconf 83' lang='lat' dir='ltr'><strong>quatenus</strong></span> 
     </span>
    </p>
   </div>
   <div class='ocr_carea' id='block_1_93' title="bbox 2195 5229 3785 5301">
    <p class='ocr_par' dir='ltr' id='par_1_93' title="bbox 2195 5229 3785 5301">
     <span class='ocr_line' id='line_1_93' title="bbox 2195 5229 3785 5301; baseline 0.002 -17"><span class='ocrx_word' id='word_1_643' title='bbox 2195 5229 2453 5301; x_wconf 80' lang='lat' dir='ltr'><strong>spiritalis</strong></span> <span class='ocrx_word' id='word_1_644' title='bbox 2494 5231 2639 5287; x_wconf 89' lang='lat' dir='ltr'><strong>actio</strong></span> <span class='ocrx_word' id='word_1_645' title='bbox 2668 5247 2700 5286; x_wconf 88' lang='lat' dir='ltr'><strong>a</strong></span> <span class='ocrx_word' id='word_1_646' title='bbox 2727 5232 3037 5291; x_wconf 89' lang='lat' dir='ltr'><strong>carnalibus</strong></span> <span class='ocrx_word' id='word_1_647' title='bbox 3087 5233 3314 5291; x_wconf 88' lang='lat' dir='ltr'><strong>distaret</strong></span> <span class='ocrx_word' id='word_1_648' title='bbox 3356 5235 3687 5298; x_wconf 86' lang='lat' dir='ltr'><strong>incursibus,</strong></span> <span class='ocrx_word' id='word_1_649' title='bbox 3732 5242 3785 5287; x_wconf 85' lang='lat' dir='ltr'><strong>et</strong></span> 
     </span>
    </p>
   </div>
   <div class='ocr_carea' id='block_1_94' title="bbox 2195 5322 3783 5399">
    <p class='ocr_par' dir='ltr' id='par_1_94' title="bbox 2195 5322 3783 5399">
     <span class='ocr_line' id='line_1_94' title="bbox 2195 5322 3783 5399; baseline 0.001 -21"><span class='ocrx_word' id='word_1_650' title='bbox 2195 5322 2318 5378; x_wconf 81' lang='lat' dir='ltr'><strong>ideo</strong></span> <span class='ocrx_word' id='word_1_651' title='bbox 2355 5322 2598 5380; x_wconf 86' lang='lat' dir='ltr'><strong>militans</strong></span> <span class='ocrx_word' id='word_1_652' title='bbox 2636 5324 2749 5380; x_wconf 92' lang='lat' dir='ltr'><strong>Deo</strong></span> <span class='ocrx_word' id='word_1_653' title='bbox 2797 5324 3022 5382; x_wconf 88' lang='lat' dir='ltr'><strong>minime</strong></span> <span class='ocrx_word' id='word_1_654' title='bbox 3050 5341 3111 5383; x_wconf 85' lang='lat' dir='ltr'><strong>se</strong></span> <span class='ocrx_word' id='word_1_655' title='bbox 3163 5327 3395 5399; x_wconf 87' lang='lat' dir='ltr'><strong>negotiis</strong></span> <span class='ocrx_word' id='word_1_656' title='bbox 3436 5326 3783 5384; x_wconf 63' lang='lat' dir='ltr'><strong>saecularibus</strong></span> 
     </span>
    </p>
   </div>
   <div class='ocr_carea' id='block_1_95' title="bbox 2196 5414 3780 5490">
    <p class='ocr_par' dir='ltr' id='par_1_95' title="bbox 2196 5414 3780 5490">
     <span class='ocr_line' id='line_1_95' title="bbox 2196 5414 3780 5490; baseline 0.003 -20"><span class='ocrx_word' id='word_1_657' title='bbox 2196 5414 2502 5487; x_wconf 89' lang='lat' dir='ltr'><strong>implicaret</strong></span> <span class='ocrx_word' id='word_1_658' title='bbox 2524 5414 2613 5489; x_wconf 88' lang='grc' dir='ltr'><strong>(ΙΙ</strong></span> <span class='ocrx_word' id='word_1_659' title='bbox 2667 5414 2803 5471; x_wconf 84' lang='lat' dir='ltr'><strong>Tim.</strong></span> <span class='ocrx_word' id='word_1_660' title='bbox 2846 5417 2938 5490; x_wconf 82' lang='grc' dir='ltr'><strong>ιι),</strong></span> <span class='ocrx_word' id='word_1_661' title='bbox 2968 5433 3035 5474; x_wconf 87' lang='lat' dir='ltr'><strong>ac</strong></span> <span class='ocrx_word' id='word_1_662' title='bbox 3082 5419 3320 5475; x_wconf 88' lang='lat' dir='ltr'><strong>vicissim</strong></span> <span class='ocrx_word' id='word_1_663' title='bbox 3368 5435 3480 5475; x_wconf 90' lang='lat' dir='ltr'><strong>non</strong></span> <span class='ocrx_word' id='word_1_664' title='bbox 3508 5418 3598 5475; x_wconf 91' lang='lat' dir='ltr'><strong>ille</strong></span> <span class='ocrx_word' id='word_1_665' title='bbox 3630 5420 3780 5475; x_wconf 84' lang='lat' dir='ltr'><strong>rebus</strong></span> 
     </span>
    </p>
   </div>
   <div class='ocr_carea' id='block_1_96' title="bbox 2197 5510 3773 5587">
    <p class='ocr_par' dir='ltr' id='par_1_96' title="bbox 2197 5510 3773 5587">
     <span class='ocr_line' id='line_1_96' title="bbox 2197 5510 3773 5587; baseline 0.001 -20"><span class='ocrx_word' id='word_1_666' title='bbox 2197 5510 2393 5567; x_wconf 90' lang='lat' dir='ltr'><strong>divinis</strong></span> <span class='ocrx_word' id='word_1_667' title='bbox 2422 5511 2715 5583; x_wconf 64' lang='lat' dir='ltr'><strong>praesidere</strong></span> <span class='ocrx_word' id='word_1_668' title='bbox 2738 5511 3017 5568; x_wconf 91' lang='lat' dir='ltr'><strong>videretur</strong></span> <span class='ocrx_word' id='word_1_669' title='bbox 3044 5513 3135 5584; x_wconf 92' lang='lat' dir='ltr'><strong>qui</strong></span> <span class='ocrx_word' id='word_1_670' title='bbox 3161 5523 3309 5570; x_wconf 87' lang='lat' dir='ltr'><strong>esset</strong></span> <span class='ocrx_word' id='word_1_671' title='bbox 3347 5513 3583 5586; x_wconf 88' lang='lat' dir='ltr'><strong>negotiis</strong></span> <span class='ocrx_word' id='word_1_672' title='bbox 3612 5528 3773 5587; x_wconf 62' lang='lat' dir='ltr'><strong>secu-</strong></span> 
     </span>
    </p>
   </div>
   <div class='ocr_carea' id='block_1_97' title="bbox 2199 5590 3772 5674">
    <p class='ocr_par' dir='ltr' id='par_1_97' title="bbox 2199 5590 3772 5674">
     <span class='ocr_line' id='line_1_97' title="bbox 2199 5590 3772 5674; baseline -0.004 -15"><span class='ocrx_word' id='word_1_673' title='bbox 2199 5600 2404 5659; x_wconf 86' lang='lat' dir='ltr'><strong>laribus</strong></span> <span class='ocrx_word' id='word_1_674' title='bbox 2443 5603 2769 5674; x_wconf 87' lang='lat' dir='ltr'><strong>implicatus,</strong></span> <span class='ocrx_word' id='word_1_675' title='bbox 2791 5612 2853 5658; x_wconf 91' lang='lat' dir='ltr'><strong>ut</strong></span> <span class='ocrx_word' id='word_1_676' title='bbox 2876 5612 2938 5660; x_wconf 88' lang='lat' dir='ltr'><strong>et</strong></span> <span class='ocrx_word' id='word_1_677' title='bbox 2964 5590 3229 5673; x_wconf 81' lang='lat' dir='ltr'><strong>modestia</strong></span> <span class='ocrx_word' id='word_1_678' title='bbox 3268 5604 3554 5674; x_wconf 90' lang='lat' dir='ltr'><strong>utriusque</strong></span> <span class='ocrx_word' id='word_1_679' title='bbox 3576 5599 3772 5659; x_wconf 77' lang='lat' dir='ltr'><strong>ordinis</strong></span> 
     </span>
    </p>
   </div>
   <div class='ocr_carea' id='block_1_98' title="bbox 2199 5692 3769 5771">
    <p class='ocr_par' dir='ltr' id='par_1_98' title="bbox 2199 5692 3769 5771">
     <span class='ocr_line' id='line_1_98' title="bbox 2199 5692 3769 5771; baseline -0.006 -19"><span class='ocrx_word' id='word_1_680' title='bbox 2199 5703 2503 5761; x_wconf 88' lang='lat' dir='ltr'><strong>curaretur,</strong></span> <span class='ocrx_word' id='word_1_681' title='bbox 2533 5708 2602 5750; x_wconf 92' lang='lat' dir='ltr'><strong>ne</strong></span> <span class='ocrx_word' id='word_1_682' title='bbox 2623 5693 2975 5751; x_wconf 81' lang='lat' dir='ltr'><strong>extolleretur</strong></span> <span class='ocrx_word' id='word_1_683' title='bbox 2998 5703 3232 5767; x_wconf 89' lang='lat' dir='ltr'><strong>utroque</strong></span> <span class='ocrx_word' id='word_1_684' title='bbox 3259 5692 3534 5771; x_wconf 78' lang='lat' dir='ltr'><strong>suﬂ‘ultus,</strong></span> <span class='ocrx_word' id='word_1_685' title='bbox 3557 5702 3615 5751; x_wconf 86' lang='lat' dir='ltr'><strong>et</strong></span> <span class='ocrx_word' id='word_1_686' title='bbox 3633 5704 3769 5746; x_wconf 82' lang='lat' dir='ltr'><strong>com-</strong></span> 
     </span>
    </p>
   </div>
   <div class='ocr_carea' id='block_1_99' title="bbox 2167 5779 3765 5869">
    <p class='ocr_par' dir='ltr' id='par_1_99' title="bbox 2167 5779 3765 5869">
     <span class='ocr_line' id='line_1_99' title="bbox 2167 5779 3765 5869; baseline 0.001 -31"><span class='ocrx_word' id='word_1_687' title='bbox 2167 5795 2388 5859; x_wconf 82' lang='lat' dir='ltr'><strong>.petens</strong></span> <span class='ocrx_word' id='word_1_688' title='bbox 2430 5783 2781 5857; x_wconf 86' lang='lat' dir='ltr'><strong>qualitatibus</strong></span> <span class='ocrx_word' id='word_1_689' title='bbox 2851 5786 3125 5851; x_wconf 87' lang='lat' dir='ltr'><strong>actionum</strong></span> <span class='ocrx_word' id='word_1_690' title='bbox 3174 5786 3485 5858; x_wconf 87' lang='lat' dir='ltr'><strong>specialiter</strong></span> <span class='ocrx_word' id='word_1_691' title='bbox 3518 5779 3765 5869; x_wconf 69' lang='lat' dir='ltr'><strong>professio</strong></span> 
     </span>
    </p>
   </div>
   <div class='ocr_carea' id='block_1_100' title="bbox 2199 5885 2495 5946">
    <p class='ocr_par' dir='ltr' id='par_1_100' title="bbox 2199 5885 2495 5946">
     <span class='ocr_line' id='line_1_100' title="bbox 2199 5885 2495 5946; baseline 0.01 -16"><span class='ocrx_word' id='word_1_692' title='bbox 2199 5885 2495 5946; x_wconf 87' lang='lat' dir='ltr'><strong>aptaretur.</strong></span> 
     </span>
    </p>
   </div>
  </div>
