3948 5416
177 493 302 551 1009

929 491 1018 545 AD
1059 491 1431 551 EPISCOPOS
1472 493 1562 552 DE
1592 493 2076 553 INSTITUTIONE
2117 499 2635 562 CABOLOMANNI.

3284 513 3424 570 1010

232 612 352 666 (λιιι.
381 607 442 662 ll.
473 607 579 663 Sed
604 617 752 662 tanto
778 609 996 678 gravius
1027 607 1236 680 pondus
1267 617 1353 666 est
1374 611 1724 666 sacerdotum
1752 615 1803 676 Α
1832 612 1862 668 I
1880 611 2011 668 Tim.
2030 630 2089 669 ιιι
2112 631 2127 680 ;
2151 616 2266 670 Act.
2289 617 2407 687 xx),
2432 620 2645 690 utrique
2666 622 2989 694 presbyteri,
3015 634 3241 698 utrique
3263 644 3428 684 voca-

167 711 355 777 quanto
383 701 548 757 etiam
575 715 676 772 pro
701 699 836 770 ipsis
878 700 1098 771 regibus
1137 702 1417 758 hominum
1451 703 1505 757 in
1548 702 1731 758 divino

166 793 417 854 reddituri
446 803 575 850 sunt
611 793 865 849 examine
915 793 1224 850 rationem:
1256 802 1312 849 et
1351 802 1501 850 tanto
1527 803 1612 850 est
1653 795 1732 849 di-

165 889 329 960 gnitas
354 885 668 958 pontiﬁcum
695 883 869 954 major
892 900 1056 955 quam
1083 899 1292 956 regum,
1323 885 1450 956 quia
1476 900 1636 956 reges
1676 885 1732 940 in

163 978 364 1037 culmen
410 976 618 1048 regium
667 984 1002 1032 sacrantura
1035 975 1402 1048 pontiﬁcibus,
1450 975 1735 1046 pontiﬁces

108 1107 117 1117 -
160 1086 330 1133 autem
359 1090 390 1130 a
420 1075 638 1145 regibus
675 1075 980 1132 consecrari
1026 1091 1133 1133 non
1185 1083 1412 1146 possunt
1449 1082 1548 1130 :et
1583 1081 1733 1129 tanto

157 1171 207 1225 in
231 1169 481 1224 humanis
506 1169 668 1224 rebus
697 1183 881 1240 regum
921 1183 1053 1224 cura
1079 1176 1165 1224 est
1190 1167 1514 1240 propensior
1563 1181 1733 1237 quam

155 1258 525 1326 sacerdotum,
563 1267 766 1330 quanto
813 1274 912 1329 pro
959 1258 1164 1314 honore
1201 1266 1256 1312 et
1305 1257 1620 1312 defensione
1678 1263 1735 1310 et

152 1353 326 1423 quiete
350 1359 554 1407 sancta:
581 1351 855 1416 Ecclesiae,
884 1365 948 1406 ac
975 1360 1243 1406 rectorum
1270 1357 1325 1403 et
1356 1349 1732 1404 ministrorum

155 1446 336 1516 ipsius,
369 1454 426 1502 et
453 1445 598 1516 leges
627 1443 1035 1515 promulgando,
1079 1459 1142 1499 ac
1175 1441 1480 1508 militando,
1524 1456 1557 1496 a
1588 1441 1734 1513 Rege

152 1553 329 1609 regum
369 1546 454 1593 est
478 1537 559 1592 eis
587 1552 732 1592 curae
759 1552 896 1591 onus
927 1535 1257 1606 impositum.

214 1629 340 1685 Car.
381 1629 464 1685 lll.
498 1629 794 1702 Diligenter
815 1629 977 1701 igitur
1011 1629 1242 1700 quisquc
1271 1628 1430 1683 debet
1460 1627 1517 1682 in
1540 1626 1734 1682 ordine

148 1733 199 1779 et
224 1723 571 1795 professione
599 1739 696 1780 sua
727 1739 841 1794 quo
887 1722 1106 1780 nomine
1145 1731 1396 1779 censetur
1428 1722 1734 1790 attendere,

146 1823 196 1872 et
215 1815 484 1887 majorem
513 1815 570 1870 in
615 1816 830 1871 modum
858 1815 1164 1886 providere,
1203 1831 1270 1871 ne
1296 1831 1325 1870 a
1355 1816 1576 1871 nomine
1628 1816 1733 1871 dis-

145 1908 328 1964 cordet
379 1905 574 1962 ollicio.
623 1906 794 1975 Quia,
827 1908 970 1965 sicut
1007 1908 1236 1980 legimus
1278 1908 1330 1962 in
1379 1921 1532 1963 sacra
1561 1906 1734 1963 histo-

1836 706 2034 761 bantur
2059 708 2318 779 episcopi,
2348 726 2578 782 quorum
2605 714 2695 768 uni
2723 717 2996 786 sapientiae
3025 719 3418 785 maturitatem,

1837 796 1994 851 alteri
2024 798 2347 856 industriam
2362 818 2506 859 curae
2523 806 2812 876 pastoralis
2832 808 3158 879 signiﬁcant,
3187 825 3424 882 quorum

1837 887 1964 944 licet
1981 889 2034 943 in
2049 890 2370 959 quibusdam
2388 894 2498 948 sint
2517 896 2749 951 discreta
2766 896 2937 954 oﬁicia
2953 898 3296 971 dignitatum,
3318 917 3429 958 uno

1837 981 2054 1036 nomine
2068 997 2236 1038 sacrae
2250 985 2448 1055 regulae
2460 989 2943 1057 comprehendunt.
2967 1011 2984 1042 ι
3009 991 3146 1047 Nulli
3157 993 3432 1064 ,inquiuut

1839 1072 2080 1143 (C(elest.
2108 1093 2190 1149 ep.
2211 1075 2246 1130 2
2268 1077 2336 1130 ad
2357 1079 2514 1149 episc.
2542 1096 2634 1150 per
2653 1080 2810 1151 Apul.
2833 1092 2882 1136 et
2923 1083 3038 1139 Cal.
3065 1085 3107 1156 ),
3149 1086 3426 1142 sacerdoti

1837 1179 1965 1220 suos
1984 1165 2143 1221 liceat
2183 1182 2418 1224 canones
2449 1170 2720 1240 ignorare,
2763 1188 2867 1231 nec
2913 1176 3210 1246 quidquam
3240 1175 3424 1234 facere

1837 1258 1980 1329 quod
2004 1258 2224 1315 Patrum
2254 1261 2425 1330 possit
2453 1264 2651 1334 regulis
2674 1265 2919 1332 obviare,
2969 1286 2988 1319 ι
3022 1269 3146 1338 quia
3177 1285 3286 1324 non
3319 1271 3424 1326 mi-

1837 1365 1940 1404 nus
1964 1350 2017 1404 in
2046 1359 2356 1407 sanctarum
2376 1353 2726 1408 traditionum
2742 1355 3077 1426 delinquitur
3093 1361 3428 1426 sanctiones,

1839 1459 2000 1514 quam
2031 1444 2086 1499 in
2127 1445 2296 1515 ipsius
2331 1444 2545 1500 Domini
2597 1446 2851 1516 injuriam
2901 1450 3204 1519 prosilitur,
3235 1451 3288 1506 id
3321 1463 3426 1520 est,

1839 1552 1947 1591 non
1991 1536 2168 1592 minus
2219 1537 2549 1593 schismatici
2605 1539 2660 1593 in
2709 1548 3024 1596 sanctarum
3071 1543 3430 1601 traditionum

1839 1628 2153 1683 sanctiones
2215 1627 2610 1699 delinquentes,
2677 1647 2841 1702 quam
2911 1631 3156 1689 heraetici
3206 1651 3237 1690 a
3280 1642 3435 1693 recta

1841 1720 1947 1777 ﬁde
1988 1721 2354 1789 discedentes,
2405 1723 2574 1780 donec
2636 1734 3048 1794 convertantur,
3118 1739 3176 1784 et
3226 1731 3429 1786 unitati

1839 1821 2041 1869 sanctae
2071 1812 2332 1870 Ecclesiae
2359 1814 2797 1886 incorporeutur,
2851 1818 2920 1873 ab
2960 1815 3150 1874 eadem
3189 1819 3432 1876 Ecclesia

1839 1913 1966 1959 sunt
2001 1905 2312 1972 separandi.
2357 1905 2414 1960 lu
2453 1908 2722 1978 episcopis
2751 1909 2918 1975 enim,
2952 1919 3012 1964 ut
3049 1911 3244 1967 beatus
3297 1912 3434 1968 dicit

141 2000 238 2066 ria,
286 1998 458 2077 Ozias
479 2013 574 2054 rex
611 2013 948 2070 praesumens
985 2000 1266 2056 incensum
1313 2013 1539 2069 ponere,
1591 1999 1736 2070 quod
1765 1977 1813 2040 Β
1841 1997 2180 2066 Ambrosius,
2204 2015 2394 2055 omnes
2432 2001 2652 2058 ordines
2697 2010 2845 2069 sunt,
2900 2003 3027 2074 quia
3080 2005 3287 2076 primus
3346 2021 3434 2062 sa-

142 2109 244 2149 non
275 2094 445 2162 regii,
473 2093 567 2149 sed
591 2093 944 2149 sacerdotalis
974 2100 1096 2148 erat
1145 2091 1456 2157 ministerii,
1480 2091 1630 2162 lepra
1652 2101 1737 2147 est

139 2200 168 2240 a
217 2185 674 2255 Deopercussus,
719 2191 776 2238 et
822 2184 890 2240 de
933 2184 1134 2254 templo
1159 2183 1586 2240 asacerdotibus
1630 2184 1738 2255 eje-

139 2287 279 2344 ctus,
308 2279 452 2334 etin
480 2277 642 2334 domo
672 2293 772 2332 sua
795 2287 878 2333 est
920 2291 1094 2347 usque
1127 2276 1197 2331 ad
1228 2285 1460 2332 mortem
1492 2276 1740 2333 reclusus

139 2369 243 2442 (IV
269 2370 414 2442 Reg.
445 2386 546 2437 xv;
580 2369 646 2425 ΙΙ
674 2369 805 2425 Par.
830 2369 1002 2442 xxvr).
1027 2369 1096 2424 Et
1120 2377 1341 2426 sanctus
1361 2367 1664 2440 Cyprianus
1682 2369 1737 2424 in

138 2463 351 2520 decimo
388 2463 557 2533 gradu
581 2463 941 2528 Abusionum,
983 2449 1090 2532 per
1111 2475 1275 2533 quem
1312 2459 1498 2517 saeculi
1519 2470 1658 2523 rota,
1690 2461 1736 2516 si

138 2557 190 2610 iu
217 2556 316 2611 illo
341 2556 853 2627 fuerit,'decipitur,
891 2563 948 2610 et
975 2555 1042 2610 ad
1085 2555 1280 2609 tartari
1314 2552 1567 2608 tenebras
1594 2551 1740 2608 nullo

138 2650 479 2719 impediente
500 2649 726 2720 iustitiae
769 2648 1046 2720 suﬂ‘ragio,
1093 2661 1193 2719 per
1213 2645 1422 2716 justum
1461 2647 1558 2702 Dei
1596 2647 1742 2718 judi—

138 2742 287 2796 cium
313 2749 554 2807 rotatur,
583 2743 651 2797 de
671 2742 976 2812 negligente
1002 2740 1260 2810 episcopo
1290 2738 1421 2793 dicit
1442 2737 1580 2808 (cap.
1607 2738 1694 2810 10)
1723 2755 1736 2790 :

135 2853 152 2885 ε
208 2834 269 2889 Si
300 2834 477 2890 fuerit
498 2836 786 2905 episcopus
820 2834 1119 2904 negligens,
1157 2834 1246 2902 qui
1297 2831 1496 2902 gradus
1525 2833 1620 2886 'sui
1649 2832 1744 2887 ho-

134 2941 338 2982 norem
379 2926 523 2979 inter
551 2924 802 2978 homines
852 2923 1104 2993 requirit,
1167 2922 1262 2977 sed
1312 2921 1602 2976 ministerii
1659 2921 1742 2976 sui

134 3016 480 3087 dignitatem
509 3028 693 3068 coram
738 3013 874 3078 Deo,
901 3027 1000 3083 pro
1027 3027 1135 3083 quo
1173 3011 1442 3084 legatione
1480 3009 1742 3078 fungitur,

133 3125 241 3164 non
274 3105 544 3163 custodit.
568 3103 813 3160 Primum
840 3119 1079 3174 namque
1107 3104 1177 3159 ab
1202 3104 1478 3174 episcopo,
1505 3103 1634 3172 quid
1663 3102 1745 3157 sui

134 3199 393 3258 nominis
425 3197 661 3269 dignitas
693 3205 898 3263 teneat,
931 3196 1237 3268 inquiratur
1270 3215 1283 3258 ;
1321 3196 1573 3266 quoniam
1620 3208 1746 3248 cum

132 3292 442 3362 episcopus
471 3287 720 3344 Graecum
752 3303 948 3343 nomen
978 3288 1072 3354 sit,
1100 3287 1397 3358 speculator
1419 3287 1743 3355 interpreta-

135 3348 248 3441 tur.
281 3348 474 3453 Quare
500 3398 631 3439 vero
651 3382 961 3454 speculator
988 3348 1230 3452 ponitur,
1258 3379 1464 3449 etquid
1495 3395 1525 3433 a
1554 3393 1743 3450 specu-
1769 3348 1816 3418 Ο

132 3477 320 3540 latore
350 3475 683 3545 requiratur,
716 3473 977 3530 Dominus
1007 3473 1124 3544 ipse
1166 3473 1425 3540 denudat,
1480 3487 1603 3528 cum
1645 3471 1745 3527 sub

131 3571 460 3628 Ezechielis
486 3569 762 3640 prophetae
796 3583 1030 3639 persona
1056 3569 1310 3639 episcopo
1333 3563 1494 3622 ofﬁcii
1531 3566 1614 3620 sui
1657 3582 1758 3620 ra-'

131 3667 360 3720 tionem
391 3661 695 3724 denuntiat,
743 3660 816 3714 ita
865 3659 1117 3729 inquiens
1151 3676 1164 3712 :
1195 3656 1589 3726 Speculatorem
1623 3657 1746 3710 dedi

132 3767 179 3809 te
232 3754 432 3808 domui
457 3749 867 3822 Israel(Ezecli.
893 3750 1003 3820 In),
1039 3769 1058 3802 ι
1091 3757 1147 3805 et
1173 3748 1401 3817 reliqua,
1455 3761 1577 3816 quae
1635 3762 1743 3802 non

130 3847 526 3920 perfunctorie
548 3860 725 3916 neque
759 3858 886 3899 raro
921 3843 1103 3915 legere
1129 3849 1184 3896 et
1211 3840 1462 3896 meditari
1484 3840 1744 3896 debemus

131 3942 230 4011 qui
263 3955 536 3996 vocamur
566 3938 668 3994 hoc
707 3935 946 3992 nomine.

204 4031 355 4088 CAP.
392 4029 479 4086 IV.
524 4029 581 4084 lu
624 4027 808 4084 Veteri
838 4026 1186 4082 Testamento
1212 4023 1265 4095 (1
1294 4022 1423 4078 Par.
1451 4022 1600 4092 xxw)
1640 4022 1746 4077 Da-

129 4125 227 4182 vid
265 4140 375 4179 rex
404 4122 566 4179 simul
625 4130 682 4176 et
721 4120 1005 4193 propheta,
1059 4117 1413 4189 praeﬁgurans
1457 4115 1745 4171 Dominum

131 4225 404 4271 nostrum
433 4211 614 4268 Jcsum
636 4210 934 4274 Christum,
963 4208 1079 4279 qui,
1103 4217 1163 4262 ut
1191 4205 1747 4277 praeniisinius,{solus

129 4324 231 4363 rex
267 4305 445 4362 simul
490 4312 544 4360 et
566 4302 818 4360 sacerdos
852 4301 970 4355 lieri
995 4299 1190 4370 potuit,
1221 4299 1356 4353 duos
1411 4298 1466 4351 in
1495 4294 1748 4351 sacerdo-

131 4399 293 4453 tibus
326 4395 554 4450 ordines
583 4391 888 4456 constituit,
923 4390 976 4444 in
1011 4389 1238 4444 summis
1277 4386 1530 4442 videlicet
1565 4385 1746 4456 ponti-

130 4489 375 4553 ﬁcibus,
405 4495 458 4541 et
485 4486 539 4540 in
569 4485 796 4539 minoris
822 4481 1028 4538 ordinis
1053 4479 1447 4544 sacerdotibus,
1477 4477 1571 4549 qui
1603 4490 1748 4531 nunc

125 4557 568 4651 presbyteratus
591 4575 888 4648 funguntur
915 4572 1088 4629 oﬁicio
1122 4589 1137 4628 :
1165 4587 1230 4628 ea
1271 4570 1534 4636 videlicet
1559 4569 1745 4640 provi-

129 4680 329 4742 sione,
385 4684 445 4731 ut
486 4675 610 4732 dum
643 4673 868 4745 quilibet
915 4668 1238 4741 pontiﬁcum
1278 4667 1389 4722 vita
1439 4664 1746 4729 decederet,

127 4771 472 4842 quicunque
523 4767 864 4824 sacerdotum
921 4763 1161 4833 optimus
1229 4768 1530 4830 putaretur,
1578 4757 1628 4812 ei
1666 4755 1748 4822 [in

127 4862 540 4935 pontiﬁcatum
581 4859 916 4916 succederet.
960 4853 1030 4909 Et
1084 4855 1138 4908 in
1201 4851 1352 4908 Novo
1399 4851 1750 4906 Testamento

134 4955 313 5029 (Luc.
365 4970 422 5008 vi
464 4964 510 5010 et
540 4953 595 5024 κ)
643 4951 904 5007 Dominus
951 4955 1138 5001 noster
1189 4942 1347 5000 Jesus
1390 4941 1644 4997 Christus
1683 4940 1750 4996 de

131 5046 514 5106 multitudine
543 5043 926 5115 discipulorum
965 5053 1208 5102 suorum,
1242 5036 1384 5091 sicut
1407 5034 1462 5088 in
1509 5034 1751 5104 Evange-

131 5145 213 5200 lio
239 5142 512 5214 legimus,
544 5137 827 5196 duodecim
856 5134 1038 5204 elegit,
1076 5147 1212 5204 quos
1238 5139 1294 5186 et
1333 5128 1608 5199 apostolos
1652 5141 1750 5181 no—

127 5234 419 5295 minavit.
445 5232 645 5289 Horum
677 5231 732 5286 in
762 5225 1005 5287 Ecclesia
1042 5224 1221 5281 locum
1257 5229 1444 5276 tenent
1487 5218 1749 5291 episcopi,

135 5313 140 5318 ’
164 5331 176 5340 ⁸
245 5323 248 5326 ’
275 5335 290 5342 ⁸
339 5335 562 5376 annm“:
589 5323 899 5376 ﬂregnrhlg
929 5326 983 5362 et
1014 5317 1195 5362 nmtpri
1221 5313 1474 5356 βαυκιΙίρὶ
1501 5313 1749 5350 tinnitu-no

1779 4711 1832 4772 D

1843 2091 2037 2147 cerdos
2063 2100 2167 2158 est,
2218 2091 2321 2146 hoc
2366 2098 2448 2146 est
2489 2092 2746 2164 princeps
2790 2095 3158 2160 sacerdotum,
3203 2105 3257 2151 et
3306 2111 3432 2167 pro-

1841 2184 2028 2254 pheta,
2061 2191 2117 2238 et
2146 2181 2500 2253 evangelista,
2537 2193 2592 2240 et
2617 2193 2939 2241 eteterorum
2965 2187 3340 2244 ministrorum
3376 2189 3433 2243 in

1843 2291 1903 2332 se
1955 2273 2128 2332 ofﬁcia
2181 2275 2468 2332 continens
2513 2277 2582 2333 ad
2635 2277 2906 2350 implenda
2935 2292 3001 2334 ea
3028 2277 3084 2334 in
3130 2279 3437 2336 ministerio

1843 2369 2104 2426 ﬁdelium.

1913 2463 2045 2520 Cap.
2077 2461 2146 2518 ν.
2173 2461 2417 2531 Qualiter
2443 2471 2627 2518 autem
2656 2477 2927 2519 consensu
2955 2463 3219 2534 principis
3248 2472 3435 2532 terras,

1846 2554 1937 2624 qui
1969 2569 2059 2609 res
2086 2553 2488 2609 ecclesiasticas
2525 2553 2706 2631 divino
2735 2553 2943 2621 judicio
2992 2555 3060 2609 ad
3101 2555 3331 2610 tuendas
3383 2565 3441 2611 et

1846 2643 2206 2700 defensandas
2234 2644 2498 2714 suscepit,
2523 2643 2788 2699 electione
2810 2644 2940 2700 cleri
2983 2660 3047 2701 ac
3087 2646 3436 2718 plebisquis—

1848 2749 1954 2806 que
1976 2735 2043 2789 ad
2065 2735 2494 2791 ecclesiasticum
2516 2737 2758 2806 regimen
2779 2737 2987 2808 absque
3012 2738 3120 2794 ulla
3143 2739 3436 2800 venalitate

1848 2826 2074 2898 provehi
2103 2826 2315 2892 debeat,
2367 2833 2423 2881 et
2479 2825 2742 2882 Dominus
2787 2827 2844 2882 in
2868 2827 3183 2900 Evangelia,
3212 2839 3269 2886 et
3295 2833 3441 2887 sacri

1848 2932 2085 2974 canones
2113 2925 2299 2988 aperte
2346 2917 2723 2974 demonstrant
2769 2918 2986 2976 dicente
3029 2920 3260 2978 Domino
3290 2938 3301 2973 :
3331 2920 3440 2988 Qui

1850 3026 1955 3064 non
1991 3011 2157 3064 intrat
2198 3027 2290 3080 per
2314 3011 2504 3065 ostium
2549 3011 2608 3064 in
2649 3010 2782 3066 ovile
2835 3015 3031 3079 ouium,
3067 3013 3158 3068 sed
3201 3015 3442 3070 ascendit

1849 3101 2088 3169 aliunde,
2111 3102 2200 3157 ille
2223 3103 2313 3174 fur
2333 3113 2408 3160 est
2453 3113 2500 3158 et
2529 3103 2666 3158 latro
2693 3103 2880 3176 (Joan.
2912 3106 2992 3178 χ).
3020 3105 3222 3176 Quales
3253 3117 3439 3165 autem

1853 3196 1919 3249 ad
1977 3195 2348 3266 episcopatum
2396 3194 2630 3252 debeant
2679 3197 3010 3266 promoveri,
3062 3199 3360 3268 apostolica
3390 3209 3447 3256 et

1850 3286 2110 3341 canonica
2161 3286 2406 3341 decernit
2450 3286 2747 3343 auctoritas
2795 3287 2880 3360 (Il
2927 3287 3063 3342 Tim.
3125 3290 3230 3362 ιιι).
3284 3289 3441 3347 Unde

1846 3377 2075 3448 principi
2128 3386 2288 3432 terrae
2340 3392 2666 3448 magnopere
2717 3377 3110 3448 providendum
3145 3387 3309 3449 atque
3348 3395 3441 3434 ca-

1847 3469 2080 3524 vendum
2105 3479 2268 3525 estne
2290 3470 2346 3524 in
2364 3470 2448 3525 his
2472 3469 2614 3526 Deus
2631 3468 2957 3536 offendatur,
2980 3487 3080 3542 per
3094 3486 3229 3542 quos
3244 3473 3434 3544 religio

1845 3559 2156 3614 Christiana
2185 3559 2489 3615 consistere
2516 3559 2695 3625 debet,
2737 3569 2792 3616 et
2841 3562 3025 3617 cancri
3045 3562 3112 3618 ab
3140 3560 3442 3619 oﬁensione

1847 3651 2066 3705 salvari.
2099 3649 2312 3706 Nullius
2337 3652 2484 3706 enim
2523 3651 2603 3706 rei
2639 3651 2838 3706 intuitu
2887 3652 3166 3725 eligendus
3215 3663 3301 3710 est
3331 3656 3448 3727 epi-

1847 3756 2063 3813 scopus,
2109 3742 2213 3796 nisi
2245 3741 2341 3795 Dei
2390 3741 2578 3807 solius,
2623 3741 2676 3796 id
2714 3750 2819 3808 est,
2854 3759 2962 3799 non
2989 3759 3090 3814 pro
3115 3745 3299 3816 aliquo
3327 3762 3447 3801 mu-

1847 3847 1977 3886 nere
2006 3832 2290 3901 praesentis
2317 3831 2401 3885 vel
2431 3830 2628 3886 lutum
2652 3833 2755 3888 sub
2783 3847 2882 3904 spe
2912 3835 3307 3900 retributionis,
3342 3852 3446 3893 nec

1845 3936 1946 3991 pro
2009 3921 2189 3990 aliquo
2263 3921 2527 3991 obsequio
2584 3923 2846 3990 humano,
2900 3925 3010 3992 vel}
3037 3927 3446 3996 propinquitate

1847 4009 2354 4082 consanguinitatis,
2383 4026 2478 4067 seu
2534 4011 2796 4077 amicitia,
2843 4012 2930 4067 vel
2978 4014 3202 4070 servitio
3245 4025 3446 4088 tempo-

1848 4105 1969 4170 rali,
2017 4113 2114 4159 aut
2168 4105 2350 4176 aliqua
2403 4105 2712 4171 occasione,
2786 4121 2908 4175 qua:
2977 4109 3261 4162 contraria
3321 4123 3446 4165 esse

1846 4196 2021 4266 possit
2043 4196 2284 4263 veritati,
2337 4205 2432 4251 aut
2461 4196 2658 4252 divinae
2706 4196 3022 4250 auctoritati
3057 4212 3071 4252 :
3105 4198 3248 4252 sicut
3287 4207 3342 4254 et
3377 4199 3445 4255 de

1848 4289 2225 4361 presbyteris,
2281 4290 2424 4345 sicut
2494 4302 2649 4343 sacra
2731 4288 3070 4346 demonstrat
3145 4290 3445 4349 auctoritas

1850 4381 2032 4453 (Joan.
2069 4399 2141 4446 it;
2171 4383 2288 4436 Act.
2321 4381 2440 4454 vm)

1920 4472 2048 4529 CAP.
2069 4473 2158 4529 Vl.
2176 4472 2422 4540 Qualiter
2435 4480 2616 4527 autem
2629 4471 2865 4528 ordinati
2880 4473 3161 4530 ministros
3187 4473 3293 4530 sibi
3324 4489 3450 4544 sup-

1848 4567 2054 4637 positos
2077 4580 2268 4637 regere
2292 4565 2547 4631 debeant,
2564 4566 2706 4620 sacri
2720 4579 2958 4621 canones
2979 4575 3036 4621 et
3055 4566 3277 4622 decreta
3309 4566 3451 4622 sedis

1855 4657 2114 4714 Romanae
2142 4657 2486 4729 pontiﬁcum,
2509 4658 2605 4715 sed
2634 4667 2689 4714 et
2713 4670 2902 4714 sextus
2923 4657 3173 4715 decimus
3193 4657 3332 4714 liber
3356 4657 3451 4712 Le-

1855 4763 2000 4820 gum,
2029 4749 2229 4820 quibus
2263 4764 2372 4803 una
2412 4764 2537 4804 cum
2565 4749 2736 4804 sacris
2758 4751 3061 4806 canonibus
3117 4759 3311 4807 sancta
3342 4764 3454 4803 mo-

1855 4841 2078 4896 deratur
2117 4840 2379 4903 Ecclesia,
2429 4850 2683 4911 patenter
2727 4841 3042 4896 ostendunt.
3096 4841 3267 4908 Quam
3316 4852 3456 4908 pura

1854 4935 2020 4990 etiam
2062 4933 2369 4988 intentione
2421 4945 2612 4987 sacros
2661 4930 3064 4986 ecclesiasticos
3102 4928 3322 4983 ordines
3360 4926 3458 4978 de~

1854 5028 2019 5082 beant
2077 5025 2420 5095 dispensare,
2480 5025 2678 5082 beatus
2742 5019 3038 5091 Gregorius
3112 5019 3166 5072 in
3239 5013 3466 5072 homilia

1855 5115 2158 5190 Evangelii,
2215 5113 2366 5169 Misit
2414 5111 2578 5169 Iesus
2635 5108 2913 5163 duodecim.
2964 5105 3251 5176 discipulos
3307 5117 3470 5166 suos,

1858 5211 2169 5284 praecipiens
2205 5209 2279 5263 eis
2315 5214 2363 5260 et
2397 5205 2586 5262 dicens
2625 5219 2644 5258 :
2687 5199 2754 5252 1n
2798 5202 2935 5253 ciam
2985 5197 3216 5266 gentium
3240 5212 3304 5252 ne
3336 5191 3476 5245 abie-

1859 5306 1993 5352 νέης-
2036 5314 2091 5350 ρι
2115 5304 2168 5346 in
2197 5298 2418 5344 homilin
2447 5291 2734 5340 Πναησοιῖί
2805 5289 3096 5332 Ποοὸηηηιυῖἒ
3128 5289 3380 5332 "nmina!
3424 5291 3474 5320 nl
