4010 6330
528 446 672 515 ton

1371 440 1707 507 emanant
1740 442 1955 506 unum.
1996 430 2316 504 ARClilEi’.
2359 432 2723 505 arescunt
2768 430 2990 503 tanta.

3678 448 3808 508 me

540 573 1114 651 pervenienshualiter
1163 572 1327 637 vivat,
1359 555 1434 627 iet
1485 568 1625 627 bene
1670 562 1859 624 viVens
1892 562 2126 638 qualiter
2152 563 2205 626 Α
2232 558 2582 630 fanguorum,
2636 561 2892 631 gaudium
2941 560 3253 651 hominum,
3309 564 3601 634 temperies
3649 568 3803 631 acris,

539 666 754 739 doceat,
780 678 837 727 et
872 676 1019 725 recte
1055 666 1255 722 docens
1281 660 1652 721 infirmitatem
1679 672 1832 719 suam
1882 654 2123 733 quotidie

538 773 739 839 quanta
762 760 1196 820 consideratione
1233 767 1544 832 cognoscat,
1594 758 1786 815 beatus
1825 755 2121 828 Gregorius

535 852 592 912 in
632 850 893 912 Pastorali
936 850 1123 925 regula
1170 846 1501 908 sufﬁcienter
1561 858 1617 907 et
1674 846 2117 921 eloquentissime

533 946 711 1004 docet.

603 1039 730 1095 CAP.
766 1028 874 1095 VII.
927 1037 1115 1106 Qualis
1156 1034 1390 1108 denique
1418 1032 1512 1093 rex
1542 1028 1734 1093 debeat
1755 1044 1893 1100 esse,
1925 1028 2118 1092 beatus

528 1124 832 1199 Cyprianus
863 1127 917 1182 in
946 1141 1090 1183 nono
1119 1116 1414 1183 Abusionis
1444 1124 1619 1199 gradu
1650 1127 1985 1183 demonstrat
2019 1126 2115 1181 do-

518 1222 657 1274 cens
682 1218 820 1291 (cap.
846 1217 902 1289 9)
928 1236 940 1271 :
973 1218 1219 1273 «Eretum
1250 1220 1431 1289 regem
1454 1233 1562 1273 non
1587 1216 1854 1289 iniquum,
1876 1218 1971 1274 sed
1999 1232 2117 1272 cor-

531 1316 799 1365 rectorem
844 1307 1152 1378 iniquorum
1202 1321 1322 1363 esse
1364 1314 1595 1379 oportet.
1649 1304 1779 1364 lnde
1822 1309 1877 1363 in
1915 1315 2113 1364 semet—

522 1399 643 1471 ipso
680 1394 918 1456 nominis
967 1399 1051 1454 sui
1100 1390 1415 1470 dignitatem
1469 1398 1741 1455 custodire
1793 1399 1972 1455 debet.
2008 1396 2116 1455 Νοο

524 1492 649 1548 men
704 1491 849 1547 enim
904 1488 1053 1562 regis
1106 1482 1541 1547 intellectuaiiter
1592 1491 1698 1547 hoc
1755 1491 1996 1557 retinet,
2057 1498 2115 1545 ut

523 1582 783 1657 subjectis
826 1575 1081 1640 omnibus
1128 1586 1363 1642 rectoris
1407 1582 1641 1641 ofﬁcium
1690 1592 1963 1656 procuret.
2007 1582 2111 1639 Sed

521 1673 757 1746 qualiter
782 1675 918 1731 alios
950 1664 1225 1747 corrigere
1253 1675 1475 1746 poterit,
1507 1677 1601 1746 qui
1630 1676 1878 1747 proprios
1910 1688 2107 1743 mores,

520 1783 589 1825 ne
636 1767 807 1839 iniqui
837 1768 967 1836 sint,
1023 1782 1132 1824 non
1174 1766 1445 1840 corrigit?
1487 1767 1753 1836 Quoniam
1802 1764 1855 1824 in
1898 1764 2109 1841 justitia

518 1862 665 1933 regis
702 1858 974 1918 exaltatur
1015 1856 1233 1928 solium,
1264 1866 1320 1918 et
1348 1860 1402 1918 in
1434 1863 1667 1919 veritate
1698 1863 1841 1935 regis
1870 1856 2108 1918 solidan-

2228 653 2494 709 Serenitas
2539 651 2728 719 maris,
2760 656 2925 709 terra:
2948 648 3271 719 fecunditas,
3315 653 3566 710 solatium
3606 666 3804 727 paupe-

2220 748 2367 810 rum,
2401 738 2690 800 htereditas
2723 739 2978 813 filiorum,
3020 752 3077 799 et
3115 743 3435 817 sibitnetipsi
3466 760 3595 817 spes
3620 744 3808 806 fcitum

2223 831 2596 897 beatitudinis.
2623 836 2873 894 Attamen
2898 838 3037 894 sciat
3062 852 3176 903 rex,
3203 836 3346 909 quod
3369 836 3515 896 sicut
3540 840 3593 895 in
3620 840 3807 898 throno

2224 928 2502 984 hominum
2540 929 2751 1000 primus
2785 928 3112 984 constitutus
3143 936 3246 995 est,
3275 930 3354 985 sic
3377 928 3433 984 et
3457 930 3512 984 in
3539 932 3740 1003 pinnis,
3767 935 3805 988 si

2213 1020 2482 1092 justitiam
2513 1037 2620 1078 non
2644 1021 2858 1088 fecerit,
2888 1023 3181 1093 primatum
3226 1022 3512 1079 habiturus
3548 1031 3657 1080 est.
3687 1025 3807 1081 0m-

2220 1128 2319 1172 nes
2352 1124 2585 1186 namque
2621 1122 2975 1186 quoscunque
3011 1120 3331 1185 peceatores
3367 1117 3468 1172 sdb
3494 1131 3555 1173 se
3582 1117 3642 1172 in
3671 1130 3805 1188 pra:-

2221 1210 2361 1266 senti
2392 1202 2600 1277 habuit,
2629 1223 2795 1279 supra
2820 1218 2883 1264 se
2908 1208 3067 1264 modo
3099 1203 3431 1279 implacabili
3452 1208 3508 1264 in
3532 1208 3628 1265 illa
3655 1226 3808 1282 prem

2216 1299 2400 1357 futura
2427 1298 2669 1358 habebit.
2822 1310 2829 1313 ‘

2289 1394 2419 1451 Cu.
2450 1392 2581 1450 Vill.
2629 1408 2648 1446 t
2668 1384 2737 1450 Et
2775 1402 2962 1451 sextus
2988 1392 3287 1451 Abnsionis
3306 1393 3513 1466 gradus
3540 1404 3651 1461 est,-
3673 1414 3693 1446 ν
3724 1397 3808 1466 qui

2167 1501 2180 1517 ⁸
2216 1502 2324 1543 non
2378 1486 2551 1542 solum
2600 1486 2733 1558 regi,
2784 1487 2879 1542 sed
2903 1490 2958 1542 et
2999 1486 3268 1552 omnibus,
3321 1487 3414 1558 qui
3463 1488 3809 1543 dominorum

2216 1587 2513 1636 censentur
2563 1579 2801 1643 nomine,
2853 1579 3121 1644 comenit,
3179 1599 3198 1631 r
3234 1577 3487 1637 dominus
3536 1581 3665 1636 sine
3709 1583 3810 1635 tir-

2214 1678 2369 1730 tute:
2400 1674 2523 1744 quia
2573 1670 2710 1730 nihil
2750 1656 2966 1745 proficit
2992 1674 3307 1730 dominandi
3331 1674 3542 1730 habere
3576 1674 3809 1745 potesta-

2215 1775 2344 1834 tem,
2379 1766 2425 1822 si
2466 1760 2719 1823 dominus
2750 1768 2866 1837 ipse
2894 1782 3001 1822 non
3029 1765 3230 1822 habeat
3274 1765 3502 1823 virtutis
3546 1764 3806 1839 rigorem.

2214 1857 2319 1916 Sed
2346 1860 2435 1916 hic
2459 1858 2679 1916 virtutis
2706 1860 2874 1933 rigor,
2906 1874 3013 1916 non
3042 1866 3154 1915 tam
3179 1858 3437 1917 exteriori
3465 1856 3804 1927 fortitudine,

519 1960 608 2005 tur
634 1950 997 2024 gubernacula
1037 1948 1382 2026 populorum.
1415 1951 1632 2012 Iustitia
1662 1962 1794 2012 vero
1826 1948 1970 2029 regis
1998 1965 2102 2022 est,
2132 1950 2184 2020 ι
2208 1964 2331 2023 quae
2359 1961 2413 2010 et
2444 1952 2559 2022 ipsa
2590 1952 2948 2009 saecularibus
2983 1950 3217 2009 dominis
3248 1952 3561 2011 necessaria
3588 1962 3694 2019 est,
3734 1955 3809 2009 iu-

518 2046 789 2102 neminem
842 2046 1041 2119 injuste
1090 2060 1188 2119 per
1232 2048 1531 2120 potentiam
1590 2050 1926 2121 opprimere,
1986 2049 2103 2105 sine

517 2148 872 2211 personarum
922 2138 1237 2213 acceptione
1293 2143 1435 2199 inter
1482 2142 1653 2199 virum
1702 2152 1753 2200 et
1796 2142 2100 2216 proximum

514 2244 674 2288 suum
706 2227 852 2300 iuste
888 2224 1172 2303 judicare:
1201 2235 1448 2303 advenis,
1488 2242 1544 2292 et
1569 2232 1804 2308 pupillis,
1840 2236 1897 2292 et
1922 2235 2101 2290 viduis

514 2321 854 2380 defensorem
895 2340 1037 2392 esse,
1080 2325 1223 2381 furta
1278 2326 1555 2395 cohibere,
1587 2328 1851 2383 adulteria
1883 2327 2096 2399 punire,

508 2413 727 2485 Iniquos
760 2428 868 2472 non
894 2416 1158 2486 exaltare,
1208 2418 1512 2491 impudicus
1561 2428 1616 2477 et
1655 2408 1952 2478 histriOnes
1990 2437 2098 2477 non

511 2507 738 2575 nutrire,
772 2507 969 2580 impiOs
996 2508 1061 2567 de
1094 2521 1239 2569 terra
1267 2512 1517 2584 perdere,
1547 2504 1852 2583 parricidas
1880 2522 1933 2569 et
1970 2522 2097 2585 per-

507 2604 752 2669 ,urantes
772 2602 955 2660 vivere
978 2616 1087 2661 non
1111 2594 1311 2674 sinere,
1341 2602 1612 2663 Ecclesias
1636 2606 1944 2670 defendere,
1968 2612 2101 2680 pau-

506 2705 665 2763 peres
705 2688 1063 2769 eleemosynis
1097 2696 1265 2766 alere,
1306 2696 1482 2770 iustos
1510 2707 1672 2772 Super
1698 2701 1847 2773 regni
1880 2701 2094 2773 negotia

507 2783 859 2853 constituere,
909 2798 1068 2845 senes
1110 2798 1165 2845 et
1207 2790 1479 2864 sapientes
1502 2800 1556 2849 et
1579 2780 1790 2851 sobrios
1834 2793 2092 2850 consilia-

506 2873 613 2932 rios
664 2876 889 2946 habere,
940 2890 1223 2952 magorum
1272 2888 1325 2938 et
1368 2876 1703 2940 hariolarum
1748 2878 2094 2957 pythonissa-

504 2978 734 3040 rumque
768 2960 1249 3043 superStitionibus
1278 2992 1386 3032 non
1421 2977 1725 3044 intendere,
1757 2974 2091 3034 iracundiam

503 3056 743 3128 diderre,
776 3058 1010 3131 pati-iani
1053 3062 1266 3120 fortiter
1291 3072 1347 3122 et
1363 3058 1510 3137 iuste
1536 3072 1725 3123 contra
1750 3062 2094 3126 adversarios

502 3142 814 3218 defendere,
844 3158 943 3224 per
967 3150 1150 3210 omnia
1178 3150 1231 3210 in
1256 3156 1367 3214 Deo
1391 3156 1685 3226 confidere,
1715 3156 1961 3232 prosperi
1971 3158 2094 3217 tati-

501 3234 602 3299 bus
628 3243 871 3299 animum
921 3258 1026 3301 non
1068 3244 1303 3318 elevare,
1335 3246 1531 3308 cuncta
1559 3250 1790 3309 adversa
1820 3253 2094 3324 patienter

2209 2036 2372 2114 diget,
2411 2058 2575 2113 quam
2604 2044 2771 2098 animi
2813 2043 3061 2101 interiori
3098 2040 3418 2102 fortitudine“
3452 2045 3614 2102 bonis
3646 2048 3806 2103 niuri-

2204 2135 2307 2190 bus
2332 2133 2577 2191 exerceri
2602 2134 2785 2192 debet.
2811 2134 2968 2208 Saepc
2990 2137 3133 2192 enim
3167 2134 3488 2195 dominandi
3515 2146 3618 2213 per
3643 2142 3803 2196 animi

2203 2226 2588 2299 negligentiam
2633 2228 2886 2300 perditur
2917 2222 3197 2297 fortitudo,
3255 2232 3400 2288 sicut
3444 2231 3504 2287 in
3552 2229 3679 2288 Heli
3729 2240 3808 2289 sat-

2203 2323 2421 2380 cerdote
2462 2318 2669 2380 factum
2697 2323 2869 2381 fuisse
2902 2326 3290 2397 ednfprobatnr
3328 2322 3382 2399 (l
3412 2320 3548 2399 Reg.
3585 2326 3804 2400 rt):qui

2202 2415 2329 2470 dum
2362 2416 2654 2474 severitate
2672 2412 2862 2487 iudicii
2891 2424 3183 2491 peccantes
3211 2414 3352 2474 filios
3388 2424 3498 2476 non
3538 2420 3802 2489 coercuit,

2200 2507 2257 2562 in
2304 2524 2495 2565 eorum
2534 2502 2831 2566 vindictam
2883 2504 3165 2580 Dominus,
3215 2510 3361 2567 velut
3404 2514 3801 2581 consentienti,

2200 2599 2463 2658 ferociter
2485 2615 2594 2658 non
2624 2596 2885 2676 pepercit.
2918 2600 3047 2660 Tria
3077 2614 3205 2678 ergo
3232 2602 3548 2662 necessaria
3585 2608 3686 2663 hos
3712 2608 3798 2680 qui

2200 2692 2548 2750 deminantur
2574 2692 2799 2767 Lhabe‘re
2841 2702 3087 2768 oportet,
3147 2705 3407 2755 terrorem
3459 2698 3700 2764 scilicet,
3749 2710 3799 2756 et

2199 2785 2621 2855 ordinationem,
2650 2797 2705 2844 et
2734 2802 2998 2844 amorem.
3045 2785 3161 2861 Nisi
3195 2790 3343 2846 enim
3374 2794 3597 2848 ametur
3635 2790 3797 2848 demi-

2197 2892 2300 2933 nus
2331 2879 2540 2951 pariter
2565 2888 2621 2936 et
2646 2888 2944 2949 metuatur,
2992 2883 3265 2939 ordinatio
3294 2878 3522 2940 minime
3549 2888 3796 2942 constare

2197 2962 2342 3025 illius
2361 2966 2557 3041 potest.
2588 2969 2693 3027 Per
2716 2968 2981 3030 beneficia
3011 2988 3143 3046 ergo
3174 2984 3229 3030 et
3265 2971 3653 3033 ad‘abilitatem
3680 2990 3795 3047 pro-

2197 3062 2351 3118 curet
2394 3066 2452 3119 ιιι
2489 3054 2763 3137 diligatur,
2795 3074 2851 3122 et
2880 3074 2979 3138 per
2998 3060 3175 3138 justas
3203 3066 3494 3136 vindictas,
3528 3078 3649 3125 non
3670 3080 3790 3141 pro-

2195 3154 2331 3227 pria:
2377 3153 2609 3228 injuriae,
2657 3158 2755 3215 sed
2794 3152 2928 3230 legis
2970 3156 3089 3227 Dei,
3139 3158 3356 3216 studeat
3394 3160 3458 3217 ut
3499 3164 3789 3218 metuatur.

2195 3245 2493 3319 Propterea
2543 3254 2761 3323 q’doque
2809 3251 2940 3307 dum
2988 3252 3144 3308 multi
3195 3250 3439 3324 pendent
3474 3255 3533 3310 in
3563 3256 3652 3324 eu,
3686 3256 3795 3327 ipse

500 3330 755 3403 tolerare,
808 3324 969 3393 fldem'
1012 3328 1335 3397 catholicam
1379 3340 1431 3399 in
1477 3338 1642 3400 Deum
1682 3320 1904 3416 habere,
1954 3342 2092 3405 filios
2116 3320 2166 3398 α
2197 3336 2311 3393 Deo
2355 3320 2637 3397 adhaerere
2671 3320 2863 3408 debet,
2896 3334 2993 3414 ii“?
3025 3320 3267 3398 mum—ﬂ
3297 3338 3563 3400 θσσδίυΐπ
3597 3320 3793 3402 Obliga“

498 3436 624 3481 suos
656 3426 763 3480 non
790 3422 974 3483 sinere
1017 3429 1180 3501 impie
1218 3430 1401 3505 agere,
1447 3430 1613 3492 certis
1644 3426 1794 3493 ho‘ris
1821 3418 2087 3495 orationi.

496 3512 892 3589 bnsinsistere‘,
944 3529 1073 3580 ante
1118 3526 1282 3582 horas
1317 3534 1588 3601 congruas
1624 3516 1804 3587 cibum'
1848 3532 1956 3589 non
1992 3540 2090 3606 gu-

496 3620 663 3671 stare.
718 3612 811 3671 νώ
850 3606 987 3672 enim
1026 3612 1201 3686 terrm,
1247 3620 1401 3693 cujus
1436 3640 1528 3678 rea:
1555 3641 1685 3695 puer
1722 3636 1819 3691 est,
1848 3639 1894 3682 ct
1935 3627 2086 3700 cujus

495 3706 751 3779 orincipes
797 3725 951 3765 mane
999 3706 1277 3794 co'inedunt
1314 3700 1512 3789 (Εόειε.
1547 3734 1606 3785 x,
1634 3698 1746 3791 i6).
1776 3712 1903 3777 Hac
1933 3698 2084 3794 regni

459 3874 472 3884 .
492 3796 906 3870 prosperitatem
935 3800 987 3859 in
1017 3792 1275 3876 prasenti
1314 3798 1541 3875 faciunt,
1581 3821 1635 3866 et
1662 3827 1843 3883 regem
1873 3815 1941 3870 ad
1968 3792 2082 3870 cte-

491 3891 647 3946 lestia
689 3908 854 3966 regna
898 3894 1124 3953 meliora
1173 3886 1497 3970 perducunt.
1541 3896 1645 3971 Qui
1684 3920 1816 3962 vero
1855 3912 2081 3980 regnum

490 3997 599 4038 non
630 3984 927 4043 secundum
970 3989 1112 4046 hanc
1152 3980 1324 4065 legem
1357 3984 1657 4068 dispensat,
1692 3999 1892 4056 multas
1915 4001 2081 4056 nimi-

490 4087 609 4128 rum
642 4074 1001 4136 adversitates
1025 4079 1240 4153 imperii
1273 4072 1543 4142 tolerabit.
1570 4074 1774 4145 Idcirco
1800 4080 1950 4146 enim
1974 4107 2078 4162 pax

400 4242 405 4243 γ
488 4178 630 4235 saepe
676 4169 997 4239 populorum
1038 4176 1326 4245 rumpitur,
1365 4186 1421 4233 et
1454 4167 1778 4238 offendicula
1811 4184 1974 4240 etiam
2012 4168 2079 4242 de

488 4269 657 4327 regno
698 4260 1050 4329 suscitantur,
1106 4271 1377 4322 terrarum
1418 4285 1634 4341 quoque
1666 4272 1873 4331 fructus
1918 4267 2077 4331 dimi-

485 4358 744 4420 nuuntur,
776 4362 831 4409 et
856 4356 1077 4411 servitia
1107 4358 1427 4429 populorum
1460 4362 1886 4434 praepediuntur,
1918 4362 2073 4424 multi

484 4432 539 4493 et
571 4432 709 4496 varii
747 4436 962 4525 dolores
1002 4449 1423 4517 prosperitatem
1454 4432 1605 4525 regni
1646 4432 1912 4523 inficiunt,
1943 4453 2073 4514 cha-

485 4530 671 4617 roruni
720 4526 775 4588 et
829 4524 1121 4591 liberorum
1178 4550 1381 4596 mortes
1435 4524 1712 4600 tristitiam
1762 4544 2069 4617 conferunt,

2198 3430 2319 3501 tun,
2348 3432 2439 3507 qui
2467 3435 2537 3491 ad
2573 3437 2839 3507 portanda
2869 3428 3165 3492 iituitut‘um
3194 3436 3385 3505 onera,
3418 3436 3605 3510 ipsum
3634 3438 3791 3495 vernn

2193 3523 2477 3582 fortiorem
2523 3520 2794 3582 solidavit.
2847 3518 3087 3584 Paratus
3134 3526 3303 3596 enim,
3344 3526 3452 3585 itisi
3483 3526 3789 3587 neaeram

2190 3614 2462 3689 ﬁrmetur,
2505 3629 2560 3677 et
2603 3612 2763 3678 alicui
2797 3612 3010 3677 fortiori
3040 3616 3338 3688 adimi-eat,
3370 3628 3538 3679 mune
3566 3622 3709 3695 quod
3736 3622 3783 3679 in

2189 3722 2256 3769 eo
2297 3708 2491 3785 pendet
2540 3714 2651 3770 cito
2690 3708 2910 3780 labitur,
2943 3708 2998 3770 et
3024 3706 3141 3784 ipse
3169 3707 3383 3769 solutus
3408 3720 3441 3769 a
3469 3710 3659 3787 rigere
3680 3724 3785 3771 stre

2188 3800 2464 3862 firmitatis
2486 3814 2609 3863 eum
2639 3804 2897 3863 oneribus
2932 3796 3001 3862 ad
3032 3808 3233 3863 terram
3270 3804 3568 3864 delabitur.
3613 3805 3708 3864 Sic
3732 3818 3784 3864 et

2185 3899 2461 3970 princeps,
2502 3900 2610 3956 nisi
2649 3915 2748 3956 suo
2775 3899 3047 3955 conditori
3082 3894 3441 3971 pertinaciter
3469 3900 3779 3963 alluserit,

2184 3998 2239 4043 et
2284 3989 2417 4062 ipse,
2450 3997 2503 4048 et
2547 4000 2715 4047 omne
2744 3980 2890 4063 Quod
2932 3982 3197 4058 continet,
3230 3984 3340 4047 cito
3373 3986 3616 4061 deperit.
3644 3992 3777 4060 Qui.

2184 4070 2309 4136 dam
2348 4096 2582 4152 namque
2611 4096 2713 4154 per
2736 4076 3049 4139 dominandi
3086 4076 3321 4139 officium
3361 4078 3487 4155 plus
3534 4085 3653 4142 Deo
3691 4094 3780 4156 Ip-

2180 4172 2545 4244 propinquant
2580 4193 2592 4229 ε
2641 4175 2863 4245 quidam
2903 4174 3160 4247 imposito
3200 4172 3304 4231 sibi
3351 4174 3642 4250 dignitatis
3690 4178 3781 4233 lto—

2179 4279 2312 4319 nore
2354 4263 2657 4323 deteriores
2702 4266 2858 4322 ﬁunt.
2909 4253 3122 4340 Moyses
3152 4268 3393 4339 namque
3431 4277 3664 4342 accepto
3690 4284 3780 4341 po-

2177 4342 2289 4427 puli
2333 4353 2531 4413 ducatu
2584 4352 2906 4414 familiarius
2956 4358 3051 4415 Dei
3102 4348 3475 4417 locationibus
3524 4360 3777 4419 utebatur

2178 4442 2377 4524 (Exod.
2412 4451 2608 4523 sxxii!)
2635 4470 2647 4505 :
2680 4440 2813 4507 Saul
2836 4458 2964 4509 rere
2990 4446 3132 4509 filius
3157 4440 3267 4518 Cis,
3301 4464 3600 4527 postquam
3631 4464 3779 4526 scep-

2174 4550 2258 4597 tra
2314 4541 2465 4611 regni
2525 4542 2805 4614 suscepit,
2858 4559 2956 4615 per
3019 4545 3404 4600 inobcdientiae
3460 4547 3772 4617 Superbiam

481 4616 717 4676 no'stiu'm'
750 4620 999 4681 in'c'ursus
1026 4628 1333 4695 provincias
1360 4626 1594 4704 undique
1617 4644 1853 4704 vastant,
1880 4616 2068 4696 bestiae
2094 4700 2141 4712 ,δ
2173 4635 2341 4691 Πθύῐη
2363 4620 2653 4709 οσρηιίῖῐυ
2676 4624 2801 4709 Heg.
2823 4640 2933 4709 XV).
2954 4628 3064 4693 Rex
3084 4636 3341 4697 Salomon
3363 4616 3775 4712 aestuamus-

482 4717 854 4772 armentorum
884 4726 940 4774 et
967 4734 1222 4789 pecorum
1269 4732 1460 4797 greges
1498 4700 1818 4797 dilacerant,
1838 4700 2065 4801 tempe-
2091 4700 2148 4762 Β
2180 4726 2279 4782 tris
2296 4728 2377 4782 Sui
2396 4722 2563 4782 David
2585 4700 2775 4783 sedem
2797 4700 3053 4796 obtinuit,
3072 4726 3217 4785 Deus
3240 4700 3391 4785 illum
3420 4700 3570 4786 uitri

480 4816 590 4879 stas
621 4804 765 4867 aeris
801 4817 855 4865 et
884 4806 1096 4885 hyemis
1127 4813 1341 4871 turbata
1370 4823 1552 4873 reran
1584 4810 1917 4878 fecunditate
1952 4839 2066 4879 ma-

476 4898 552 4956 ris
599 4884 900 4958 ministeria
943 4899 1278 4975 prohibent,
1335 4901 1390 4965 et
1440 4902 1731 4983 aliquando
1779 4908 2065 4971 fulminum

476 5006 616 5054 Ictus
646 5008 855 5072 segetes
881 5008 936 5056 et
964 4992 1218 5059 arborum
1251 4990 1411 5061 flores
1434 5015 1490 5061 et
1513 5009 1797 5080 pampinos
1819 5024 2066 5080 quosque

474 5098 729 5146 exurunt.
777 5090 953 5167 Super
988 5096 1167 5149 omnia
1210 5110 1341 5151 vero
1370 5098 1513 5170 regis
1545 5098 1808 5168 injustitia
1837 5111 1941 5156 no'n
1972 5118 2061 5157 so-

472 5191 582 5234 lum
620 5182 906 5252 praesentis
950 5183 1164 5257 imperii
1214 5178 1410 5243 faciem
1461 5176 1711 5256 oiiuscat,
1765 5192 1857 5247 sed
1891 5193 2056 5248 etiam

471 5264 609 5327 filiOs
646 5287 774 5329 suos
802 5284 856 5329 et
887 5283 1132 5346 nepotes,
1172 5292 1240 5332 ne
1265 5286 1389 5348 post
1419 5294 1477 5333 se
1506 5274 1658 5352 regni
1689 5274 2055 5338 hmredita’iem

471 5364 710 5431 teneant,
737 5363 1010 5423 obscurat.
1038 5354 1271 5441 propter
1289 5368 1561 5441 piaculum
1585 5371 1730 5428 enim
1754 5370 2057 5434 Salomonis

471 5470 699 5527 regnum
731 5457 923 5516 domus
949 5459 1116 5516 Israel
1150 5458 1411 5532 Dominus
1436 5446 1502 5520 de
1531 5458 1783 5523 manibus
1818 5464 2052 5526 filiorum

466 5543 583 5614 ejus
628 5544 907 5620 dispersit,
950 5558 1005 5607 et
1046 5561 1271 5624 propter
1297 5552 1563 5624 juStiliam
1601 5540 1767 5614 David
1804 5560 1943 5633 regis
1972 5552 2053 5618 lu-

465 5650 688 5725 cernam
711 5638 779 5697 de
800 5634 1010 5700 semine
1034 5632 1151 5715 eius
1174 5660 1387 5717 semper
1408 5636 1463 5703 in
1484 5634 1783 5708 Jerusalem
1814 5632 2050 5725 reliquit.

391 5724 430 5809 ’.λ
466 5718 608 5783 Ecce
630 5741 891 5799 quantum
914 5734 1121 5804 iustitia
1149 5739 1294 5809 regis
1317 5740 1513 5797 saeculo
1532 5732 1690 5809 valet,
1716 5745 2055 5804 intuentibus

357 5808 429 5859 ra"
464 5818 753 5906 perspicue
791 5833 959 5891 patet.
997 5820 1092 5883 Est
1128 5808 1270 5885 enim
1305 5847 1409 5901 pax
1438 5836 1779 5906 populorum,
1815 5848 2053 5899 tutamen

466 5898 678 5981 patriae,
705 5904 1019 5970 immunitas
1048 5906 1242 5987 plebis,
1272 5918 1669 5982 munimentum
1697 5931 1891 6002 gentis,
1921 5948 2052 5993 cura

2177 4818 2435 4876 mortales
2481 4820 2626 4876 Vettii
2663 4821 2729 4876 titl
2780 4821 3052 4878 numerosi
3096 4821 3281 4893 populi
3321 4818 3772 4894 gubernationem

2176 4912 2459 4985 sapientia:
2489 4920 2714 4970 munere
2755 4908 2946 4970 ditavit
2983 4906 3103 4986 (ΙΙΙ
3132 4908 3261 4988 Reg.
3312 4917 3417 4985 ιιι).
3449 4914 3772 4973 Econtrario

2175 5010 2305 5063 vero
2350 5004 2635 5062 Jeroboam
2680 5018 2869 5062 servus
2905 5000 3232 5072 Salamonis,
3283 5010 3576 5079 postquam
3620 5007 3766 5079 regni

2175 5096 2365 5153 domus
2397 5092 2565 5153 David
2593 5098 2879 5169 oecupavit
2909 5107 3140 5168 partem,
3182 5099 3251 5153 ad
3286 5098 3564 5155 idolorum
3599 5101 3767 5155 cultu-

2174 5194 2290 5241 ram
2340 5177 2529 5243 decem
2580 5176 2753 5244 tribus
2804 5184 2990 5256 lsrael,
3043 5194 3164 5260 quze
3207 5190 3365 5246 erant
3394 5192 3450 5246 in
3476 5196 3637 5262 parte
3674 5190 3765 5245 5η-

2172 5282 2360 5336 marite
2383 5280 2605 5336 attraxit
2647 5272 2767 5353 (HI
2791 5274 2920 5354 Reg.
2955 5283 3072 5353 tm).
3098 5277 3206 5339 Per
3229 5287 3349 5354 qua:
3375 5278 3629 5355 eitef'inla
3657 5285 3761 5339 eri-

2172 5364 2364 5427 denter
2404 5368 2723 5437 ostenditur,
2763 5374 3025 5445 quosdam
3072 5373 3126 5429 iri
3173 5373 3481 5432 subiimiOri
3514 5382 3658 5432 statu
3694 5377 3757 5431 ad

2170 5464 2431 5536 majorem
2474 5466 2865 5538 perfectionem
2905 5470 3172 5535 crescere,
3215 5466 3480 5541 quosdam
3508 5484 3639 5527 vero
3664 5478 3753 5542 ρετ

2167 5558 2519 5630 snpcrcilium
2558 5554 2943 5619 dominationis
2973 5556 3040 5617 ad
3067 5560 3339 5618 deteriora
3371 5562 3626 5620 defitierc.
3653 5558 3749 5618 Per

2164 5640 2311 5723 quod
2338 5656 2629 5723 utrumqtfe
2668 5646 3008 5723 intelligitur,
3039 5664 3134 5710 eos
3161 5650 3255 5725 qui
3279 5654 3349 5709 ad
3376 5650 3600 5710 meliora
3628 5670 3743 5708 cono

2162 5730 2519 5814 descendunt,
2563 5756 2664 5817 per
2711 5745 2967 5803 virtutem
3019 5748 3205 5813 animi,
3252 5756 3305 5803 et
3353 5749 3451 5804 Dei
3494 5750 3734 5805 auxilium

2165 5852 2322 5909 posse
2351 5830 2403 5894 id
2433 5837 2634 5905 facere,
2660 5847 2715 5895 et
2741 5850 2836 5895 eos
2862 5840 2955 5910 qui
2980 5841 3045 5895 ad
3071 5840 3339 5896 deteriora
3372 5842 3728 5901 devertuntnr,

2162 5936 2260 6005 per
2303 5934 2500 5991 mentis
2545 5930 2977 5992 imbecillitatem
3011 5936 3218 6015 pariter
3261 5940 3316 5992 et
3361 5935 3726 6010 negligentiam
