4010 6330
250 414 394 473 Nl?)

1042 402 1132 473 AD
1172 402 1539 477 El’lSCOPOS
1583 404 1667 476 ut:
1702 414 2195 481 lNSTlTUTlONE
2230 386 2763 498 ,CAROLouANNI.

3392 428 3528 490 1014

244 542 453 637 errare.
484 528 639 637 Elide
664 531 1022 637 eideminan
1067 522 1271 637 alisque
1317 526 1516 637 virtute
1568 533 1684 637 ﬁeri
1730 544 1838 593 non
1867 534 2225 605 Ablanditiis
2271 539 2592 613 cujusquam
2627 541 2877 599 scelerati
2923 545 3248 616 pelliciatur,
3288 548 3371 604 vel
3398 549 3531 605 adu-

246 627 447 693 ἀθέθίν
497 612 591 696 (ἰαί
640 622 898 679 ﬁrmem
950 620 1068 679 εῖηθ
1115 612 1211 679 De"
1265 622 1467 681 auxilio
1530 622 1837 684 "unalenus
1911 624 2234 691 'lationihus
2258 612 2581 707 decipiatur,
2621 612 3125 708 quiae‘stm-unusa
3154 612 3298 707 dato,
3334 648 3533 698 munus

245 710 433 779 habet.
469 718 573 788 Qui
596 717 799 775 etenim
833 708 1002 773 inulta
1030 712 1233 785 inetur,
1266 712 1311 772 si
1339 724 1448 775 non
1482 718 1646 776 habet
1679 716 1837 778 forti-

1943 712 1975 784 a
2014 727 2220 796 favore,
2251 744 2447 786 munus
2494 720 2561 786 ab
2598 726 2879 803 obsequio.
2911 726 2984 788 Et
3008 733 3131 789 ideo
3160 733 3319 791 debet
3354 734 3533 791 omnis

249 814 493 870 tudinem
524 808 714 878 animi,
748 816 867 894 non
886 809 1032 867 valet
1055 804 1109 865 id
1134 820 1316 881 agere,
1358 814 1614 883 quoniam
1643 822 1838 886 magna
1935 815 2103 891 judex
2133 837 2326 877 cavere
2368 837 2437 877 ne
2459 820 2667 894 justum
2690 820 2957 893 judicium
3001 824 3221 892 vendat,
3250 834 3344 882 aut
3373 827 3532 884 testis

248 904 465 974 magnis
513 890 994 968 infestationibus,
1046 898 1132 957 vel
1184 900 1603 960 adrersitatibus
1662 905 1839 960 solent

246 996 520 1052 laborare.
550 990 739 1052 Omnis
765 1004 895 1066 ergo
918 988 1012 1064 qui
1039 1000 1235 1064 praeest
1268 986 1371 1049 hoc
1394 990 1644 1065 primitus
1670 996 1839 1052 animi

249 1094 363 1144 tota
396 1086 695 1144 intentione
724 1090 996 1158 procuret,
1042 1082 1101 1141 ut
1125 1088 1223 1159 per
1251 1088 1431 1141 omnia
1461 1082 1528 1142 de
1554 1080 1648 1143 Dei
1686 1084 1841 1160 adju-

178 1174 189 1180 ’
246 1182 392 1239 torio
422 1176 645 1237 omnino
686 1188 795 1235 non
835 1176 1064 1235 dubitet.
1117 1174 1174 1234 Si
1223 1184 1459 1250 namque
1510 1162 1740 1251 coeperit
1784 1178 1840 1236 in

248 1264 464 1332 actibus
490 1272 602 1328 suis
641 1271 1019 1328 auxiliatorem‘
1048 1262 1249 1328 habere
1274 1258 1566 1328 Dominum
1590 1258 1839 1328 domino-

246 1374 406 1435 rum,
457 1364 639 1422 n’ullu‘s
685 1356 977 1422 hominum
1017 1362 1350 1434 contemptui
1395 1364 1591 1435 poterit
1639 1364 1842 1421 habere

246 1456 369 1531 ejus
400 1448 738 1516 dominatum
767 1477 779 1512 :
810 1448 934 1513 Non
959 1458 1096 1513 enim
1128 1465 1204 1512 est
1244 1466 1473 1529 potestas
1514 1450 1615 1513 nisi
1658 1470 1690 1512 ιι
1729 1446 1840 1512 Deo

247 1551 428 1625 (Rom.
462 1562 582 1619 xm,
614 1548 691 1623 Ι).
715 1546 836 1624 ipse
861 1552 1004 1606 enim
1031 1546 1207 1606 elevat
1228 1549 1294 1606 de
1320 1556 1561 1606 Stercore
1588 1556 1839 1622 egenum,

246 1655 307 1701 et
350 1644 544 1700 sedere
576 1632 707 1700 facit
761 1650 884 1699 eum
919 1639 1258 1715 principibus
1297 1642 1479 1715 p0puli
1506 1642 1587 1699 siti
1618 1662 1629 1696 :
1665 1646 1719 1697 ct
1750 1644 1845 1699 de-

242 1739 406 1809 ponit
452 1746 706 1810 potentes
748 1738 816 1793 de
856 1738 1004 1802 sede,
1047 1746 1105 1794 et
1150 1736 1355 1793 excitat
1399 1736 1633 1793 humiles
1656 1733 1839 1807 (Psat.

1942 930 2131 970 verum
2186 914 2576 981 testimonium,
2623 923 2716 970 aut
2765 914 3058 972 advocatus
3088 916 3295 988 justum
3328 928 3530 990 patro-

1944 998 2171 1079 cinium,
2215 1015 2270 1061 et
2292 1002 2642 1078 juriSperitus
2670 1023 2860 1064 verum
2903 1006 3188 1067 consilium
3210 1012 3430 1078 vendat,
3464 1027 3532 1069 ne

1941 1090 2110 1163 ludas,
2147 1097 2238 1169 qui
2267 1092 2544 1155 Christum
2595 1092 2688 1171 qui
2715 1108 2800 1156 est
2831 1101 3030 1158 veritas
3075 1111 3131 1157 et
3166 1096 3375 1173 iustitia
3404 1118 3533 1159 ven-

1943 1184 2099 1258 didit,
2131 1193 2311 1247 socius
2338 1184 2450 1247 iiat.
2477 1184 2547 1247 Et
2575 1206 2644 1247 ne
2671 1190 2958 1263 quisquam
2990 1193 3044 1248 in
3072 1184 3373 1264 principatu
3397 1210 3532 1266 quo-

1945 1300 2159 1356 cunque
2202 1286 2414 1356 positus
2458 1282 2860 1340 adulationibus
2898 1283 3218 1357 decipiatur,
3250 1284 3536 1356 diligenter

1945 1366 2188 1431 attendat
2217 1366 2361 1446 quod
2406 1366 2460 1430 in
2502 1373 2710 1447 Regum
2755 1367 2982 1431 historia
3018 1366 3217 1447 legitur
3245 1393 3258 1429 :
3285 1366 3534 1430 Benadab

1945 1469 2151 1540 fugiens
2185 1466 2452 1540 ingressus
2498 1477 2576 1523 est
2618 1462 2879 1523 civitatem
2924 1467 2979 1522 in
3025 1460 3349 1531 cubiculum,
3395 1464 3537 1535 quod

1945 1568 2057 1613 erat
2096 1552 2238 1612 intra
2267 1554 2592 1624 cubiculum,
2620 1556 2969 1629 dixeruntque
3016 1560 3065 1611 et
3091 1555 3226 1612 servi
3250 1554 3374 1611 sui:
3400 1548 3539 1610 Ecce

1946 1648 2267 1719 audivimus,
2312 1653 2449 1724 quod
2486 1669 2626 1723 reges
2654 1652 2842 1706 domus
2876 1642 3049 1706 Israel
3092 1646 3365 1704 clementes
3407 1648 3536 1703 sint.
3612 1702 3623 1710 ,

1946 1744 2221 1800 Ponamus
2251 1744 2425 1815 itaque
2460 1756 2639 1800 saccos
2660 1746 2714 1799 in
2736 1734 2927 1798 lumbis
2960 1736 3171 1808 nostris,
3204 1753 3250 1797 et
3273 1739 3539 1815 funiculo;

246 1843 398 1895 CXII;
435 1828 565 1885 Luc.
592 1828 652 1900 1)ς
678 1838 739 1885 ιιι
764 1829 1015 1886 Stlbdilus
1039 1828 1135 1884 ﬁat
1159 1828 1343 1886 omnis
1367 1830 1600 1886 lubntius
1628 1827 1845 1896 9605“
1886 1904 1897 1907 Α
1948 1836 2003 1890 in
2034 1834 2292 1907 capitibus
2339 1810 2554 1903 uostris,
2594 1848 2649 1890 ut
2688 1824 3022 1906 egrediantur
3051 1832 3119 1889 ad
3149 1810 3318 1906 regem
3345 1810 3539 1898 Israel,

245 1930 411 1994 egeat
434 1923 612 1979 omnis
636 1922 808 1994 gloria
838 1922 935 1978 Dei
958 1920 1009 1995 (I
1042 1920 1166 1979 Cori
1196 1920 1281 1994 ιι).
1309 1940 1331 1975 ι

321 2013 451 2071 Car.
473 2013 566 2070 1X.
597 2013 796 2082 Quales
819 2013 923 2071 sibi
949 2013 1210 2071 adhibere
1234 2014 1431 2071 debeat
1462 2021 1561 2070 rex-
1587 2012 1839 2071 consiliao

239 2110 385 2175 rios,
407 2110 501 2167 sed
545 2116 601 2165 et
627 2108 723 2175 illi,
755 2109 847 2179 qui
877 2109 934 2164 in
967 2109 1275 2181 principatu
1306 2110 1469 2182 positi
1518 2111 1720 2166 domini
1746 2127 1841 2182 apa-

239 2201 542 2272 pellantur,
590 2201 913 2257 Ambrosias
959 2202 1015 2256 in
1064 2201 1202 2258 libro
1248 2199 1560 2258 Oilieioram
1606 2186 1844 2258 ostendit

241 2293 390 2366 (Lib.
422 2309 481 2359 ιι,
512 2311 628 2364 cup.
660 2292 746 2365 i7)
773 2311 786 2347 l
830 2311 851 2345 ι
888 2292 1056 2360 Talis,
1085 2294 1358 2364 inquiens,
1395 2294 1556 2350 debet
1593 2298 1714 2350 ἔθεε
1748 2293 1840 2364 qui

242 2387 537 2442 consilium
565 2386 721 2442 alteri
768 2386 896 2452 dat,
923 2390 982 2441 ut
1021 2386 1258 2457 seipsnm
1290 2386 1521 2441 fortnam
1554 2386 1675 2441 aliis
1705 2399 1843 2455 pra:-

240 2480 379 2535 lmt
419 2478 485 2533 ad
517 2477 825 2549 exemplum
861 2477 1128 2534 bonorum
1183 2491 1432 2547 operum,
1484 2477 1539 2531 in
1572 2475 1839 2541 doctrina,

240 2574 306 2625 in
338 2570 666 2642 integritate,
697 2570 751 2625 in
797 2569 1062 2641 gravitate
1093 2587 1109 2624 :
1142 2578 1204 2623 ut
1228 2569 1301 2624 sit
1328 2567 1448 2638 eius
1490 2583 1673 2623 sermo
1701 2566 1844 2622 salu-

239 2667 364 2723 bris
415 2670 579 2737 atque
634 2662 1156 2736 irreprebonsibilis,
1202 2661 1489 2718 consilium
1535 2660 1688 2724 utile,
1733 2659 1844 2714 vita

243 2765 504 2827 ltonesta,
537 2759 811 2817 sententia
851 2758 1071 2814 decora.
1105 2755 1252 2812 Talis
1294 2756 1457 2825 igitur
1510 2754 1671 2809 debet
1723 2766 1847 2808 esse

241 2854 617 2918 consiliarius,
666 2851 759 2922 qui
790 2850 924 2910 nihil
971 2848 1293 2905 nebulosum
1324 2846 1540 2910 habeat,
1580 2844 1716 2900 nihil
1747 2842 1846 2898 fal-

244 2946 359 3014 lax,
402 2943 538 2999 nihil
567 2940 895 3009 fabulosum,
947 2940 1082 2997 nihil
1123 2938 1461 3003 simulatum,
1493 2937 1637 3008 quod
1680 2935 1847 2991 vitam

241 3043 370 3113 ejus
399 3054 464 3098 ac
487 3048 670 3097 mores
716 3038 946 3106 refellat,
990 3034 1126 3093 nihil
1169 3034 1475 3108 improbum
1504 3048 1568 3089 ac
1606 3031 1845 3087 malevo-

244 3136 385 3202 tum,
424 3134 569 3207 quod
594 3140 808 3189 avertat
846 3130 1208 3188 somniantes.
1236 3129 1357 3184 Alia
1383 3135 1510 3184 sunt
1535 3127 1680 3183 enim
1726 3138 1848 3197 qua:

244 3229 553 3303 fugiuntnr,
583 3225 689 3281 alia
728 3236 848 3297 quas
871 3230 1307 3282 contemnuntur.
1340 3220 1601 3292 Fugimus
1639 3231 1702 3274 ea
1727 3229 1849 3288 quas

1866 1904 1916 1985 θ
1944 1904 2171 2005 forsitan
2223 1922 2444 1982 salvabit
2498 1904 2959 1983 animas—nostras
3010 1912 3130 1997 (ΙΙΙ
3164 1904 3294 1995 Reg.
3321 1939 3412 1989 xx,
3446 1920 3540 1987 50,

1941 2010 2054 2091 51).
2088 2016 2205 2087 Quo
2244 2017 2387 2074 iacto
2433 2016 2686 2074 dixerunt
2728 2012 2798 2073 ad
2852 2031 3034 2089 regem
3083 2005 3250 2071 Israel
3292 2033 3304 2069 :
3345 2012 3543 2069 Servus

1942 2126 2065 2187 tuus
2117 2106 2368 2169 Benadab
2400 2110 2567 2168 dicit:
2607 2106 2782 2179 Vivat,
2811 2127 2903 2166 oro
2953 2120 3023 2177 te,
3052 2108 3233 2165 anima
3275 2124 3412 2163 mea.
3470 2092 3543 2160 Et

1942 2198 2030 2264 ille
2054 2208 2171 2263 ait:
2203 2205 2263 2263 Si
2307 2207 2478 2263 adhuc
2504 2200 2649 2272 vivit,
2681 2204 2848 2275 frater
2889 2219 3035 2258 meus
3064 2210 3159 2258 est.
3194 2196 3350 2269 Quod
3386 2214 3540 2254 acce-

1943 2308 2129 2372 perunt
2160 2299 2258 2353 viri
2287 2314 2381 2370 pro
2425 2294 2618 2364 omine,
2655 2306 2702 2351 et
2746 2296 3050 2367 festinantes
3096 2299 3387 2365 rapuerunt
3427 2302 3543 2345 ver-

1945 2393 2067 2445 bum
2094 2406 2160 2445 es;
2188 2406 2277 2444 ore
2316 2390 2430 2459 ejus
2461 2397 2615 2459 atque
2642 2386 2887 2441 dixerunt
2916 2400 2934 2439 :
2973 2380 3166 2439 Frater
3212 2391 3333 2436 tuus
3360 2379 3540 2435 Bena-

1946 2480 2067 2536 dab.
2103 2474 2171 2535 Et
2220 2479 2351 2535 dixit
2389 2474 2461 2535 eis
2499 2496 2591 2534 rea:
2635 2472 2844 2532 Israel:
2873 2470 2956 2530 Ite
2976 2482 3025 2531 et
3051 2464 3297 2529 adducite
3321 2488 3440 2527 eum
3468 2472 3540 2527 ad

1947 2592 2028 2629 me
2082 2570 2258 2645 (ibid.,
2300 2570 2389 2636 '52,
2423 2560 2536 2643 55).
2569 2566 2688 2639 Quo
2737 2564 3009 2634 veniente,
3053 2565 3262 2638 pepigit
3307 2578 3433 2621 cum
3467 2577 3534 2621 eo

1947 2668 2149 2747 fiedus,
2187 2677 2242 2723 et
2277 2666 2482 2723 dimisit
2525 2680 2672 2721 eum.
2704 2656 2860 2720 Unde
2916 2654 3122 2718 audivit
3164 2676 3196 2716 a
3228 2656 3536 2731 propheta:

1951 2764 2094 2833 Quia
2137 2763 2384 2819 dimisisti
2432 2763 2603 2818 virum
2652 2761 2869 2835 dignum
2917 2769 3085 2815 morte
3110 2754 3174 2814 de
3220 2775 3383 2813 manu
3428 2765 3543 2823 tua,

1950 2860 2050 2913 erit
2079 2858 2257 2912 anima
2292 2864 2382 2910 tua
2411 2871 2505 2925 pro
2535 2855 2712 2909 anima
2749 2853 2886 2924 ejus,
2916 2862 2963 2908 et
3005 2849 3230 2923 populus
3281 2860 3402 2905 tuus
3443 2864 3537 2919 pro
3622 2880 3629 2887 -

1948 2949 2141 3023 populo
2173 2947 2287 3016 ejus
2326 2947 2503 3023 (ibid.,
2536 2946 2648 3019 42).

2024 3041 2153 3099 Car.
2189 3039 2280 3096 XI.
2334 3038 2442 3097 Sed
2488 3047 2544 3095 et
2573 3037 2874 3095 cavendum
2923 3043 3007 3093 est
3049 3035 3431 3107 principibus,
3456 3048 3549 3115 _ne

1954 3132 2348 3191 sceleratorum
2377 3129 2633 3187 amicitiis
2665 3127 3083 3201 coniungantur,
3117 3125 3204 3184 vel
3231 3122 3547 3197 huiusmodi

1953 3230 2010 3285 in
2057 3227 2430 3284 familiaritate
2461 3223 2781 3296 suscipiant.
2814 3242 2832 3274 ι
2871 3221 3156 3288 Malorum,
3210 3220 3387 3290 inquit
3413 3219 3544 3275 bea-

244 3322 481 3397 possdhl
530 3324 747 3385 nocere,
798 3326 919 3390 quas
966 3317 1237 3374 malitiose
1277 3321 1506 3387 possunt
1547 3312 1604 3369 in
1647 3318 1846 3368 noxam

1956 3332 2039 3380 tus
2063 3320 2357 3391 Gregorius
2386 3317 2623 3390 (Pastor.
2653 3316 2729 3373 lib
2754 3332 2839 3384 nt,
2868 3330 2990 3386 cap.
3023 3314 3135 3397 23),
3171 3328 3296 3369 cum
3334 3312 3550 3368 incaute

248 3422 492 3490 serpere,
528 3423 589 3473 ut
621 3415 667 3473 si
715 3417 761 3471 is
796 3414 888 3486 qui
941 3406 1262 3477 consulitur,
1294 3408 1459 3466 dubia
1501 3407 1573 3464 sit
1614 3404 1743 3473 ﬁde,
1793 3410 1849 3460 et

245 3510 497 3585 pecuniae
524 3510 734 3577 avidus,
772 3515 833 3563 ut
873 3508 1044 3580 possit
1075 3504 1249 3577 pretio
1279 3502 1503 3569 mutsri,
1534 3501 1581 3556 si
1619 3498 1847 3570 injuria-

248 3622 369 3673 sus,
400 3600 490 3662 hic
519 3603 723 3678 fugitur
751 3608 817 3659 ac
843 3601 1161 3659 declinatur.
1190 3598 1292 3667 Qui
1336 3604 1467 3653 vero
1487 3592 1846 3665 voluptarius,

249 3701 646 3771 intemperans,
696 3702 752 3754 et
797 3696 842 3752 si
880 3694 1088 3752 alienus
1114 3708 1143 3749 a
1175 3691 1387 3759 fraude,
1423 3694 1603 3747 tamen
1653 3700 1851 3745 avarus

249 3802 308 3849 et
336 3792 585 3863 cupidior
622 3787 759 3843 lucri
788 3787 982 3857 turpis,
1031 3786 1123 3841 hic
1160 3783 1549 3841 contemnitur.
1579 3781 1733 3854 (Cap.
1760 3780 1850 3852 ll)

250 3885 390 3955 Quis
415 3883 561 3939 enim
606 3882 661 3936 in
683 3892 839 3936 emno
870 3879 1076 3935 fontem
1116 3876 1397 3947 requirat?
1424 3875 1547 3945 quis
1575 3890 1607 3929 e
1638 3873 1854 3929 turbida

253 3986 398 4047 aqua
446 3980 635 4044 potum
682 3969 1088 4043 petatiltaque
1113 3968 1204 4024 ubi
1254 3967 1470 4023 luxnria
1500 3973 1602 4033 est,
1627 3965 1718 4019 ubi
1767 3964 1851 4019 in-

257 4067 641 4139 temperantis,
680 4064 773 4120 ubi
818 4062 1078 4118 vitiorum
1123 4060 1390 4126 confusio,
1431 4058 1555 4129 quis
1596 4057 1723 4112 inde
1752 4056 1855 4113 sibi

255 4162 466 4234 aliquid
504 4158 862 4216 hauriendum
907 4155 1221 4212 existimet?
1271 4150 1404 4221 Quis
1445 4160 1551 4207 non
1595 4150 1860 4220 despiciat

256 4260 476 4311 morum
527 4249 911 4315 colluvionem,
941 4246 1063 4317 quis
1105 4244 1294 4301 utilem
1341 4252 1521 4299 causai
1550 4240 1740 4297 alienae
1762 4239 1855 4310 ju-

261 4346 429 4410 dicet,
462 4350 625 4415 quem
652 4340 799 4398 videt
843 4338 1093 4395 inutilem
1124 4338 1248 4392 vine
1293 4336 1446 4393 suae?
1475 4334 1610 4403 Quis
1654 4334 1857 4397 iterum

262 4434 591 4507 improbum,
624 4430 970 4498 malevolum,
1019 4427 1477 4484 contumeliosum
1528 4439 1635 4481 non
1665 4424 1855 4494 fugiat,

261 4528 416 4591 ει.ὴά
447 4526 748 4583 nocendum
780 4532 1033 4596 paratum
1054 4522 1079 4577 i
1104 4522 1229 4593 quis
1259 4534 1368 4577 non
1398 4530 1523 4575 eum
1566 4517 1714 4573 omni
1746 4524 1861 4572 stu-

265 4623 357 4679 dio
383 4621 666 4678 declinet?
688 4620 825 4689 Quis
850 4627 979 4675 vero
1010 4616 1261 4689 quamvis
1282 4615 1611 4671 instructum
1639 4612 1709 4667 sti
1731 4623 1860 4668 eon-

1952 3416 2207 3476 amicitiis
2231 3413 2539 3489 jungimur,
2567 3408 2739 3483 culpis
2765 3409 3018 3481 ligamur.
3064 3396 3219 3462 Unde
3261 3403 3545 3476 Iosophat,

1951 3509 2045 3582 qui
2096 3517 2174 3564 tot
2219 3508 2285 3563 de
2344 3511 2597 3560 anteacta
2652 3499 2764 3556 vita
2818 3496 3104 3569 praeconiis
3159 3493 3440 3558 attollitur,
3476 3492 3545 3548 de

1951 3598 2141 3655 Achab
2198 3596 2342 3668 regis
2399 3588 2640 3650 amicitia
2695 3604 2832 3662 pene
2880 3588 3155 3662 periturus
3208 3586 3543 3657 increpatur.

1953 3692 2051 3749 Cui
2084 3706 2115 3745 a
2148 3689 2375 3745 Domino
2400 3703 2501 3760 per
2526 3685 2848 3757 prophetam
2881 3678 3079 3739 dicitur
3106 3699 3121 3738 :
3151 3678 3324 3751 Impia
3347 3677 3547 3750 praebes

1955 3782 2238 3848 auxilium,
2271 3791 2320 3836 et
2346 3781 2425 3834 his
2455 3779 2545 3850 qui
2568 3778 2790 3834 oderunt
2814 3775 3097 3831 Dominum
3149 3771 3383 3828 amicitia
3419 3770 3550 3842 jun-‘

1954 3875 2091 3947 geris
2119 3886 2138 3926 .'
2165 3881 2213 3926 et
2268 3869 2465 3927 idcirco
2523 3870 2658 3924 iram
2696 3866 2911 3939 quidem
2953 3862 3163 3919 Domini
3217 3862 3503 3919 merebaris
3529 3901 3546 3928 ,

1953 3967 2046 4024 sed
2076 3965 2214 4020 bona
2242 3979 2397 4035 opera
2438 3965 2645 4017 inventa
2664 3968 2785 4015 sunt
2814 3960 2872 4013 in
2894 3965 2966 4024 te,
2994 3972 3055 4012 eo
3082 3954 3222 4027 quod
3270 3954 3550 4010 abstuleris

1957 4059 2098 4114 locos
2147 4057 2211 4111 ds
2253 4064 2393 4110 terra
2433 4050 2581 4108 Iuda
2623 4050 2709 4125 (II
2723 4047 2852 4106 Par.
2890 4050 3028 4121 xxx).-
3051 4046 3133 4103 Ab
3166 4040 3258 4104 illo
3286 4047 3432 4102 enim
3458 4046 3553 4118 qui

1959 4164 2169 4210 summe
2227 4156 2408 4206 rectus
2460 4154 2562 4211 est,
2605 4160 2671 4202 eo
2731 4144 2847 4216 ipso
2900 4139 3015 4215 iam
3060 4140 3371 4211 discrepat,
3438 4155 3546 4211 quo

1958 4254 2339 4313 perversorum
2370 4236 2624 4294 amicitiis
2657 4234 2769 4290 vita
2813 4240 2999 4289 nostra
3042 4230 3358 4287 concordat.
3406 4228 3547 4286 Hinc

1959 4334 2153 4401 David,
2182 4333 2312 4390 dum
2351 4340 2522 4388 totum
2552 4344 2611 4387 se
2637 4327 2707 4385 ad
2744 4320 2951 4383 fmdera
2980 4324 3130 4398 pacis
3157 4324 3385 4381 interna:
3407 4338 3541 4380 con-

1961 4428 2271 4499 stringeret,
2326 4432 2557 4482 testatur
2616 4421 2763 4493 quod
2814 4436 2939 4477 cum
2991 4418 3149 4475 malis
3192 4417 3541 4474 concordiam

1961 4538 2070 4578 non
2113 4528 2346 4586 teneret,
2393 4519 2581 4575 dicens
2612 4533 2625 4571 :
2656 4512 2848 4572 Nonas
2889 4514 2983 4587 qui
3020 4511 3243 4570 oderunt
3267 4519 3339 4578 te,
3377 4508 3542 4575 Deus,

1965 4614 2182 4670 oderam
2235 4612 2376 4678 illos,
2424 4620 2473 4666 et
2512 4625 2669 4680 super
2714 4608 2955 4663 inimicos
3007 4614 3126 4660 tuos
3181 4600 3551 4659 tabescebam?

265 4712 374 4770 silii
400 4720 579 4785 opem,
616 4687 884 4768 ditiicilem
927 4687 1110 4764 tamen
1154 4716 1379 4763 accessu
1408 4706 1637 4772 ambiat,
1666 4705 1723 4759 in
1753 4716 1861 4774 quo
1886 4687 1939 4747 D
1964 4709 2193 4780 perfecto
2237 4705 2357 4760 odio
2393 4704 2607 4759 oderam
2658 4700 2796 4768 illos,
2846 4698 3046 4754 inimici
3086 4696 3215 4766 facti
3259 4702 3380 4751 sunt
3424 4691 3554 4746 milii

268 4808 342 4864 sit
369 4804 499 4863 illud
518 4846 532 4873 ,
563 4808 819 4875 tanquam
864 4801 912 4858 si
940 4800 1063 4872 quis
1091 4814 1244 4870 aquze
1272 4798 1479 4855 fontem
1524 4796 1861 4869 prmcludut?

268 4896 410 4968 Quid
440 4898 584 4954 enim
614 4896 835 4970 prodest
875 4893 1079 4949 habere
1118 4892 1463 4963 sapientiam,
1496 4892 1541 4947 si
1571 4890 1860 4949 consilium

266 4989 480 5060 neges?
506 4987 567 5044 Si
605 4984 925 5043 consulendi
969 4983 1303 5039 intercludas
1329 4982 1565 5053 copiam,
1615 4982 1861 5038 clausisti

267 5066 496 5155 fontem,
525 5089 585 5138 ut
614 5096 714 5138 nec
756 5079 876 5135 aliis
918 5077 1126 5145 inﬂuat,
1177 5091 1279 5133 nec
1307 5076 1402 5133 tibi
1432 5076 1624 5148 prosit.
1670 5070 1862 5131 Admi-

270 5176 476 5232 randus
504 5173 639 5231 mihi
669 5176 725 5228 et
751 5171 1128 5242 suspiciendas
1155 5168 1520 5233 consiliarius,
1546 5176 1708 5241 quem
1732 5178 1862 5240 pro-

271 5268 440 5341 pitius
488 5265 751 5323 Dominus
799 5264 1048 5337 patribus
1094 5263 1273 5329 dedit,
1327 5261 1565 5319 offensus
1621 5262 1862 5318 abstulit.

272 5361 586 5433 Promptius
604 5369 784 5417 tamen
806 5372 907 5415 nos
919 5356 1068 5428 justo
1088 5357 1231 5425 viro,
1258 5362 1423 5426 quam
1446 5354 1700 5426 prudenti
1722 5344 1889 5409 cum?

275 5455 565 5512 mittimus.
594 5446 885 5511 Pulchrum
913 5458 999 5508 est
1023 5448 1187 5522 igitur
1215 5448 1356 5507 bene
1381 5448 1539 5515 Velle,
1585 5454 1641 5504 et
1668 5460 1736 5504 eo
1753 5445 1866 5503 lar-

275 5549 379 5623 giri
403 5547 627 5605 consilio
655 5553 716 5604 ut
741 5546 942 5619 prosis,
971 5558 1075 5601 non
1100 5554 1158 5600 ut
1179 5552 1396 5602 noceas.
1439 5560 1458 5597 ι

351 5642 481 5700 CAP.
511 5640 581 5698 Χ.
610 5638 651 5698 Δ
690 5638 884 5712 quibus
928 5656 1034 5696 una
1080 5656 1205 5697 cum
1256 5637 1469 5695 caeteris
1511 5633 1870 5708 pravitatibus

278 5730 467 5795 sc'rex
496 5738 690 5795 debeat
724 5736 1014 5805 custodire,
1056 5744 1112 5792 et
1140 5732 1328 5806 quales
1368 5732 1593 5789 comites
1624 5749 1687 5788 ac
1724 5728 1870 5803 judi-

279 5840 374 5890 ces
399 5833 597 5888 debeat
621 5831 976 5897 constituere,
1000 5837 1228 5886 sanctus
1248 5825 1583 5899 Aughstinus
1638 5826 1867 5883 demon-

279 5934 442 5996 strat,
474 5926 660 5985 dicens
693 5923 935 5983 :Caveat
988 5922 1261 5998 princeps,
1294 5936 1364 5979 ne
1413 5918 1731 5977 muneribus
1786 5916 1870 5974 vel

1968 4800 2142 4874 (Psol.
2174 4796 2553 4864 cunnum,
2586 4793 2702 4866 2‘2).
2752 4793 3005 4849 inimicos
3055 4797 3236 4845 autem
3283 4787 3379 4842 Dei
3426 4799 3550 4855 per-

1967 4893 2109 4949 fecto
2130 4891 2254 4947 odio
2279 4888 2460 4946 odisse
2483 4894 2588 4953 est,
2622 4885 2692 4941 ad
2718 4884 2862 4955 quod
2902 4881 3033 4937 facti
3073 4886 3200 4935 sunt
3229 4876 3477 4944 diligere,
3498 4881 3557 4929 et

1967 4983 2112 5054 quod
2152 4980 2359 5037 faciunt
2380 4978 2683 5050 increpare,
2716 4987 2893 5031 mores
2939 4983 3233 5043 pravorum
3280 4979 3551 5039 premere,

1966 5076 2091 5131 vitae
2119 5072 2396 5144 prodesse.
2427 5090 2447 5124 ι

2036 5168 2166 5225 ου.
2200 5165 2312 5222 XM.
2341 5163 2495 5233 Quod
2525 5178 2621 5219 rex
2661 5166 2884 5233 propter
2923 5150 3290 5211 ministerium
3317 5148 3550 5222 regium,

1967 5278 2068 5320 nec
2098 5261 2325 5334 quilibet
2350 5260 2645 5332 prinoeps,«
2668 5255 2832 5310 etiam
2881 5250 3294 5321 quibuscunque
3324 5244 3546 5316 propin-

1970 5354 2193 5427 quitatis
2231 5347 2727 5410 necessitudinibus
2754 5341 3098 5414 coniunctus,
3143 5347 3334 5396 contra
3358 5336 3550 5401 Deum,

1971 5458 2329 5518 sanctamque
2357 5443 2653 5501 Ecclesium
2680 5449 2844 5511 atque
2875 5434 3265 5509 rempublicam
3299 5445 3554 5504 perverse

1972 5539 2259 5612 agentibus
2306 5534 2504 5591 aiioctu
2535 5531 2738 5588 carnali
2765 5544 2991 5602 parcere
3017 5526 3235 5592 debeat,
3277 5537 3343 5578 es
3370 5518 3552 5597 verbis

1973 5630 2185 5689 Domini
2212 5627 2445 5685 dicentis
2474 5644 2487 5681 :
2518 5624 2622 5692 Qui
2653 5640 2757 5679 non
2793 5622 2903 5678 odit
2939 5629 3142 5692 patrem
3170 5630 3346 5683 suum,
3370 5621 3417 5669 et
3444 5627 3558 5666 ma-

1972 5733 2178 5793 trem,et
2209 5730 2448 5788 uxorem,
2480 5728 2529 5776 et
2561 5716 2723 5788 ﬁlios,
2746 5724 2794 5771 et
2825 5713 3034 5786 fratres,
3059 5720 3108 5766 et
3126 5724 3353 5775 sorores,
3381 5704 3553 5760 adhuc

1971 5833 2145 5877 autem
2172 5827 2222 5874 et
2255 5816 2488 5872 animum
2531 5827 2707 5877 suam,
2738 5825 2842 5863 non
2884 5814 3049 5878 potest
3087 5820 3234 5860 meus
3262 5816 3371 5857 esse
3399 5796 3558 5853 disci-

1936 5894 2126 5984 ⁸ριιιιω
2177 5908 2329 5984 (Luc.
2358 5923 2471 5979 χιι,
2503 5904 2616 5978 26),
2651 5904 2709 5961 in
2768 5900 2990 5960 homilia
3039 5895 3316 5968 Evangelii
3368 5893 3557 5949 beatus
