4010 6330
505 384 644 441 1015

1328 379 1663 439 IIINCMARI
1699 379 1914 437 RHEM.’
1951 379 2269 438 ARCHlEP.
2329 377 2693 437 OPUSCULA
2731 377 2961 434 VARIA.

499 497 799 568 Gregorius
847 498 1182 553 demonstrat
1233 497 1418 552 dicens
1465 497 1630 570 (hom.
1655 498 1748 569 57)
1776 517 1790 554 :
1823 515 1843 550 ι
1873 496 1932 552 Si
1982 497 2093 551 vim
2119 501 2171 563 Α
2199 510 2326 552 nem
2376 495 2687 551 redditurus
2723 503 2846 562 est,
2888 503 2950 550 ut
2985 493 3152 549 etiam
3193 485 3392 565 singuli
3431 494 3529 565 qui
3575 496 3680 550 sub
3721 513 3784 552 eo

500 589 758 660 prtecepti
810 588 1196 660 perpendimus
1222 631 1238 656 ,
1289 598 1582 660 utrumque
1642 605 1742 662 per
1797 591 2091 647 discretio-

499 693 625 735 nem
683 693 845 752 agere
881 679 1155 745 valemus,
1192 688 1253 735 ut
1307 695 1401 735 eos
1443 681 1535 750 qui
1575 681 1733 736 nobis
1775 682 1957 737 carnis
2000 696 2092 737 co-

502 771 757 842 gnatione
776 771 1049 842 conjuncti
1077 779 1224 837 sunt,
1264 781 1319 827 et
1347 786 1484 842 quos
1516 773 1792 843 proximos
1817 774 2089 840 novimus,

503 865 807 935 diligamus,
835 872 891 918 et
925 879 1061 934 quos
1107 865 1450 921 adversarios
1497 865 1552 920 in
1577 866 1664 920 via
1690 866 1787 921 Dei
1827 866 2090 937 patimur,

503 957 734 1011 odiendo
780 964 834 1011 et
887 954 1142 1026 fugiendo
1199 955 1530 1012 nesciamus.
1577 955 1745 1023 Quasi
1795 956 1942 1011 enim
1994 969 2093 1025 per

503 1052 686 1105 odium
729 1050 990 1122 diligitur,
1027 1051 1121 1121 qui
1154 1050 1450 1106 carnaliter
1483 1051 1717 1121 sapiens,
1757 1050 1887 1105 dum
1924 1065 2093 1121 prava

503 1143 660 1199 nobis
693 1143 913 1215 ingerit,
943 1158 1051 1198 non
1078 1143 1315 1198 auditur.
1346 1142 1574 1198 Ametur
1622 1142 1852 1213 quilibet
1897 1142 1953 1197 in
1987 1141 2093 1197 hoc

501 1235 705 1289 mundo
731 1235 896 1290 etiam
935 1235 1282 1290 adversarius
1307 1253 1319 1289 :
1346 1235 1440 1290 sed
1471 1234 1525 1290 in
1557 1235 1644 1289 via
1670 1235 1767 1290 Dei
1787 1234 2094 1290 contrarius

501 1342 611 1382 non
635 1335 847 1382 ametur
875 1327 1038 1382 etiam
1054 1327 1409 1399 propinquus,
1428 1337 1488 1382 ut
1513 1342 1578 1382 eo
1597 1327 1779 1382 verius
1801 1334 2095 1397 cognoscat

502 1419 695 1483 Deum,
727 1433 834 1487 quo
873 1418 929 1472 in
957 1416 1074 1487 ejus
1101 1432 1266 1474 causa
1290 1418 1563 1474 neminem
1590 1417 1948 1490 recognoscit.
1983 1436 2000 1468 ι

574 1511 704 1566 Car.
742 1509 876 1566 XIII.
917 1511 1070 1567 Sicut
1103 1527 1266 1583 supra
1305 1521 1388 1568 est
1427 1513 1662 1582 positum
1689 1554 1704 1579 ,
1759 1512 1906 1583 quod
1954 1510 2090 1566 nulli

505 1604 779 1666 sacerdoti
814 1618 940 1660 suos
972 1603 1137 1660 liceat
1166 1619 1406 1660 canones
1458 1605 1742 1674 ignorare,
1781 1618 1885 1659 nec
1933 1601 2092 1674 quid-

504 1711 667 1766 quam
697 1693 878 1749 facere
899 1735 915 1761 ,
945 1695 1089 1764 quod
1121 1693 1348 1751 Patrum
1382 1696 1554 1766 possit
1589 1695 1789 1768 regulis
1825 1696 2086 1750 obviare:

503 1787 578 1842 ita
608 1787 664 1842 in
690 1785 901 1858 legibus
929 1786 1102 1842 sacris
1131 1787 1409 1844 decretum
1449 1796 1570 1853 est,
1598 1797 1658 1842 ut
1693 1787 1838 1856 leges
1875 1786 2090 1842 nescire

499 1879 634 1934 nulli
667 1879 830 1935 liceat
849 1921 865 1946 ,
895 1887 991 1934 aut
1020 1895 1140 1950 qua:
1168 1889 1294 1934 sunt
1323 1887 1525 1934 statuta
1554 1887 1923 1935 contemnere.
1952 1879 2089 1935 Cum
2121 1872 2173 1936 Β

500 1969 650 2025 enim
675 1970 893 2036 dicitur,
919 1969 1049 2025 nulli
1079 1970 1242 2027 liceat
1263 1970 1410 2042 leges
1433 1971 1648 2028 nescire
1665 2013 1680 2037 ,
1710 1971 1798 2027 vel
1820 1985 1940 2041 quae
1965 1979 2093 2027 sunt

502 2070 708 2118 statuta
761 2072 1147 2130 contemnere,
1191 2063 1337 2119 nulla
1384 2080 1620 2135 persona
1665 2065 1721 2120 in
1765 2081 2093 2136 quocunque

502 2154 695 2211 ordine
729 2155 1031 2226 excipitur,
1063 2171 1186 2226 quae
1222 2156 1325 2212 hac
1362 2156 1636 2212 sententia
1673 2171 1780 2212 non
1818 2158 2094 2213 constrin-

501 2255 682 2317 gatur.
713 2242 945 2315 Oportet
971 2245 1116 2300 enim
1136 2286 1150 2311 ,
1182 2256 1243 2300 ut
1269 2246 1361 2316 qui
1383 2245 1551 2315 judex
1582 2256 1668 2302 est
1691 2245 1933 2315 iudicum
1966 2263 2094 2317 pau-

502 2351 666 2407 peres
705 2336 772 2390 ad
811 2352 871 2393 se
905 2338 1117 2409 ingredi
1154 2339 1470 2410 permittat,
1503 2347 1558 2393 et
1591 2338 1878 2411 diligenter
1909 2340 2091 2410 inqui-

502 2441 623 2497 rat,
647 2447 715 2487 ne
744 2429 885 2488 forte
912 2431 1020 2498 illi,
1047 2432 1138 2503 qui
1165 2434 1232 2488 ab
1259 2448 1324 2489 eo
1349 2433 1630 2489 constituti
1659 2419 1815 2499 sunt,
1841 2442 1895 2488 et
1919 2433 2094 2489 vicem

503 2522 620 2591 ejus
648 2539 811 2596 agere
837 2524 1036 2580 debent
1066 2525 1121 2581 in
1152 2525 1349 2597 populo
1367 2567 1382 2592 ,
1416 2526 1614 2597 injuste
1639 2535 1733 2582 aut
1761 2525 2095 2598 negligenter

501 2630 770 2686 pauperes
786 2615 896 2686 pati
915 2616 1296 2686 oppressiones
1318 2617 1656 2687 permittant,
1677 2626 1960 2687 terrorque
1976 2616 2093 2685 ejus

504 2707 722 2775 iniquos
759 2706 1117 2777 comprimat,
1157 2716 1211 2762 et
1247 2707 1536 2764 benevolos
1587 2718 1749 2780 atque
1788 2709 2094 2780 indigentes

508 2812 606 2851 sua
635 2797 963 2852 auctoritate
993 2797 1253 2856 sublevet.
1290 2798 1597 2856 Periculum
1629 2802 1829 2872 quippe
1861 2810 1946 2856 est
1975 2801 2094 2856 cui-

503 2887 667 2955 libet,
702 2887 937 2945 oiiicium
965 2906 1123 2946 suum
1161 2907 1258 2962 per
1287 2891 1421 2948 alios
1457 2893 1511 2947 in
1549 2902 1759 2948 tantum
1797 2909 2090 2964 peragere,

507 2989 568 3033 ut
606 2997 665 3036 se
701 2983 770 3037 ab
805 2997 872 3038 eo
907 2983 1116 3039 diutius
1153 2985 1460 3040 subtrahat.
1502 2985 1761 3055 Legimus
1796 2987 2096 3056 antiquitus

498 3073 717 3142 jndices
753 3075 806 3130 in
842 3085 1000 3146 porta
1038 3077 1105 3131 ad
1138 3077 1494 3148 judicandum
1533 3079 1773 3144 sedisse,
1811 3088 1868 3134 ut
1915 3079 2096 3135 nullus

507 3165 797 3221 accedendi
827 3165 1196 3223 difﬁcultatem
1225 3169 1471 3225 haberet.
1507 3168 1661 3225 Unde
1687 3169 1879 3225 beatus
1905 3170 2098 3225 Βία-ου

509 3271 706 3326 nymus
737 3256 790 3311 in
820 3254 1142 3313 Zachariam
1179 3259 1499 3330 prophetam
1542 3259 1561 3331 (
1586 3277 1704 3330 cap.
1731 3259 1808 3332 8)
1838 3279 1850 3315 :
1887 3279 1907 3312 ι
1941 3261 2096 3317 Veri-
2122 3241 2168 3304 C

508 3355 675 3403 tatem
696 3389 709 3413 ,
743 3349 955 3420 inquit,
988 3358 1043 3406 et
1073 3349 1336 3419 judicium
1373 3352 1524 3422 pacis
1551 3351 1794 3422 judicate
1830 3354 1884 3408 in
1923 3356 2098 3423 portis

504 3442 729 3498 vestris.
761 3440 822 3497 ln
845 3443 1055 3513 judicio
1087 3446 1263 3515 prima
1303 3445 1372 3500 sit
1407 3447 1612 3502 veritas
1646 3455 1811 3516 atque
1845 3446 2053 3514 justitia
2079 3487 2094 3514 ,

505 3531 702 3587 deinde
751 3544 1011 3604 sequatur
1067 3535 1460 3590 misericordia.
1512 3534 1667 3602 Quod
1717 3537 2001 3607 sequitur,
2042 3538 2096 3592 in

508 3622 683 3691 portis
714 3623 910 3677 vestris
931 3663 945 3687 ,
981 3623 1057 3677 illi
1093 3623 1412 3694 prophetico
1442 3625 1694 3695 congruit
1720 3642 1734 3680 :
1769 3624 2014 3682 Oderunt
2042 3628 2097 3682 in

505 3715 682 3783 portis
711 3716 1096 3786 corripientem
1116 3756 1132 3780 ,
1163 3725 1220 3770 et
1248 3717 1476 3771 verbum
1509 3727 1758 3773 sanctum
1796 3719 2098 3775 abominati

510 3815 639 3860 sunt
672 3807 875 3875 (Amos,
904 3807 990 3876 v).
1023 3807 1090 3862 Et
1118 3807 1172 3862 in
1202 3807 1308 3863 alio
1338 3807 1456 3863 loco
1483 3823 1497 3863 :
1530 3807 1645 3865 Non
1674 3809 2094 3878 confundentur,

509 3912 632 3949 cum
663 3895 952 3966 loquentur
982 3897 1217 3952 inimicis
1246 3899 1358 3952 suis
1385 3899 1436 3952 in
1467 3909 1622 3968 porta
1649 3899 1667 3970 (
1690 3898 1835 3956 Psal.
1864 3916 2030 3956 cxxrx
2051 3902 2093 3975 ).

507 3989 675 4044 David
705 4005 920 4061 quoque
943 3988 1224 4058 judicabat
1251 3991 1304 4046 in
1327 3992 1500 4062 portis
1517 4033 1532 4058 ,
1557 3994 1772 4063 quando
1797 3993 2097 4051 Abessalon

507 4081 794 4137 veritatem
825 4081 1018 4151 judicii
1054 4084 1440 4154 repromittens
1475 4085 1618 4155 patri
1659 4085 1915 4141 tendebat
1960 4086 2097 4142 insi~

511 4172 626 4228 dias
657 4171 749 4244 (Il
780 4171 906 4244 Reg.
932 4173 1078 4246 xu).
1114 4174 1184 4231 Et
1211 4176 1494 4244 quaeritur,
1523 4191 1690 4246 quare
1712 4177 1855 4248 apud
1882 4176 2098 4234 Iudaeos

510 4264 566 4316 in
599 4265 770 4333 portis
800 4265 955 4322 locus
982 4265 1148 4322 fuerit
1170 4265 1472 4335 judicandi.
1503 4266 1582 4322 Ne
1609 4278 1936 4340 cogerentur
1962 4270 2101 4340 agri-

511 4352 642 4408 col-.e
683 4354 887 4408 intrare
925 4355 1119 4418 urbes,
1155 4365 1210 4409 et
1247 4355 1463 4426 aliquod
1503 4358 1686 4414 subire
1721 4358 2095 4429 dispendium,

506 4443 718 4513 judiccs
748 4445 804 4498 in
834 4445 1006 4514 portis
1039 4447 1385 4512 residebant,
1421 4456 1482 4502 ut
1512 4456 1622 4503 tam
1663 4451 1902 4506 urbanos
1933 4467 2100 4522 quam

513 4537 746 4590 rusticos
771 4577 785 4600 ,
824 4545 878 4590 et
912 4536 965 4591 in
1001 4537 1151 4592 exitu
1188 4547 1243 4592 et
1278 4539 1501 4593 introitu
1539 4540 1691 4596 urbis
1724 4542 2011 4607 audirent,
2045 4551 2100 4598 et

2196 595 2324 644 sunt
2363 587 2598 642 ministri
2626 585 3061 658 diligentissime
3111 584 3178 640 ab
3223 599 3291 640 eo
3325 585 3699 655 inquirantur,
3735 601 3782 643 et

2196 682 2337 739 tales
2358 682 2782 744 constituantur,
2810 695 2879 736 ne
2900 679 3015 750 ipse
3039 692 3138 750 pro
3160 677 3242 731 eis
3259 677 3521 746 judicium
3545 679 3786 734 incurrat

2197 777 2457 835 divinum.
2518 777 2596 832 De
2640 773 2993 846 oppressione
3042 787 3342 843 pauperum
3389 772 3785 842 providendum

2195 883 2313 940 est,
2345 873 2471 944 quia
2501 873 2556 928 in
2585 887 2774 928 eorum
2807 869 3095 926 alIIictione
3129 870 3274 926 Deus
3301 868 3617 937 oﬂ‘enditur,
3652 873 3784 927 sicut

2193 963 2490 1019 Psalmista
2518 961 2658 1016 dixit
2686 980 2699 1016 :
2731 959 2956 1032 Propter
2995 961 3270 1014 miseriam
3309 961 3523 1030 inopum
3551 972 3602 1015 et
3631 963 3774 1032 genti

2197 1063 2308 1108 tum
2333 1069 2625 1125 pauperum
2654 1069 2791 1107 nunc
2818 1068 3102 1123 exsurgam
3121 1092 3136 1118 ,
3163 1052 3291 1105 dicit
3313 1050 3576 1106 Dominus
3601 1049 3787 1121 (Psal.

2198 1162 2254 1202 χι
2275 1188 2289 1213 ,
2316 1145 2407 1218 6).
2447 1145 2851 1202 Providendum
2887 1152 2974 1200 est
3009 1160 3079 1201 ne
3114 1143 3418 1216 aﬂligantur
3457 1145 3509 1199 in
3543 1143 3792 1201 aediliciis

2197 1236 2518 1310 superﬂuis,
2559 1238 2614 1293 in
2649 1237 2935 1294 exactione
2969 1236 3190 1304 hostili,
3228 1238 3274 1292 si
3306 1237 3450 1293 Deus
3475 1251 3668 1308 pacem
3691 1254 3794 1308 pro

2197 1343 2297 1385 sua
2345 1329 2722 1384 misericordia
2775 1328 3064 1396 tribuerit,
3122 1343 3193 1384 ne
3243 1338 3432 1384 contra
3491 1328 3796 1398 capitulum

2196 1423 2381 1479 domui
2421 1423 2766 1494 imperatoris
2805 1421 3019 1489 Caroli,
3079 1432 3140 1478 ut
3192 1439 3352 1480 nemo
3401 1422 3473 1479 ad
3522 1424 3795 1490 mallum,

2193 1516 2280 1571 vel
2333 1515 2401 1571 ad
2469 1511 2727 1587 placitum
2783 1525 3070 1586 cogeretur
3112 1518 3332 1584 venire,
3381 1516 3488 1572 nisi
3538 1518 3797 1580 scabini,

2193 1614 2251 1662 et
2281 1607 2376 1679 qui
2411 1623 2634 1665 causam
2669 1623 2827 1665 suam
2863 1609 3092 1681 quaerit,
3129 1617 3186 1665 et
3219 1609 3307 1666 cui
3345 1618 3643 1681 quaeratur.

2267 1741 2397 1800 Car.
2435 1741 2550 1801 XV.
2591 1744 2832 1803 Comites
2861 1754 2922 1801 et
2952 1746 3176 1812 vicarii,
3216 1747 3303 1804 vel
3351 1748 3517 1804 etiam
3568 1748 3796 1815 decani,

2197 1833 2431 1906 plurima
2461 1835 2663 1906 placita
2689 1839 3056 1904 constituant,
3089 1847 3144 1893 et
3173 1839 3218 1894 si
3250 1839 3327 1894 ibi
3352 1855 3462 1895 non
3499 1842 3795 1904 venerint,

2197 1928 2644 1999 compositionem
2677 1929 2795 2000 ejus
2824 1930 3106 1987 exsolvere
3135 1932 3359 1988 faciant.
3387 1931 3458 1987 Et
3483 1934 3611 2004 quia
3640 1935 3799 2004 prius

2195 2033 2296 2090 per
2351 2021 2641 2076 manninas
2674 2021 3007 2089 veniebant,
3046 2024 3495 2094 excogitaverunt
3531 2025 3794 2094 quidam,

2196 2122 2258 2168 ut
2289 2126 2387 2185 per
2420 2112 2630 2168 bannos
2656 2114 2908 2168 venirent
2941 2113 3008 2168 ad
3038 2113 3238 2184 placita
3260 2156 3276 2180 ,
3307 2114 3464 2184 quasi
3499 2125 3799 2185 propterea

2197 2203 2392 2260 melius
2430 2211 2608 2270 esset,
2646 2218 2717 2259 ne
2746 2203 2892 2274 ipsas
2930 2203 3218 2260 manninas
3253 2202 3574 2259 alterutrum
3610 2203 3799 2257 solve-

2198 2305 2344 2354 rent.
2384 2296 2513 2352 IIaec
2557 2297 2680 2353 ideo
2725 2295 3023 2364 facientes,
3059 2306 3120 2352 ut
3157 2297 3260 2368 ipsi
3295 2298 3534 2353 bannum
3572 2297 3798 2367 accipe-

2198 2398 2348 2453 rent,
2381 2398 2437 2446 et
2461 2391 2517 2444 in
2548 2397 2759 2444 tantum
2784 2390 2978 2444 eximie
3010 2389 3380 2462 afﬂigerentur
3405 2403 3699 2460 pauperes,
3736 2399 3798 2444 ut

2196 2481 2343 2536 unde
2373 2480 2525 2552 prius
2553 2480 2609 2535 in
2637 2481 2882 2537 exercitu
2911 2480 3097 2562 plures
3122 2481 3202 2536 ire
3241 2489 3524 2552 poterant,
3555 2481 3647 2535 vix
3692 2479 3802 2535 ali-

2197 2573 2291 2644 qui
2334 2573 2496 2629 modo
2539 2573 2619 2628 ire
2659 2573 3007 2645 praevaleant.
3051 2573 3118 2628 Et
3161 2574 3217 2628 in
3262 2573 3348 2628 his
3387 2572 3637 2628 omnibus
3686 2589 3804 2627 non

2199 2666 2373 2722 solum
2405 2681 2512 2721 non
2539 2665 2758 2721 solvunt
2786 2663 3076 2722 fasciculos
3112 2665 3410 2722 secundum
3451 2663 3648 2720 Isaiam
3698 2665 3801 2719 de—

2197 2758 2500 2829 primentes
2541 2757 2695 2830 (Isa.
2720 2759 2825 2831 ι),
2869 2757 2965 2814 sed
3007 2759 3171 2814 etiam
3214 2758 3583 2829 superaddunt
3621 2773 3804 2830 super

2197 2851 2429 2906 miseros
2459 2859 2515 2906 et
2543 2859 2792 2922 agentes.
2844 2849 3072 2918 Quando
3120 2851 3267 2906 enim
3316 2858 3531 2920 sperant
3580 2849 3802 2919 aliquid

2198 2941 2435 3008 lucrari,
2467 2941 2533 2997 ad
2563 2941 2736 3013 legem
2764 2957 2824 2997 se
2866 2929 3192 2997 convertunt
3221 2960 3234 2996 :
3275 2942 3487 3012 quando
3527 2955 3661 2994 vero
3698 2956 3804 3011 per

2202 3031 2378 3101 legem
2407 3049 2514 3087 non
2542 3033 2817 3088 aestimant
2844 3033 3159 3102 acquirere,
3206 3035 3274 3088 ad
3323 3029 3550 3102 capitula
3593 3031 3804 3087 confu-

2199 3125 2352 3197 giunt
2383 3142 2396 3179 :
2429 3125 2614 3195 sicque
2646 3125 2914 3180 interdum
2949 3124 3040 3189 lit,
3067 3132 3128 3179 ut
3164 3139 3264 3180 nec
3293 3123 3524 3194 capitula
3551 3122 3804 3193 pleniter

2201 3225 2617 3282 conserventur,
2666 3216 2761 3271 sed
2808 3230 2904 3286 pro
2949 3214 3119 3270 nihilo
3161 3215 3475 3276 habeantur,
3529 3228 3628 3267 nec
3683 3213 3799 3268 Iex.

2199 3308 2394 3364 Omnia
2439 3309 2586 3364 enim
2631 3307 2775 3363 mala
2826 3307 2908 3362 lex
2939 3307 3150 3363 Veteris
3171 3305 3500 3362 Testamenti
3541 3305 3798 3362 damnat.

2200 3401 2307 3457 Sed
2330 3401 2588 3457 Dominus
2617 3401 2758 3455 dixit
2788 3399 3068 3470 discipulis
3093 3399 3206 3455 suis
3228 3399 3294 3455 de
3321 3398 3570 3453 omnibus
3593 3395 3802 3453 Chris-

2203 3492 2408 3547 tianis:
2464 3493 2629 3547 Amen
2658 3491 2777 3546 dico
2814 3491 2996 3556 vobis,
3046 3492 3147 3546 nisi
3191 3491 3534 3546 abundaverit
3575 3489 3801 3560 justitia

2199 3594 2369 3639 vestra
2414 3583 2532 3654 plus
2575 3599 2736 3654 quam
2780 3581 3086 3638 Scribarum
3129 3593 3176 3637 et
3220 3579 3657 3646 Pharisaeorum,
3693 3599 3800 3637 non

2199 3675 2462 3729 intrabitis
2494 3675 2550 3730 in
2579 3691 2796 3747 regnum
2827 3673 3073 3730 caelorum
3103 3676 3122 3746 (
3150 3673 3344 3728 Matth.
3372 3688 3407 3727 v
3427 3673 3469 3746 ).

2271 3788 2401 3845 Car.
2434 3787 2574 3844 XVI.
2606 3789 2684 3845 De
2714 3789 2924 3861 legibus
2957 3805 2987 3844 a
3018 3788 3347 3860 quibusdam
3372 3787 3796 3858 imperatoribus

2201 3878 2343 3933 male
2365 3879 2701 3944 constitutis,
2732 3895 2761 3932 a
2789 3879 3113 3948 quibusdam
3141 3894 3271 3933 vero
3293 3879 3433 3933 bene
3458 3880 3795 3944 constitutis,

2200 3977 2422 4024 sanctus
2453 3969 2788 4040 Augustinus
2819 3968 2885 4024 ab
2913 3967 3254 4025 Bonifacium
3286 3970 3422 4026 dicit
3447 3967 3622 4040 (epist.
3653 3968 3748 4036 50)
3776 3983 3796 4025 :

2207 4077 2224 4109 ‹
2255 4058 2617 4128 Imperatores
2645 4058 2862 4128 quando
2893 4074 2992 4128 pro
3018 4057 3260 4114 falsitate
3286 4066 3478 4115 contra
3507 4059 3794 4115 veritatem

2201 4149 2540 4205 constituunt
2568 4150 2741 4205 malas
2770 4150 2948 4222 leges,
2978 4152 3276 4222 probantur
3305 4151 3445 4206 bene
3469 4151 3792 4216 credentes,

2199 4251 2255 4296 Cl
2286 4251 2619 4297 COi'OIlilIIllll‘
2643 4251 3075 4313 perseverantes.
3105 4241 3332 4310 Quando
3355 4251 3544 4298 autem
3569 4259 3671 4314 pro
3701 4259 3791 4298 ve-

2205 4333 2366 4390 ritate
2389 4343 2579 4390 contra
2608 4333 2901 4389 falsitatem
2925 4334 3263 4391 constituunt
3289 4333 3464 4389 bonas
3490 4334 3663 4406 leges,
3686 4343 3792 4389 ter-

2202 4434 2392 4480 rentur
2433 4423 2749 4490 saevientes,
2780 4434 2836 4480 et
2865 4427 3213 4496 corriguntur
3252 4425 3646 4497 intclligentes.
3683 4445 3699 4478 ι
3731 4425 3790 4480 Et

2205 4517 2274 4573 ad
2303 4515 2670 4574 Marcellinum
2702 4517 2768 4573 de
2795 4519 3040 4575 moribus
3064 4519 3221 4574 bonis
3261 4515 3577 4588 principum
3597 4561 3610 4582 ,
3645 4528 3699 4573 et
3731 4519 3790 4573 de

512 4624 664 4678 ﬁnito
694 4625 910 4692 negotio
940 4627 1315 4696 unusquisque
1346 4627 1634 4684 confestim
1673 4630 1743 4686 ad
1780 4631 1940 4688 sedes
1963 4647 2098 4702 pro-
2126 4610 2177 4671 Ῑ)
2204 4609 2478 4702 republica
2537 4612 2783 4702 “"8991”
2837 4611 2968 4702 ditlil
3017 4610 3208 4702 (ερίιςε.
3239 4609 3352 4682 5):
3415 4629 3434 4662 ι
3469 4611 3554 4702 ξι
3589 4627 3752 4682 parva
3772 4652 3786 4674 ,

513 4714 662 4784 prias
692 4722 1078 4771 reverteretur.
1118 4737 1136 4770 ι

582 4805 712 4875 Car.
747 4805 886 4862 XIV.
920 4805 1024 4876 Qui
1055 4816 1232 4866 autem
1259 4819 1381 4882 post
1410 4826 1592 4883 regem
1619 4812 1876 4884 populum
1911 4829 2099 4887 regere

510 4895 741 4965 debent,
779 4898 834 4954 id
861 4908 946 4954 est
986 4900 1150 4957 duces
1176 4910 1232 4957 et
1261 4903 1519 4969 comites,
1550 4920 1774 4962 necesse
1803 4914 1889 4962 est
1924 4916 1985 4962 ut
2017 4915 2098 4961 ta-

511 4991 593 5047 les
623 4992 1002 5058 instituantur,
1031 4993 1123 5062 qui
1156 4993 1272 5049 sine
1299 4994 1543 5066 periculo
1571 4995 1688 5066 ejus
1718 4997 1810 5067 qui
1842 5013 1936 5053 eos
1962 5013 2095 5055 con-

518 5086 722 5149 stituit,
757 5101 895 5156 quos
922 5087 1022 5141 sub
1050 5102 1107 5141 se
1141 5087 1342 5143 habent
1367 5103 1490 5143 cum
1513 5089 1728 5160 justitia
1755 5099 1810 5145 et
1838 5091 2094 5162 aequitate

513 5178 819 5248 gubernare
865 5176 1199 5248 intelligant,
1252 5188 1416 5251 atque
1459 5195 1582 5235 cum
1630 5180 1772 5237 bona
1818 5182 2098 5239 voluntate

512 5270 658 5341 quod
694 5269 1002 5339 intelligunt
1036 5271 1333 5340 adimplere
1381 5282 1710 5344 procurent,
1751 5274 1990 5330 scientes
2039 5290 2098 5333 se

511 5361 578 5417 ad
622 5362 728 5417 hoc
763 5362 967 5431 positos
1005 5377 1158 5429 esse,
1191 5371 1248 5417 ut
1286 5363 1500 5435 plebem
1536 5365 1746 5420 salvent
1779 5376 1834 5421 et
1872 5377 2096 5438 regant,

509 5470 622 5510 non
659 5463 721 5509 ut
750 5453 1098 5509 dominentur
1127 5463 1183 5509 et
1217 5455 1496 5528 afﬂigant:
1536 5473 1711 5530 neque
1747 5468 1807 5514 ut
1841 5460 2100 5531 populum

511 5545 607 5600 Dei
640 5561 797 5600 suum
825 5545 1128 5610 aestiment,
1160 5554 1254 5602 aut
1283 5549 1349 5603 ad
1379 5565 1533 5605 suam
1563 5550 1790 5622 gloriam
1819 5552 1920 5607 sibi
1949 5551 2102 5608 illum

513 5635 741 5706 subjici,
796 5637 942 5708 quod
993 5637 1228 5708 pertinet
1265 5641 1331 5693 ad
1369 5641 1707 5714 tyrannidem
1746 5652 1801 5699 et
1854 5644 2098 5716 iniquam

511 5736 859 5796 potestatem.
892 5728 1062 5785 Valde
1089 5730 1235 5785 enim
1261 5730 1429 5802 exigit
1459 5735 1784 5803 necessitas,
1829 5737 1958 5806 quia
2001 5753 2098 5794 rex

514 5815 827 5908 aequissimo
848 5817 1015 5912 judici
1043 5819 1110 5875 de
1137 5820 1430 5877 commisso
1459 5823 1562 5880 sibi
1597 5825 1897 5882 ministerio
1926 5827 2096 5895 ratio-

2201 4700 2475 4770 inquiens,
2512 4697 2784 4771 republica
2814 4710 2869 4756 et
2898 4699 3326 4772 inopi'magnam
3368 4697 3788 4772 opulentamque

2202 4792 2448 4848 fecerunt
2471 4793 2563 4863 qui
2591 4803 2812 4861 accepta
2840 4791 3035 4863 injuria
3075 4791 3359 4862 ignoscere
3399 4807 3570 4862 quam
3607 4807 3789 4862 perse-

2203 4883 2294 4953 qui
2326 4883 2618 4939 malebant.
2650 4883 2932 4951 Quomodo
2961 4881 3164 4938 Caesari
3207 4882 3397 4951 utique
3441 4882 3785 4936 administra-

2205 4975 2307 5030 tori
2340 4973 2648 5044 reipublicae
2666 5015 2681 5040 ,
2713 4986 2895 5030 mores
2921 4974 3040 5044 ejus
3069 4969 3334 5027 extollens
3362 4971 3558 5027 Cicero
3584 4973 3791 5027 dicebat

2205 5062 2402 5136 (Orat.
2435 5081 2529 5134 pro
2557 5063 2670 5134 Lig.
2699 5062 2754 5135 ),
2798 5063 2942 5135 quod
2985 5062 3119 5118 nihil
3158 5061 3407 5117 oblivisci
3447 5060 3650 5118 soleret
3692 5059 3788 5114 nisi

2202 5157 2450 5226 injurias.
2499 5157 2724 5213 Dicebat
2759 5157 2904 5213 enim
2949 5157 3051 5212 hoc
3091 5165 3200 5211 tam
3243 5171 3476 5225 magnus
3525 5155 3789 5217 laudator,

2205 5261 2300 5307 aut
2332 5259 2438 5306 tam
2479 5265 2705 5322 magnus
2749 5251 3040 5307 adulator:
3087 5248 3182 5303 sed
3230 5248 3277 5303 si
3319 5247 3589 5310 laudator.
3636 5246 3790 5300 talem

2202 5345 2471 5401 Caesarem
2517 5353 2778 5411 noverat;
2825 5343 2870 5400 si
2915 5355 3096 5399 autem
3145 5341 3421 5419 adulator,
3471 5341 3631 5396 talem
3674 5354 3792 5394 esse

2208 5437 2412 5493 debere
2441 5438 2762 5493 ostendebat
2784 5436 3083 5508 principem
3114 5433 3375 5500 civitatis,
3404 5434 3618 5503 qualem
3645 5430 3791 5487 illum

2209 5526 2482 5583 fallaciter
2510 5526 2860 5597 praedicabat.
2895 5546 2913 5580 ι
2946 5525 3100 5596 Apud
3134 5533 3350 5580 veteres
3402 5537 3637 5594 namque
3687 5519 3795 5575 tale

2219 5622 2570 5692 proverbium
2596 5630 2753 5676 erat:
2803 5619 2913 5674 Rea;
2956 5621 3093 5686 eris,
3121 5619 3166 5674 si
3199 5625 3337 5674 recte
3364 5617 3582 5688 facias:
3616 5615 3660 5670 si
3689 5631 3794 5667 non

2209 5716 2379 5787 facias
2400 5757 2414 5783 ,
2444 5732 2536 5770 rex
2564 5732 2668 5771 non
2695 5715 2820 5770 eris.

2277 5827 2410 5886 Car.
2447 5828 2610 5887 XVII.
2643 5828 2827 5902 Regia:
2869 5827 3100 5886 virtutes
3139 5827 3420 5912 praecipue
3471 5825 3586 5882 dua:
3627 5833 3792 5892 sunt,
