4010 6330
238 377 374 436 1017

1163 380 1252 437 DE
1290 379 1706 437 COERCENDO
1746 381 1979 440 RM’TU
2025 384 2410 453 ViDUABUM,
2455 387 2609 442 ETC.

3367 388 3506 447 1018

223 489 446 564 justitia
477 487 733 544 Videlicet
761 497 816 545 et
842 490 1039 561 pietas.
1075 492 1463 548 Verumtamen
1509 493 1563 548 in
1606 493 1902 564 regibusA
1931 495 2202 562 tionibus,
2227 499 2590 554 -sullicienter
2637 513 2704 553 ex
2754 497 2998 569 synodali
3045 507 3314 553 conventu
3365 503 3505 571 apud

233 585 357 656 plus
383 584 634 640 laudatur
660 585 871 654 pietas:
905 602 1031 643 nam
1054 586 1269 658 justitia
1301 601 1398 658 per
1439 601 1496 642 se
1539 586 1656 641 sine
1698 585 1816 656 pie-

227 685 345 733 tate
375 689 565 731 severa
595 685 700 731 est.
733 677 810 732 De
851 678 1057 749 rapinis
1098 679 1539 749 compesccndis,
1583 685 1640 732 et
1682 691 1817 747 pace

224 767 602 832 restituenda,
635 776 689 822 et
728 769 900 826 sacris
945 768 1278 841 Scripturis,
1317 769 1814 826 ecclesiasticarum

223 855 405 928 legum
437 857 874 927 definitionibus,
908 876 973 917 ac
1003 861 1179 933 legum
1223 877 1506 918 sacrarum
1549 862 1815 918 constitu-

1927 589 2244 660 martyrium
2275 591 2447 646 beata:
2473 590 2669 646 Macrte
2697 605 2870 662 nuper
2895 589 3080 646 habito
3102 590 3326 646 collecta
3352 591 3506 648 fratri

1923 680 2082 752 hujus
2111 683 2254 754 regis
2279 685 2453 740 nostri
2480 700 2652 755 nuper
2677 682 2930 739 defuncto
2958 697 3058 754 per
3081 684 3364 756 episcopos
3398 685 3504 740 mi~

1921 774 2110 841 simus,
2143 790 2264 846 quae
2291 777 2381 831 hic
2411 777 2676 847 replicare
2699 791 2805 832 non
2845 776 3213 833 necessarium
3233 819 3247 844 ,
3275 777 3384 834 imo
3413 793 3504 834 su-

1922 864 2184 938 perﬂuum
2212 866 2487 922 duximus.
2513 891 2516 900 π

227 1017 3477 1048 “mm

1813 1150 1949 1228 XI.

1329 1318 1622 1365 COMMUNI
1665 1321 2108 1368 EPISCOPORUM
2152 1325 2400 1370 NOMINE

1585 1460 1720 1538 AD
1782 1423 2161 1550 REGEM.

502 1609 587 1670 De
624 1609 958 1672 coercendo
999 1617 1056 1673 et
1078 1608 1490 1691 exstirpanda
1521 1618 1716 1691 raptu
1745 1609 2103 1688 viduarum,
2129 1612 2490 1694 puellarum
2516 1635 2589 1680 ac
2619 1618 3216 1687 sanctimonialium.

1145 1753 1313 1819 (Apud
1335 1756 1588 1819 eumdem,
1615 1766 1681 1806 ex
1708 1752 2093 1818 Paralipomenis
2121 1753 2321 1807 Joannis
2343 1756 2561 1824 Busan.)

1703 1877 2024 1900 ..η-ᾑ-α

287 1971 517 2029 Domino
537 1970 1022 2038 Christianissimo,
1048 1990 1081 2046 g
1101 1973 1282 2030 orioso
1305 1983 1360 2030 et
1382 1975 1627 2050 piissimo
1649 1979 1800 2050 prin-
1830 1983 1877 2044 B
1905 1976 2052 2032 enim
2082 1988 2300 2046 semper
2318 1974 2635 2046 {sollicitudo
2663 1977 2720 2032 in
2749 1976 2923 2034 beatis
2964 1979 3245 2049 apostolis,
3282 1981 3397 2040 haec
3438 1985 3495 2041 in

201 2067 342 2139 cipi,
377 2065 609 2124 humiles
655 2067 798 2123 servi
831 2067 1031 2124 Christi
1061 2061 1359 2125 Galliarum
1387 2080 1441 2127 et
1481 2071 1804 2130 Germania-

203 2181 334 2221 rum
368 2165 628 2237 episcopi,
674 2179 773 2236 pro
811 2163 958 2219 cultu
997 2173 1052 2220 et
1095 2166 1456 2222 sanctimonia
1488 2168 1679 2224 domus
1705 2168 1806 2226 Do-

201 2260 368 2326 mini,
403 2274 523 2330 qua:
552 2267 636 2315 est
672 2257 912 2314 Ecclesia
942 2257 1036 2312 Dei
1061 2259 1195 2325 veri,
1230 2259 1480 2316 columna
1521 2268 1577 2318 et
1612 2261 1802 2320 ﬁrma-

199 2362 453 2409 mentum
477 2352 741 2407 veritatis.

281 2442 410 2498 Car.
444 2443 485 2498 Ι.
527 2441 762 2498 Maxima
814 2453 870 2499 et
922 2445 1241 2516 gravissima
1283 2447 1611 2504 necessitate
1654 2463 1803 2505 com-

194 2537 461 2609 pellimur
487 2552 676 2593 omnes
703 2554 824 2605 nos,
859 2539 953 2610 qui
981 2540 1080 2609 ,his
1105 2540 1416 2596 novissimis
1450 2549 1504 2597 et
1531 2542 1802 2612 periculo-

195 2631 441 2687 sissimis
486 2631 817 2702 temporibus
861 2633 1169 2703 episcopale
1214 2633 1582 2690 ministerium
1621 2644 1678 2691 et
1703 2652 1801 2706 gu-

195 2724 584 2780 bernationem
612 2719 977 2779 Ecclesiarum
1027 2723 1146 2788 Dei.
1192 2724 1318 2781 licet
1344 2726 1553 2796 indigni
1600 2735 1654 2782 et
1699 2728 1800 2782 mi-

192 2817 338 2871 nimi
361 2816 538 2871 sortiti
564 2830 776 2882 sumus,
806 2823 864 2870 ut
885 2815 1208 2886 periclitanti
1237 2818 1388 2888 gregi
1410 2817 1709 2883 Dominico,
1744 2826 1800 2875 et

191 2909 361 2964 novis
385 2908 597 2964 insidiis
621 2917 786 2979 atque
820 2907 1262 2965 infestationibus
1300 2911 1472 2966 hostis
1496 2913 1705 2983 antiqui
1729 2913 1796 2969 de

189 3003 289 3060 die
315 3004 372 3059 in
411 3002 556 3058 diem
580 3002 949 3058 miserabilius
981 3002 1272 3070 laboranti,
1297 3007 1576 3061 communi
1618 3005 1797 3061 inten-

191 3100 351 3154 tione
377 3105 434 3153 et
467 3098 666 3164 studio,
695 3098 748 3152 in
770 3107 1033 3168 quantum
1063 3097 1207 3154 Deus
1234 3097 1554 3178 facultatem
1585 3100 1791 3168 tribuit,

187 3192 491 3262 vigilanter
525 3201 582 3247 et
621 3202 843 3249 strenue
885 3193 1300 3264 prospiciamus.
1350 3195 1610 3262 Quamvis
1648 3196 1794 3251 enim

192 3293 449 3358 potestas
480 3285 632 3356 regni
655 3285 970 3356 temporalis
994 3287 1177 3343 divino
1189 3285 1396 3355 judicio
1421 3288 1476 3343 in
1509 3289 1610 3344 hoc
1638 3288 1796 3356 Chri-

190 3381 507 3438 stianorum
557 3395 726 3450 regno
773 3380 842 3436 ad
881 3395 1120 3450 praesens
1162 3381 1412 3437 videatur
1441 3381 1638 3448 divisa,
1686 3398 1794 3438 una

187 3478 282 3526 est
314 3479 495 3526 tamen
517 3471 572 3525 in
602 3471 856 3527 omnibus
879 3480 935 3528 et
955 3487 1021 3527 ex
1050 3473 1302 3529 omnibus
1325 3471 1542 3529 Christo
1566 3473 1796 3529 Domino

192 3571 520 3636 protegente
571 3563 834 3627 Ecclesia,
900 3581 1042 3620 unus
1103 3566 1400 3634 Dominus,
1461 3583 1569 3623 una
1624 3568 1792 3635 ﬁdes,

191 3670 368 3710 uinum
397 3669 564 3726 genus
593 3655 849 3720 electum,
882 3656 1061 3726 regale
1094 3643 1481 3725 saCerdotium,
1513 3674 1618 3713 una
1660 3673 1794 3729 gens

195 3756 414 3813 sancta,
447 3763 587 3803 unus
614 3747 846 3818 populus
887 3748 1284 3818 acquisitionis,
1313 3765 1476 3821 quem
1521 3751 1638 3822 ipse
1683 3751 1792 3807 Do-

196 3843 380 3912 minus
408 3849 465 3895 et
494 3838 744 3894 Salvator
776 3837 844 3892 de
875 3837 1111 3894 tenebris
1141 3840 1356 3894 vocavit
1386 3841 1441 3894 in
1475 3841 1796 3898 admirabile

196 3933 382 3990 lumen
431 3948 619 4001 suum,
665 3948 765 4004 pro
813 3930 966 4000 cujus
1017 3932 1376 4002 acquisitione
1433 3941 1489 3988 et
1531 3942 1793 4006 perpetua

193 4026 442 4082 unitione
461 4027 626 4081 etiam
657 4033 889 4082 mortem
915 4033 1135 4094 gustare
1158 4024 1412 4095 dignatus
1437 4037 1542 4091 est,
1581 4025 1794 4081 dicente

195 4114 490 4187 Evangelio
525 4133 538 4169 :
571 4113 710 4182 Quia
741 4115 897 4170 Iesus
937 4115 1226 4170 moriturus
1257 4125 1369 4171 erat
1405 4133 1499 4187 pro
1545 4125 1714 4188 gente,
1744 4126 1792 4172 et

197 4223 306 4260 non
333 4215 535 4260 tantum
561 4223 658 4277 pro
683 4216 853 4278 gente,
881 4207 973 4260 sed
1021 4215 1078 4260 ut
1105 4206 1244 4276 ﬁlios
1281 4207 1381 4262 Dei
1407 4209 1501 4280 qui
1525 4218 1673 4262 erant
1707 4209 1790 4262 di-

194 4299 363 4370 spersi
407 4309 739 4370 congregaret
772 4301 827 4353 in
863 4316 1020 4355 unum
1059 4298 1240 4372 (Joan.
1269 4317 1344 4361 x1,
1375 4302 1468 4367 51,
1495 4301 1608 4374 52).
1638 4300 1793 4360 Unde

194 4400 250 4446 et
279 4391 392 4460 ipse
420 4389 724 4446 admirabili
755 4392 1074 4464 dignatione
1101 4393 1565 4465 loquitur,diceus
1594 4412 1607 4448 :
1639 4394 1791 4452 Sicut

195 4469 342 4556 norit
381 4501 460 4538 me
494 4482 683 4552 Pater,
721 4495 769 4542 et
800 4503 893 4558 ego
943 4502 1170 4558 agnosco
1202 4483 1442 4554 Patrem,
1468 4497 1518 4542 et
1553 4489 1792 4566 animum

194 4591 366 4629 meam
389 4591 526 4648 pono
556 4593 650 4646 pro
693 4577 873 4632 ovibus
906 4579 1055 4632 meis.
1090 4576 1275 4633 [Iubeo
1300 4595 1418 4651 quw
1447 4595 1550 4634 non
1577 4591 1700 4636 sunt
1727 4598 1793 4638 ex
1849 4617 1880 4654 ξς

1877 4655 2013 4726 ’ξρευ
2041 4655 2300 4714 Dominus
2341 4658 2395 4713 in
2441 4655 2732 4728 Evangelio
2766 4658 2931 4714 dicit:
2961 4656 3067 4725 Qui
3092 4676 3179 4714 vos
3219 4659 3366 4715 audit
3404 4677 3486 4714 me

191 4668 292 4721 hoc
335 4665 480 4734 ovili,
531 4677 578 4722 et
629 4667 749 4724 illas
801 4678 1000 4741 Oportet
1056 4688 1138 4725 me
1187 4672 1470 4737 adducere,
1520 4681 1569 4727 et
1618 4689 1791 4729 vocem

1911 2069 2193 2124 beatorum
2222 2069 2590 2140 apostolorum
2625 2073 3058 2140 successoribus,
3088 2074 3145 2129 id
3176 2083 3260 2131 est
3307 2076 3498 2134 Eccle-

1910 2162 2116 2216 siarum
2159 2161 2253 2216 Dei
2280 2161 2606 2228 rectoribus,
2643 2162 2774 2219 fecit
2804 2179 2971 2220 unum
3000 2181 3222 2239 gregem
3255 2168 3470 2226 Domini

1908 2268 2069 2320 cum,
2120 2268 2286 2310 unam
2342 2254 2618 2326 religionis
2658 2257 2993 2327 custodiam,
3048 2275 3212 2316 unam
3264 2250 3494 2320 matrem

1907 2347 2205 2404 Eeclesiam
2238 2364 2347 2404 una
2374 2359 2559 2406 mente
2587 2349 2835 2423 diligere,
2879 2359 3044 2424 atque
3067 2355 3310 2413 unanimi
3333 2357 3496 2415 devo-

1906 2439 2054 2496 tione
2081 2444 2320 2496 servare.

1977 2531 2106 2588 CAP.
2159 2532 2222 2586 Il.
2283 2532 2621 2603 Quapropter
2665 2533 3015 2592 obsecramus
3084 2535 3493 2597 Christianissi-

1905 2641 2050 2680 mam
2077 2625 2360 2694 pietatem,
2407 2634 2462 2680 et
2492 2624 2781 2695 gloriosam
2815 2626 3200 2684 sublimitatem
3231 2639 3492 2698 vestram,

1903 2725 1964 2770 ut
2008 2715 2256 2786 religiose
2282 2716 2437 2787 regni
2470 2715 2566 2770 Dei
2602 2717 2927 2774 constitutos
2968 2719 3268 2787 ministros,
3309 2730 3364 2778 et
3397 2739 3494 2794 po-

1901 2807 2014 2878 puli
2057 2806 2356 2862 Christiani
2406 2816 2667 2876 rectores,
2696 2818 2750 2865 et
2785 2809 2982 2866 divinae
3013 2811 3292 2884 religionis
3329 2824 3492 2886 atque

1901 2899 2282 2959 ecclesiastica:
2307 2904 2613 2960 sanctitatis
2634 2917 3048 2964 conservatores
3069 2909 3488 2974 acdcfensores,

1901 3003 1960 3048 ut
1993 3009 2058 3050 ea
2092 3010 2213 3065 qua:
2254 3011 2352 3066 pro
2391 2996 2563 3052 salute
2601 2999 2903 3054 animarum
2946 3000 3206 3071 ﬁdelium,
3233 3011 3294 3059 et
3331 3003 3491 3058 Chri-

1899 3088 2066 3142 stiani
2111 3088 2264 3160 regni
2303 3090 2720 3146 conservatione
2771 3109 2834 3147 ac
2883 3095 3271 3164 tranquillitate
3307 3111 3492 3153 emen-

1901 3179 2074 3234 danda
2123 3191 2506 3250 suggeruntur,
2555 3196 2680 3236 cum
2725 3182 2891 3237 divini
2939 3185 3152 3242 timoris
3199 3189 3403 3242 honore
3437 3195 3492 3243 et

1900 3278 2048 3324 metu
2104 3269 2271 3325 futuri
2317 3271 2506 3341 judicii
2570 3272 2835 3340 audiatis,
2881 3276 3063 3331 audita
3108 3278 3258 3348 justo
3283 3279 3489 3350 judicio

1821 3359 1867 3423 C
1898 3361 2239 3426 examinatis,
2290 3363 2604 3419 examinata
2649 3369 2975 3440 competenti
3022 3371 3314 3427 severitate
3346 3389 3491 3429 rese-

1897 3453 2052 3508 celis.
2084 3451 2228 3508 Nihil
2276 3455 2420 3509 enim
2473 3455 2547 3509 ita
2581 3439 2968 3527 omnipotentis
3019 3459 3114 3514 Dei
3145 3462 3486 3519 iracundiam

1896 3555 2203 3617 exasperat,
2233 3556 2288 3602 et
2312 3549 2462 3619 regni
2501 3563 2692 3619 pacem
2727 3551 3026 3621 perturbat,
3054 3564 3113 3607 ut
3145 3563 3489 3628 contemptus

1896 3635 2092 3691 divinae
2122 3635 2279 3708 legis,
2316 3646 2370 3694 et
2407 3639 2748 3696 conculcatio
2777 3650 3016 3712 paternae
3041 3646 3402 3714 auctoritatis,
3433 3656 3490 3705 et

1895 3728 2201 3798 profanatio
2265 3730 2651 3788 ecclesiastica:
2707 3736 2991 3791 munditiei
3049 3746 3104 3792 et
3155 3741 3486 3797 sanctitatis.

1897 3821 2051 3878 Unde
2090 3823 2354 3878 adversus
2383 3825 2578 3895 impios
2616 3825 2750 3895 legis
2798 3841 2909 3883 suae
2943 3837 3347 3902 contemptores
3375 3833 3491 3903 ipse

1895 3915 2038 3969 Deus
2065 3914 2328 3984 loquitur,
2353 3916 2538 3972 dicens
2561 3931 2576 3971 :
2602 3917 2672 3970 Et
2693 3918 2853 3972 oblita
2881 3936 2933 3973 es
2951 3919 3078 3990 legis
3109 3921 3206 3976 Dei
3230 3924 3330 3988 tui,
3361 3923 3493 3979 obli-

1894 4008 2064 4061 viscar
2080 4007 2316 4076 ﬁliorum
2333 4017 2545 4063 tuorum
2565 4018 2615 4064 et
2637 4025 2730 4080 ego
2753 4008 2900 4080 (Ose.
2932 4026 3006 4078 tv,
3033 4012 3110 4083 6).
3129 4013 3203 4068 De
3221 4015 3418 4085 quibus
3436 4025 3491 4072 et

1893 4099 2023 4155 alibi
2061 4100 2324 4171 scriptum
2352 4111 2436 4158 est
2460 4121 2474 4158 :
2498 4103 2566 4157 At
2596 4102 2676 4157 illi
2705 4105 3098 4160 subsannabant
3128 4110 3337 4162 nuntios
3363 4109 3485 4176 Dei,

1893 4201 1943 4246 et
1993 4194 2434 4262 parvipendebant
2472 4212 2735 4251 sermones
2782 4197 2920 4266 ejus,
2971 4197 3134 4252 donec
3187 4205 3487 4255 ascenderet

1894 4282 2048 4353 [uror
2068 4284 2282 4340 Domini
2321 4287 2377 4339 in
2405 4286 2655 4358 populum
2694 4304 2870 4353 suum,
2908 4297 2956 4344 et
2988 4297 3119 4345 esset
3145 4288 3293 4345 nulla
3332 4307 3488 4346 cura-

1894 4377 1968 4431 tio
2004 4375 2094 4448 (II
2140 4376 2273 4432 Par.
2325 4394 2510 4447 xxxvr,
2564 4379 2676 4452 16).
2728 4381 2933 4437 Redeat
2985 4396 3116 4452 ergo
3163 4397 3376 4454 semper
3431 4384 3487 4440 in

1847 4517 1850 4519 .
1894 4471 2214 4526 memoriam
2246 4471 2332 4527 lex
2371 4471 2491 4538 Dei,
2517 4487 2616 4529 nec
2639 4481 2970 4544 spernantur
2997 4489 3062 4530 ac
3086 4474 3488 4530 subsannentur

1894 4563 2069 4619 nuntii
2103 4564 2223 4632 Dei,
2253 4567 2426 4622 sancti
2455 4564 2708 4621 videlicet
2732 4575 2915 4636 patres
2942 4567 3170 4638 antiqui,
3201 4568 3267 4624 de
3288 4569 3483 4639 quibus

194 4773 367 4813 meam
417 4757 650 4824 audient,
701 4768 750 4814 et
802 4725 892 4829 [iet
937 4776 1102 4814 unum
1149 4761 1282 4817 ovile
1334 4772 1382 4816 et
1431 4778 1569 4818 unus
1612 4774 1795 4834 pastor

1901 4725 2072 4816 audit,
2120 4759 2169 4805 et
2199 4749 2289 4820 qui
2336 4766 2422 4803 vos
2470 4725 2667 4820 spernit
2719 4767 2801 4805 me
2843 4752 3040 4822 spernit
3071 4749 3224 4824 (Luc.
3264 4769 3323 4819 x,
3370 4752 3482 4824 16).

190 4848 384 4920 (Joan.
434 4867 490 4918 χ,
543 4851 628 4917 l5,
663 4851 773 4923 16).
815 4850 953 4908 Cum
991 4867 1120 4924 ergo
1164 4854 1345 4912 omnis
1389 4855 1622 4927 populus
1665 4857 1790 4924 Dei,

190 4951 352 4998 tanto
374 4942 551 5013 pretio
597 4943 912 5014 redemptus
955 4952 1012 4999 et
1057 4944 1346 5012 adunatus,
1379 4962 1519 5008 unus
1543 4963 1674 5018 grex
1715 4952 1790 5006 sit

189 5036 295 5092 sub
323 5050 432 5091 uno
457 5044 697 5106 pastore,
732 5047 787 5093 et
806 5052 997 5094 omnes
1023 5036 1186 5107 huius
1209 5039 1390 5110 gregis
1415 5051 1666 5111 pastores
1687 5058 1788 5116 per

191 5128 463 5184 unitatem
504 5127 649 5195 ﬁdei,
677 5139 732 5194 et
771 5129 1191 5186 unanimitatem
1231 5131 1632 5202 sollicitudinis,
1666 5145 1786 5192 tan—

190 5235 360 5292 quam
390 5237 534 5278 unus
562 5231 752 5297 pastor
780 5222 1020 5280 existere
1063 5223 1301 5282 debeant
1343 5225 1445 5280 sub
1477 5242 1584 5282 uno
1631 5235 1686 5284 et
1734 5229 1791 5284 in

193 5329 306 5369 uno
331 5314 576 5385 principe
611 5325 914 5386 pastorum,
946 5322 1099 5370 tanta
1143 5329 1367 5374 necesse
1394 5325 1480 5393 est
1516 5319 1629 5374 sint
1670 5319 1791 5378 cha-

192 5408 360 5462 ritate
409 5406 587 5474 uniti,
637 5415 788 5463 tanta
821 5405 1046 5477 spiritus
1097 5407 1358 5464 societate
1406 5409 1676 5482 copulati,
1731 5420 1793 5488 ut

192 5497 429 5554 invicem
492 5513 657 5555 onera
713 5514 812 5554 sua
849 5497 1207 5555 libentissime
1257 5502 1685 5572 compartiantur
1737 5511 1796 5560 et

192 5597 435 5660 portent,
477 5597 533 5646 et
580 5591 652 5646 sit
698 5591 780 5648 eis
814 5589 1075 5648 instantia
1120 5591 1435 5662 quotidiana
1487 5593 1791 5652 sollicitudo

193 5683 440 5738 omnium
466 5681 858 5750 Ecclesiarum,
889 5691 949 5740 ut
976 5683 1022 5740 si
1047 5684 1176 5754 quid
1199 5683 1402 5755 patitur
1429 5701 1595 5740 unum
1623 5702 1794 5743 mem-

195 5777 381 5844 brum,
412 5778 814 5850 compatiantur
840 5777 1023 5833 omnia
1054 5777 1323 5846 membra,
1351 5778 1465 5835 sive
1485 5779 1793 5852 gratulatur

200 5883 370 5927 unum
397 5871 724 5942 membrum,
755 5869 1131 5943 congaudeant
1157 5872 1339 5931 omnia
1367 5873 1631 5930 membra.
1665 5871 1792 5948 Haec

1901 4843 2109 4901 Habeat
2135 4858 2228 4899 vos
2274 4853 2464 4898 sancta
2499 4853 2675 4900 mater
2702 4843 2944 4908 Ecclesia
2966 4847 3094 4915 pios
3120 4846 3394 4915 pudicitia:
3430 4858 3488 4902 et

1897 4935 2230 5012 castimoniae
2258 4935 2510 4991 custodes
2547 4949 2612 4992 ac
2647 4936 2977 4993 defensores.
3012 4937 3146 5004 Quae
3175 4938 3232 4992 in
3267 4945 3476 4994 tantum

1896 5027 1964 5084 ab
1994 5027 2085 5082 illa
2119 5026 2461 5097 omnipotens
2500 5028 2642 5085 Deus
2667 5029 2856 5100 exigit,
2883 5039 2941 5084 ut
2978 5027 3298 5085 terribiliter
3335 5031 3490 5100 Apo-r

1893 5119 2063 5177 stolus
2091 5127 2319 5175 testetur
2348 5128 2405 5175 et
2439 5121 2585 5177 dicat
2610 5139 2622 5175 :
2649 5120 2844 5175 Pacem
2864 5119 3142 5191 sequimini
3173 5137 3292 5175 cum
3313 5124 3508 5176 omni-—

1900 5215 2010 5276 bus,
2045 5222 2096 5269 et
2125 5213 2548 5280 sanctimoniam,
2595 5215 2706 5270 sine
2745 5231 2849 5285 qua
2887 5229 3037 5269 nemo
3073 5213 3263 5269 videbit
3299 5213 3485 5270 Domi-

1899 5307 2023 5359 nu'm
2055 5303 2243 5377 (Hebr.
2289 5320 2390 5370 xu,
2422 5304 2532 5376 Μ).
2578 5301 2643 5359 ΕΙ.
2677 5303 2873 5359 iterum
2901 5321 2912 5357 :
2941 5302 3172 5359 Nescitis
3207 5306 3330 5376 quia
3361 5315 3487 5361 tent-

1895 5396 2042 5468 plum
2069 5397 2165 5453 Dei
2189 5397 2333 5464 estis,
2357 5407 2405 5451 et
2430 5395 2658 5467 Spiritus
2688 5406 2901 5452 sanctus
2922 5395 3120 5451 habitat
3144 5398 3198 5451 in
3209 5397 3397 5452 vobis?
3423 5396 3486 5453 Si

1895 5490 2014 5562 quis
2062 5500 2236 5544 autem
2291 5479 2539 5557 templum
2582 5486 2680 5543 Dei
2721 5487 3007 5556 violaverit,
3039 5487 3299 5560 disperdet
3334 5488 3486 5543 illuni

1897 5582 2060 5641 Deus.
2115 5580 2389 5649 Templum
2429 5583 2567 5638 enim
2614 5581 2715 5638 Dei
2755 5593 2996 5639 sanctum
3039 5592 3135 5649 est,
3177 5585 3316 5656 quod
3363 5585 3486 5640 estis

1896 5697 1985 5735 vos
2008 5677 2061 5751 (Ι
2090 5675 2211 5734 Cor.
2244 5693 2327 5743 tu,
2357 5677 2466 5749 16).
2499 5677 2565 5734 Et
2591 5680 2788 5735 iterum
2816 5698 2828 5734 :
2857 5678 3086 5734 Nescitis
3105 5679 3230 5750 quia
3264 5695 3485 5752 corpora

1894 5780 2066 5828 vestra
2113 5767 2346 5825 membra
2396 5769 2593 5827 Christi
2635 5771 2798 5827 sunt.9
2843 5770 3050 5826 Tollens
3097 5788 3218 5843 ergo
3252 5772 3485 5828 membra

1897 5863 2092 5924 Christi
2123 5866 2318 5938 faciam
2362 5866 2595 5924 membra
2641 5864 2970 5923 meretricis?
2995 5862 3140 5922 Absit
3177 5862 3233 5935 (Ι
3259 5859 3379 5920 Cor.
3407 5881 3479 5932 vr,
