4010 6330
545 441 687 499 1019

1372 424 1703 486 HINGMARI
1744 423 1955 481 liHEM.
1998 416 2323 477 ARCiilEP.
2365 415 2733 474 OPUSCULA
2775 410 3006 473 VARIA.

3700 416 3836 472 £030

543 561 654 631 15).
690 559 757 613 Et
783 556 978 612 iterum
1003 568 1018 608 :
1046 551 1116 605 Et
1151 566 1255 604 non
1283 547 1404 602 estis
1435 544 1588 601 vestri
1620 564 1632 599 :
1661 542 1819 614 empti
1843 540 1982 597 enim
2006 539 2129 595 estis
2157 543 2209 604 Α
2235 535 2443 592 minum
2470 532 2991 605 impudentissimam
3031 526 3335 601 audaciam,
3365 532 3460 605 qui
3486 532 3719 590 calcatis
3745 532 3839 591 Dei

546 652 714 722 pretio
742 664 953 719 magno,
983 642 1272 716 gloriﬁcale
1311 648 1359 694 et
1390 646 1596 710 portate
1617 633 1903 690 Dominum
1925 635 1980 688 in
2021 649 2137 722 cor-

543 720 668 815 pore
688 750 851 797 vestro
870 737 922 810 (Ι
936 735 1141 802 Cor.vt,
1158 724 1272 806 20).
1291 732 1436 788 istud
1459 738 1543 785 est
1567 726 1823 799 templum
1840 726 1955 793 Dei,
1973 732 2030 781 et
2045 720 2139 781 do-

546 850 669 890 mus
685 832 777 887 Dei
794 831 919 895 vivi,
945 830 1010 884 de
1036 844 1142 899 qua
1166 826 1427 898 scriptum
1445 831 1529 880 est
1551 843 1563 879 :
1582 821 1811 879 Domum
1829 831 1975 876 tuam
1996 822 2140 876 decet

553 926 855 983 sanctitudo
877 965 893 989 ,
925 923 1181 987 Domine,
1221 921 1277 974 in
1304 918 1681 989 longitudinem
1712 917 1913 969 dierum
1947 914 1964 984 (
1990 904 2137 967 Psal.

548 1028 689 1081 XC",
720 1018 796 1083 5).
826 1017 899 1070 De
925 1026 1033 1083 qua
1057 1023 1113 1067 et
1143 1014 1332 1067 beatus
1369 1011 1682 1080 patriarcha
1702 1007 1901 1071 Jacoh,
1937 1006 2026 1076 qui
2053 1020 2143 1060 co-

549 1099 898 1184 gnominatus
917 1116 1001 1163 est
1022 1106 1217 1172 Israel,
1249 1106 1300 1159 in
1330 1104 1561 1175 mystica
1589 1103 1745 1156 laude
1772 1102 1847 1156 ait
1875 1120 1887 1154 :
1919 1099 2041 1154 Non
2066 1111 2141 1155 est
2190 1148 2193 1149 ν

547 1204 630 1257 hic
675 1201 822 1254 aliud
848 1241 862 1265 ,
897 1200 998 1253 nisi
1027 1199 1214 1251 domus
1245 1196 1343 1250 Dei
1373 1206 1418 1248 et
1448 1206 1599 1265 porta
1630 1193 1742 1248 caeli
1777 1194 1793 1261 (
1819 1190 1949 1245 Gen.
1978 1204 2138 1254 xvm,

550 1298 618 1351 Ἦ
642 1298 680 1364 ).
715 1294 854 1361 Quia
882 1291 1137 1348 videlicet
1164 1300 1220 1345 et
1263 1304 1407 1344 nunc
1439 1288 1601 1343 habet
1640 1286 2000 1343 habitatorem
2040 1284 2145 1338 Do-

555 1391 791 1454 minum,
819 1396 874 1443 et
917 1393 1038 1456 post
1079 1393 1401 1456 praesentem
1442 1382 1609 1435 vitam
1640 1379 1707 1434 de
1739 1379 1939 1433 mundo
1980 1377 2147 1432 mittit

558 1482 624 1534 ad
654 1479 873 1534 C(Bltlltt.

625 1572 752 1626 CAP.
787 1562 889 1625 ill.‘
929 1568 1157 1638 Propter
1195 1567 1337 1647 hanc
1386 1563 1802 1619 sanctimoniam
1847 1568 1901 1616 et
1936 1560 2150 1615 mundi-

558 1666 684 1719 tiem
717 1680 748 1718 a
771 1654 1036 1733 cbnlagiis
1061 1654 1341 1715 diabolicis
1360 1700 1373 1723 ,
1424 1652 1667 1713 Ecclesia
1695 1673 1724 1710 a
1751 1646 1969 1711 Christo
2012 1653 2148 1710 dile-

557 1768 662 1821 cla,
696 1764 751 1810 et
775 1752 893 1823 ejus
914 1754 1164 1824 passione
1193 1758 1527 1822 comparata,
1560 1759 1616 1805 et
1643 1750 1865 1804 lavacro
1896 1748 2150 1819 baptismi

554 1857 782 1922 purgata
806 1856 891 1903 est
914 1856 969 1903 et
1001 1848 1241 1918 eXpiata,
1274 1853 1509 1899 testante
1530 1844 1789 1915 Apostolo
1814 1859 1880 1899 ac
1904 1844 2145 1899 dicente:

2239 630 2465 701 legibus,
2492 637 2551 684 et
2581 626 3050 683 sanctissimorum
3076 625 3299 683 Patrum
3325 627 3655 684 auctoritate
3711 643 3843 684 cm-

2240 731 2464 793 tempta,
2493 718 2698 791 absque
2722 716 2827 775 ulla
2855 718 3024 775 divini
3044 719 3160 776 sive
3200 721 3424 777 humani
3468 722 3701 792 pudoris
3756 738 3840 778 re-

2209 808 2504 893 gvercntia,
2535 822 2790 884 tanquam
2818 812 2979 868 bruta
3025 821 3081 869 et
3127 812 3520 871 irrationabilia
3562 816 3841 886 jumenta,

2241 905 2499 977 templum
2530 898 2648 973 Dei,
2679 905 2820 973 quod
2850 912 2934 959 est
2962 905 3319 961 sanctimonia
3347 905 3610 973 ﬁdelium,
3635 907 3844 964 violare

2242 1013 2350 1054 non
2381 1006 2651 1063 metuunt,
2682 1006 2737 1051 et
2767 998 2943 1068 ipsum
2975 997 3145 1051 altare
3196 998 3430 1064 Domini,
3466 999 3614 1070 quod
3643 1010 3735 1054 est
3764 1014 3844 1055 sa-

2242 1090 2518 1145 cerdotale
2540 1089 2928 1153 ministerium,
2960 1090 3034 1144 illi
3064 1091 3340 1157 dicatum,
3390 1101 3446 1146 et
3496 1092 3617 1163 ejus
3673 1096 3846 1150 cultui

2245 1192 2665 1252 sequestratum,
2693 1183 2805 1238 suis
2827 1182 3085 1247 calcibus,
3117 1192 3380 1254 quantum
3410 1186 3461 1240 in
3506 1202 3571 1241 se
3598 1197 3717 1251 est,
3759 1188 3850 1243 de-

2246 1287 2460 1334 struere
2513 1287 2570 1331 et
2613 1285 2861 1332 evertere
2912 1276 3255 1332 moliuntur:
3286 1278 3414 1333 dum
3461 1280 3515 1334 in
3568 1282 3850 1336 nonnullis

2248 1371 2399 1442 regni
2441 1370 2601 1442 hujus
2631 1370 2897 1440 partibus,
2931 1382 3153 1442 propter
3182 1386 3373 1427 eorum
3402 1373 3680 1444 publicam
3717 1373 3851 1429 inie-

2249 1464 2562 1530 statittnem,
2589 1479 2691 1519 nec
2716 1464 2999 1518 viduarum
3030 1464 3338 1520 miseranda
3376 1467 3642 1522 desolatio
3672 1467 3851 1538 legiti-

2250 1574 2393 1612 mam
2416 1540 2936 1614 habere'libertatem
2959 1560 3317 1629 permittitur,
3337 1576 3437 1617 nec
3463 1561 3591 1619 lilia:
3612 1562 3669 1616 in
3693 1572 3852 1617 δείδιε

2249 1644 2477 1722 puellari
2509 1652 2565 1704 et
2585 1654 2869 1719 parentum
2899 1650 3148 1708 domibus
3179 1653 3507 1721 constituta},
3558 1654 3725 1724 juxta
3776 1657 3852 1711 le-

2252 1754 2346 1814 ges
2370 1743 2586 1798 divinas
2616 1752 2672 1800 ot
2697 1744 2984 1810 humanas,
3015 1747 3331 1803 earumdem
3382 1757 3681 1819 parentum
3731 1764 3856 1805 suo-

2256 1852 2372 1890 rum
2400 1837 2540 1892 votis
2587 1846 2753 1908 atque
2803 1838 3147 1905 auctoritate,
3205 1841 3602 1898 matronalibus
3652 1846 3857 1915 nuptiis

558 1942 800 1996 Christus
825 1940 1007 1995 dilexit
1037 1938 1350 2003 Ecclesium,
1372 1948 1418 1991 et
1440 1938 1668 2007 seipsum
1694 1937 1910 1992 tradidit
1952 1954 2049 2008 pro
2069 1954 2151 2004 ea,
2180 1939 2229 1997 B
2259 1929 2535 1985 honestari
2586 1929 2860 1987 ullatenus
2911 1931 3164 1987 sinuntur
3191 1950 3207 1987 :
3238 1941 3295 1989 et
3336 1933 3579 2005 ipsarum
3637 1951 3857 2009 quoque

559 2034 820 2089 mandans
844 2050 959 2087 eam
983 2032 1192 2085 lavacro
1218 2047 1369 2099 aqua:
1392 2029 1445 2083 in
1473 2030 1625 2084 verba
1655 2029 1792 2095 vitae,
1839 2038 1897 2083 ut
1938 2028 2149 2084 exhibe-

560 2137 635 2182 ret
667 2122 776 2196 ipse
802 2124 902 2180 sibi
925 2114 1209 2195 gloriosam
1240 2119 1553 2187 Ecclesiam,
1578 2137 1683 2176 non
1725 2119 1997 2176 habentem
2038 2138 2153 2175 ma-

560 2212 733 2272 culam
754 2226 844 2270 aut
870 2228 1072 2286 rugam,
1125 2224 1216 2267 aut
1268 2212 1470 2284 aliquid
1517 2210 1776 2282 ejusmodi
1805 2202 1936 2267 :sed
1980 2223 2033 2267 ut
2083 2213 2150 2266 sit

558 2317 743 2364 sancta
765 2317 811 2361 et
841 2298 1181 2362 immaculata
1215 2294 1431 2376 (Eplies.
1451 2318 1505 2369 ν,
1537 2296 1651 2375 25).
1706 2294 2024 2375 Quicunque
2052 2303 2151 2376 igi-

563 2407 649 2455 tur
678 2396 837 2468 hujus
878 2393 1067 2453 matris
1108 2390 1268 2461 iilius,
1319 2388 1478 2467 hujus
1526 2392 1769 2466 corporis
1824 2396 2147 2463 membrum,

559 2492 717 2561 hujus
748 2491 931 2560 templi
956 2490 1134 2560 portio
1178 2489 1451 2544 veraciter
1475 2502 1595 2544 esse
1623 2486 1914 2555 desiderat,
1966 2484 2152 2544 audiat

555 2592 611 2640 et
640 2576 897 2641 obaudiat
930 2576 1159 2639 ﬁdeliter
1207 2582 1379 2638 eidem
1411 2580 1664 2654 Apostolo
1714 2576 2024 2638 admonenti
2068 2590 2150 2637 at-

555 2688 659 2743 que
686 2671 882 2729 dicenti
919 2691 931 2728 :
977 2671 1077 2729 Vos
1099 2674 1236 2728 enim
1268 2673 1391 2727 estis
1416 2668 1663 2745 templum
1710 2668 1806 2727 Dei
1847 2673 1966 2742 vivi,
2016 2673 2148 2728 sicut

555 2760 680 2819 dicit
714 2764 992 2831 Dominus,
1015 2774 1062 2819 et
1086 2756 1388 2818 inhabitabo
1418 2774 1466 2818 et
1495 2758 1832 2818 inambulabo
1862 2765 1917 2817 in
1948 2758 2075 2829 illis,
2101 2772 2149 2820 et

553 2875 641 2915 ero
667 2860 740 2914 eis
762 2856 925 2927 Deus,
956 2868 1005 2914 et
1037 2858 1135 2930 ipsi
1179 2867 1331 2913 erunt
1370 2858 1496 2911 milii
1533 2856 1758 2929 papulas
1812 2852 1898 2929 (II
1923 2856 2045 2913 Cor.
2070 2873 2143 2924 γι,

554 2950 663 3027 16).
691 2950 758 3009 Ει
780 2962 905 3024 post
933 2950 1210 3025 paululum
1244 2972 1255 3006 :
1293 2946 1406 3005 llas
1437 2948 1600 3023 igitur
1640 2948 1886 3007 habentes
1925 2954 2148 3023 promis-

550 3046 746 3113 siones,
772 3042 1090 3113 charissimi,
1122 3040 1432 3103 mandemus
1476 3064 1569 3101 nos
1614 3047 1678 3101 ab
1730 3049 1872 3101 omni
1901 3049 2146 3117 inquina-

550 3146 722 3192 ntento
751 3138 926 3193 carnis
955 3148 1002 3194 et
1035 3136 1279 3209 spiritus,
1304 3136 1630 3211 perﬁcientes
1679 3139 2147 3208 sanctiﬁcationem

536 3227 604 3285 in
626 3229 811 3285 timore
838 3224 937 3283 Dei
965 3222 1053 3302 (ΙΙ
1077 3228 1199 3284 Cor.
1234 3247 1330 3295 vn,
1365 3224 1438 3298 l).
1468 3228 1541 3286 De
1571 3229 1767 3287 talibus
1807 3229 1953 3285 enim
1982 3246 2147 3286 mem—

2256 2022 2745 2081 sanctimonialium
2773 2015 2883 2083 Deo
2907 2024 3085 2083 dicata
3121 2027 3355 2094 devotio,
3413 2037 3607 2085 contra
3651 2029 3856 2101 proles-

2256 2114 2464 2172 sionem
2496 2110 2823 2185 sanctitatis,
2848 2127 2903 2175 et
2921 2120 3282 2176 reverentiam
3312 2120 3511 2176 divina:
3561 2138 3853 2179 consecra-

2256 2206 2442 2275 tionis,
2475 2206 2795 2266 dissolvilur
2845 2221 2900 2268 et
2950 2202 3288 2283 profanatur.
3335 2208 3417 2269 ita
3461 2206 3554 2270 ille
3601 2217 3855 2287 antiquus

2254 2298 2477 2356 humani
2501 2300 2719 2372 generis
2734 2297 2906 2359 hostis
2920 2305 3190 2376 quondam
3211 2320 3309 2377 per
3318 2300 3613 2365 Baltiiasar
3634 2309 3851 2381 impia

2252 2402 2308 2450 et
2333 2394 2657 2465 sacrilegum
2680 2411 2861 2467 regem
2894 2412 3021 2453 vasa
3044 2398 3236 2453 domus
3267 2392 3361 2454 Dei
3386 2415 3564 2457 aurea
3586 2410 3753 2472 atque
3775 2419 3854 2457 ar-

2221 2571 2225 2574 .
2252 2501 2443 2561 gentea
2473 2490 2662 2564 polluit
2689 2490 2853 2566 (Dan.
2882 2492 2936 2568 v)
2972 2514 2987 2550 :
3019 2510 3163 2552 nunc
3190 2512 3288 2566 per
3312 2496 3547 2554 istorum
3579 2498 3855 2570 profanam

2254 2578 2596 2640 insolentiam
2628 2595 2790 2657 atque
2838 2586 3172 2657 impietatem
3223 2590 3392 2646 multo
3422 2593 3763 2663 pretiosiora
3807 2606 3853 2651 et

2251 2673 2363 2729 Deo
2393 2674 2645 2732 chariora
2676 2679 3076 2736 commaculare
3107 2686 3161 2736 et
3188 2679 3424 2738 ludibrio
3475 2692 3653 2756 atque
3702 2686 3854 2742 insul.

2254 2768 2445 2823 talioni
2463 2769 2766 2826 daemonum
2783 2768 3050 2841 subjicere
3071 2788 3176 2829 non
3200 2784 3398 2831 cessat.
3419 2766 3486 2832 Hi
3508 2786 3647 2834 sunt
3663 2778 3849 2850 publia'

2250 2870 2500 2931 raptores
2522 2868 2577 2915 et
2602 2860 2905 2932 praedanes,
2935 2877 3059 2916 cum
3085 2856 3435 2920 satellitibus
3464 2875 3521 2920 et
3569 2866 3738 2923 sociis
3768 2868 3853 2922 im-

2250 2950 2467 3022 pietatis
2494 2966 2625 3018 suie,
2648 2966 2759 3006 non
2784 2949 3013 3023 alicujus
3038 2944 3274 3011 hominis
3299 2956 3613 3014 exteriores
3641 2974 3732 3014 res
3775 2960 3852 3015 vel

2250 3034 2608 3096 substantiam
2662 3034 3044 3108 dev‘astantes,
3096 3041 3193 3098 sed
3244 3034 3418 3115 ipsius
3463 3040 3853 3118 omnipotentis

2251 3131 2346 3188 Dei
2378 3131 2643 3187 familiam
2672 3128 3080 3205 depOpulantes‘.
3105 3132 3242 3190 Cum
3273 3134 3475 3206 quibus
3511 3136 3711 3210 utique
3755 3157 3846 3197 nec

2251 3224 2431 3281 cibum
2463 3232 2681 3283 sumere
2702 3233 2941 3298 Oportet,
2974 3220 3117 3284 sicut
3142 3227 3209 3284 de
3249 3226 3509 3287 omnibus
3567 3232 3851 3304 rapacibus

548 3318 665 3380 bris
690 3329 746 3379 et
770 3316 1041 3396 lapidibus
1062 3324 1200 3380 vivis
1229 3324 1576 3380 constituitur
1620 3325 1709 3380 illa
1765 3324 1957 3381 civitas
2002 3325 2147 3398 regis
2174 3305 2220 3370 ο
2248 3318 2880 3413 ρωε-ιριίοειμοιιοιοιὶιεε
2910 3314 3216 3392 pmscribii
3246 3318 3301 3395 (Ι
3327 3316 3454 3378 Cor.
3484 3322 3573 3397 ν).
3640 3322 3699 3395 in
3745 3326 3853 3398 qui-

547 3416 752 3491 magni,
779 3435 919 3474 nova
944 3428 1110 3490 nupta
1133 3430 1190 3476 et
1216 3435 1414 3489 sponsa
1453 3419 1600 3491 agni,
1627 3418 1692 3475 de
1711 3434 1817 3491 qua
1847 3419 1905 3475 in
1933 3420 2144 3490 Apoca-

547 3506 686 3584 lypsi
713 3509 908 3583 legitur
934 3529 947 3565 :
977 3498 1126 3565 Beati
1153 3512 1241 3583 qui
1266 3498 1440 3566 lavant
1462 3510 1624 3566 stolas
1645 3528 1789 3577 suas,
1830 3521 1885 3567 ut
1910 3513 1975 3566 sit
1996 3522 2143 3582 pote-

546 3612 656 3658 stas
677 3620 859 3657 eorum
880 3604 933 3657 in
959 3602 1099 3673 ligno
1123 3603 1260 3668 vitw,
1277 3614 1322 3657 et
1339 3604 1502 3674 portis
1531 3603 1723 3658 intrent
1756 3606 1810 3658 in
1835 3605 2098 3659 civitatem
2124 3618 2143 3657 :

547 3694 680 3768 foris
701 3713 877 3763 canes,
903 3707 951 3751 et
974 3696 1247 3767 impudici,
1278 3706 1326 3752 et
1351 3698 1587 3768 veneﬁci,
1612 3706 1657 3752 et
1679 3699 1846 3753 omnis
1889 3699 1978 3770 qui
2000 3708 2143 3754 amat

545 3796 593 3843 et
615 3778 742 3858 facit
758 3788 1085 3844 mendacium
1100 3789 1283 3860 (Apoc.
1299 3805 1436 3857 χχιι,
1454 3789 1542 3854 14,
1562 3788 1671 3858 15).
1701 3788 1872 3861 Hujus
1896 3790 2145 3862 gloriosa:

547 3876 741 3938 domus
765 3880 859 3938 Dei
886 3883 1162 3952 decorem,
1183 3890 1240 3938 et
1256 3883 1430 3938 locum
1448 3881 1797 3939 habitationis
1807 3881 1992 3953 gloriae
2004 3883 2144 3954 ejus,

550 3974 861 4032 ﬁdelissime
884 3977 1109 4047 diligere
1127 3986 1183 4033 et
1213 3977 1383 4033 zelari
1413 3976 1612 4033 debent
1639 3993 1748 4032 non
1803 3972 1976 4033 solum
2030 3976 2142 4048 epi-

548 4071 695 4140 scopi
726 4079 780 4125 et
806 4072 1114 4127 sacerdotes
1144 4072 1196 4127 in
1226 4060 1465 4137 sedibus,
1526 4071 1622 4128 sed
1666 4072 1829 4127 etiam
1882 4087 2034 4143 rcges
2087 4073 2142 4127 in

549 4166 733 4237 regnis
759 4174 813 4222 et
835 4168 1049 4237 palatiis
1079 4168 1213 4233 suis,
1247 4176 1302 4222 et
1329 4182 1517 4237 regum
1544 4168 1772 4224 comites
1820 4169 1873 4223 in
1905 4169 2141 4225 civitati-

546 4258 648 4315 bus
671 4262 805 4329 suis,
830 4268 885 4317 et
906 4262 1167 4317 comitum
1197 4262 1388 4317 vicarii
1417 4263 1471 4317 in
1502 4261 1751 4333 plebibus
1783 4263 1917 4329 suis,
1950 4274 2006 4318 et
2029 4263 2144 4334 qui-

547 4368 761 4423 cunque
784 4353 1207 4425 patresfamilias
1228 4356 1284 4410 in
1316 4355 1569 4411 domibus
1594 4356 1731 4422 suis,
1765 4357 1819 4411 in
1848 4371 2015 4411 unum
2054 4355 2140 4412 di-

547 4459 737 4507 ves,ac
765 4460 994 4516 pauper,
1024 4447 1078 4500 in
1106 4455 1287 4502 mente
1306 4456 1360 4501 et
1382 4447 1595 4503 actibus
1619 4447 1751 4503 suis.
1786 4446 1941 4503 Hunc
1966 4447 2141 4503 zelum

548 4537 821 4606 praecipue
847 4537 1136 4607 Apostolus
1165 4540 1431 4604 exercuit,
1458 4546 1515 4594 et
1536 4538 1691 4594 nobis
1745 4554 1843 4594 suo
1894 4539 2141 4611 exemplo

550 4627 914 4683 exercendum
943 4629 1344 4685 commendavit
1369 4631 1591 4686 dicens:
1623 4628 1695 4683 1E
1702 4627 1872 4683 mulor
1886 4631 2023 4685 enim
2054 4648 2138 4686 vos

2248 3409 2353 3466 bus
2381 3409 2470 3466 isti
2497 3408 2731 3482 primam
2767 3409 3017 3468 obtinent
3060 3412 3263 3481 locum,
3303 3418 3560 3486 raptores
3608 3416 3850 3474 videlicet

2248 3502 2535 3561 viduarum
2556 3511 2612 3561 et
2665 3504 2990 3577 puellarum,
3046 3513 3103 3563 et
3149 3506 3679 3576 sanctimonialium,
3736 3528 3849 3569 coa-

2247 3596 2545 3668 teinptores
2572 3590 2939 3667 sacerdotum,
2992 3598 3286 3658 violatores
3340 3602 3530 3674 templi
3582 3600 3702 3669 Dei,
3752 3618 3846 3660 nou

2248 3678 2504 3744 timentes
2539 3682 2670 3744 illud
2700 3688 3058 3762 apostolicum
3092 3707 3107 3747 :
3141 3690 3205 3749 Si
3228 3694 3347 3766 quis
3378 3702 3561 3749 autem
3603 3695 3844 3767 temptaui

2247 3770 2347 3834 Dei
2374 3770 2643 3835 violaverit
2670 3822 2686 3849 ,
2736 3777 2998 3854 disperdet
3028 3772 3179 3840 illum
3205 3776 3345 3842 Deus
3394 3778 3445 3859 (I
3474 3778 3605 3842 Cor.
3632 3806 3717 3855 ιιι,
3744 3784 3843 3859 i7).

2247 3862 2315 3928 Et
2338 3882 2507 3940 reete,
2553 3870 2599 3929 si
2624 3872 2842 3945 aliquod
2872 3875 3130 3947 templum
3158 3876 3254 3932 Dei
3286 3892 3355 3934 ex
3384 3874 3552 3949 lignis
3578 3887 3634 3935 et
3662 3868 3843 3951 lapidi-

2247 3958 2350 4018 bus
2395 3979 2560 4019 manu
2614 3964 2820 4021 factum
2875 3962 3254 4037 incenderent,
3310 3969 3427 4025 sive
3480 3968 3842 4037 destruereui,

2247 4048 2315 4110 ab
2372 4044 2624 4112 omnibus
2698 4054 2950 4132 sacrilegi
3004 4067 3059 4116 et
3119 4060 3379 4132 puniendi
3426 4052 3838 4136 iudicarentur:

2247 4154 2450 4218 quanto
2494 4149 2667 4221 magis
2713 4148 2804 4222 qui
2852 4146 2949 4207 Dei
3001 4146 3109 4208 vivi
3157 4150 3425 4226 templum
3454 4152 3840 4212 subvertereet

2247 4244 2513 4318 dissipare
2542 4254 2650 4304 non
2682 4257 2952 4329 metuunt,
3000 4251 3128 4306 dum
3172 4268 3242 4308 ex
3296 4262 3456 4325 raptu
3506 4254 3835 4309 arbitrantur

2244 4338 2545 4412 fieriposse
2573 4340 2906 4415 conjugium,
2934 4353 3001 4401 et.
3017 4359 3087 4401 ex
3115 4344 3305 4418 iniquo
3349 4340 3719 4403 contubernio
3765 4346 3834 4401 te»

2244 4431 2493 4501 gitimum
2547 4430 2954 4490 matrimonium
2986 4476 3000 4502 ,
3050 4434 3195 4507 quod
3245 4435 3392 4493 nulla
3440 4455 3685 4510 unquam
3740 4438 3836 4503 lex,

2244 4518 2389 4580 nulla
2420 4524 2777 4583 humanitatis
2812 4524 3149 4584 consuetudo
3175 4525 3459 4601 permisit?
3509 4526 3648 4587 Nam
3696 4539 3749 4587 et
3786 4530 3834 4584 in

2244 4608 2467 4673 exordio
2495 4614 2680 4674 mundi
2734 4614 2802 4674 ad
2849 4621 3296 4692 propagationem
3354 4622 3574 4694 generis
3626 4619 3831 4680 humani

554 4718 649 4773 υεε
679 4718 1054 4774 mmmam“;
1086 4720 1339 4790 despondi
1361 4723 1501 4776 enim
1530 4739 1618 4777 υοε
1648 4725 1738 4776 uni
1763 4723 1872 4778 vim
1892 4722 2136 4795 virginem
2165 4697 2218 4758 D
2245 4709 2545 4764 masculum
2567 4720 2620 4766 et
2651 4708 2907 4795 fentinam
2932 4706 3074 4767 Deus
3105 4706 3249 4777 fecit,
3286 4727 3491 4783 eosque
3547 4726 3648 4768 sua
3686 4714 3834 4767 bene.

551 4821 752 4867 castam
796 4806 1040 4869 exhibere
1062 4811 1294 4875 Christo
1337 4813 1422 4887 (11
1454 4813 1574 4869 Cor.
1608 4831 1687 4879 xi,
1718 4815 1796 4885 2).
1849 4817 1926 4871 De
1956 4816 2057 4877 hoc
2084 4826 2141 4872 et

549 4903 665 4976 ipse
686 4903 946 4960 Dominus
994 4903 1231 4976 loquitur
1270 4904 1323 4960 in
1355 4906 1568 4961 Psalmo
1595 4924 1607 4960 :
1635 4904 1791 4961 Zelus
1820 4908 2006 4961 domus
2033 4917 2138 4964 tua:

528 4997 767 5063 ,comedit
798 5015 879 5053 me
902 4996 1075 5070 (Psal.
1102 5013 1292 5063 vam,
1326 4998 1434 5070 10).
1467 4997 1639 5066 Quem
1671 4999 1843 5054 zelum
1880 5010 1987 5056 tam
2030 5009 2138 5056 ter-

548 5090 777 5146 ribiliter
794 5092 1056 5158 exercuit,
1086 5100 1274 5146 utnon
1300 5093 1486 5158 verbo,
1519 5106 1628 5162 quo
1657 5092 1819 5148 etiam
1865 5093 2136 5150 daemones

547 5183 790 5255 fugabat,
823 5185 918 5241 sed
962 5200 1124 5241 manu
1174 5194 1230 5241 et
1274 5184 1485 5256 ﬂagello
1527 5185 1901 5256 prol‘auatores
1950 5186 2140 5242 domus

547 5276 642 5331 Dei
679 5278 838 5333 simul
874 5293 997 5333 cum
1025 5277 1137 5333 suis
1159 5276 1524 5333 oblationibus
1559 5286 1613 5333 et
1663 5277 1965 5343 sacriﬁciis,
2020 5292 2139 5346 quae

544 5385 851 5442 praeparare
882 5370 1221 5434 videbantur,
1247 5372 1541 5425 extruserit
1567 5370 1749 5442 (Joan.
1781 5371 1864 5441 ιι).

614 5462 745 5519 Ωιι».
784 5461 870 5517 ιγ.
921 5462 1286 5519 Obsecramus
1314 5463 1495 5533 igitur,
1549 5471 1688 5520 utet
1735 5464 1912 5535 pietas
1955 5472 2139 5520 vestra

544 5572 611 5611 ex
640 5556 742 5611 hac
769 5564 956 5613 sancta
980 5565 1155 5613 matre
1175 5563 1452 5628 generata,
1496 5556 1667 5627 ipsius
1697 5553 1991 5612 Salvatoris
2018 5538 2138 5610 imi-

549 5658 710 5703 tatrix
757 5642 966 5716 ctiecta,
997 5649 1150 5720 cujus
1191 5650 1562 5706 misericordia
1590 5660 1644 5705 et
1674 5657 1785 5705 tuta
1817 5656 1872 5704 et
1900 5647 2137 5704 exaltata

542 5743 818 5807 consistit,
851 5744 1078 5814 arripiat
1105 5742 1279 5798 zelum
1310 5757 1408 5813 pro
1434 5743 1591 5797 domo
1617 5741 1735 5807 Dei,
1762 5751 1816 5797 et
1856 5740 2138 5797 tumuletur

546 5846 668 5888 aem
694 5833 786 5888 Dei
810 5836 1175 5902 aemulatione,-
1224 5850 1481 5891 coercens
1509 5843 1564 5890 et
1593 5835 1922 5905 exstirpans,
1967 5844 2021 5890 ct
2044 5832 2136 5889 lia-

547 5923 688 5996 gello
711 5922 873 5993 justae
902 5927 1212 5984 severitatis
1242 5927 1612 5983 exterminans
1634 5928 1994 5999 quorumdam
2039 5926 2111 5984 ito

2242 4799 2476 4857 dictione
2503 4801 2783 4873 cOnjunxit
2814 4792 3035 4860 dicens:
3067 4802 3297 4860 Crescite
3318 4815 3365 4860 et
3412 4798 3833 4878 multiplicamini

2243 4892 2396 4966 (Gen.
2428 4911 2467 4961 i,
2500 4884 2613 4962 28).
3020 4966 3023 4969 ν

2312 4988 2439 5043 CAP.
2482 4985 2547 5041 γ.
2606 4982 2772 5056 Ctijus
2819 4984 2897 5044 rei
2934 4982 3236 5044 imitatione
3281 4984 3446 5044 etiam
3501 4997 3689 5046 sancta
3734 4984 3827 5046 Ec-

2239 5070 2405 5134 clesia
2438 5072 2739 5151 antiquitas
2760 5074 3077 5135 solemniter
3106 5088 3161 5136 et
3183 5074 3572 5138 venerabiliter
3600 5080 3821 5137 custodi-

2243 5160 2341 5236 vlt,
2374 5178 2468 5225 ens
2496 5170 2587 5240 qui
2620 5171 2671 5225 in
2699 5168 2788 5225 illa
2817 5171 2968 5226 velut
3019 5162 3072 5224 iii
3124 5170 3381 5241 paradiso
3438 5166 3537 5226 Dei
3595 5168 3825 5242 coniugio

2244 5252 2526 5332 copulandi
2552 5264 2754 5330 eSSent,
2792 5256 2974 5319 divina
3024 5250 3402 5318 benedictione
3450 5264 3509 5319 et
3552 5252 3823 5319 missarum

2234 5350 2610 5413 celebratione
2640 5356 2993 5430 conjungens’.
3044 5346 3174 5425 Quae
3212 5348 3462 5413 videlicet
3505 5358 3722 5413 honesta
3773 5362 3821 5409 et

2236 5440 2494 5522 religioSa
2522 5447 2852 5520 coniunctio,
2879 5434 2990 5504 tiéo'
3012 5444 3231 5505 auctare
3260 5459 3464 5521 empta,
3498 5457 3554 5505 et
3594 5450 3703 5521 ejus
3742 5447 3822 5502 be

2242 5534 2548 5599 nedictione
2572 5534 2806 5610 firmata,
2829 5540 2996 5599 etiam
3037 5536 3179 5598 inter
3223 5551 3433 5615 gentes,
3474 5559 3594 5615 qua:
3632 5541 3817 5596 nullam

2243 5628 2418 5710 legem
2450 5647 2798 5710 acceperunt,
2842 5636 3045 5695 nullum
3079 5629 3173 5695 Dei
3209 5636 3525 5695 habuerunt
3566 5637 3814 5695 notitiam,

2243 5718 2482 5804 legitimo
2504 5732 2693 5788 ordine
2723 5742 2778 5789 et
2807 5722 3045 5788 naturali
3071 5720 3188 5806 lege
3216 5741 3430 5787 servata
3468 5741 3567 5788 est.
3594 5729 3693 5784 Nec
3724 5741 3815 5780 un-

2245 5843 2405 5900 quam
2437 5844 2550 5883 rem
2587 5822 2758 5900 pacis,
2812 5826 3098 5885 cliaritatis
3146 5832 3309 5900 atque
3363 5826 3674 5891 concordire,
3724 5837 3815 5894 per

2245 5912 2595 5991 discordiam,
2625 5933 2680 6009 et
2710 5916 3046 5993 violentiam,
3070 5931 3127 5980 et
3165 5922 3501 5994 impietatem
3556 5916 3663 5976 ﬁeri
3710 5914 3812 5972 lici-
