4010 6330
210 436 349 494 1621
384 422 387 425 Α

1060 456 1065 465 -
1155 420 1243 493 se
1279 428 1697 531 conscenso
1737 430 1972 497 narra
2015 428 2407 512 VIDUARUM,
2448 434 2602 503 sic.

3357 444 3497 511 i022

207 571 325 616 tum
356 555 476 613 fuit.
512 552 806 646 Testaiitur
839 554 943 611 boe
970 554 1198 627 publica!
1229 555 1599 616 Romanorum
1629 559 1795 629 leges,
1824 554 1873 620 Δ
1903 570 2036 632 agro
2092 566 2296 617 tantam
2355 556 2667 623 Violentiam
2709 574 3059 640 perpetrant,
3114 578 3169 626 et
3216 571 3351 630 istos
3402 580 3497 646 qui

203 652 407 725 quibus
440 642 629 706 orbem
671 648 984 705 universum
1029 650 1215 708 vivere
1260 652 1361 708 sub
1415 664 1512 708 Sua
1558 651 1803 709 domina-

200 749 356 806 sione
380 736 778 802 constituerunt
810 759 826 798 :
856 742 909 798 in
968 745 1164 814 quibus
1216 740 1503 801 manifeste
1552 744 1801 817 praecipi-

205 846 317 907 tur,
353 848 408 894 et
431 838 580 893 viros
604 844 849 907 raptores
874 844 929 891 et
955 832 1187 892 feminas
1210 844 1420 908 raptas,
1448 838 1491 893 si
1544 834 1645 903 eis,
1689 837 1803 893 sive

203 942 338 990 ante
372 941 612 1004 raptum,
640 930 752 985 sive
789 937 913 1000 post
944 938 1183 1000 raptum,
1210 944 1535 985 consensum
1558 931 1802 1000 praebue-

202 1028 337 1095 rint,
369 1026 550 1099 poenis
579 1024 781 1079 ultimis
810 1036 929 1079 esse
978 1022 1278 1093 pttniendos
1311 1041 1323 1076 :
1355 1018 1631 1093 adjutores
1674 1034 1803 1093 quo-

199 1138 310 1195 que
343 1128 397 1176 et
435 1114 716 1174 ministros
771 1125 1053 1189 raptorum
1107 1112 1320 1188 ignibus
1350 1116 1797 1183 concremandos,

198 1222 258 1269 et
322 1211 732 1268 conciliatorum
794 1227 858 1267 ac
922 1202 1282 1265 mediatorum
1350 1206 1485 1263 tanti
1542 1204 1801 1264 facinoris

196 1306 424 1379 plumbo
453 1302 678 1376 liquenti
708 1312 870 1375 atque
902 1296 1133 1359 ferventi
1162 1317 1258 1357 ora
1308 1302 1636 1357 damnanda.
1688 1298 1799 1358 Nec

195 1403 314 1460 ullo
341 1404 501 1459 modo
535 1403 704 1468 illam,
733 1418 853 1473 qua:
885 1415 944 1457 se
992 1411 1203 1472 raptam
1255 1412 1376 1456 esse
1419 1396 1796 1471 conqueritur,

178 1495 451 1569 excusari
484 1512 661 1567 posse,
690 1512 810 1566 quae
849 1510 908 1549 se
965 1494 1066 1551 nec
1113 1492 1469 1548 dormituram
1527 1490 1799 1549 custodire

156 1570 425 1653 "studuit,
455 1603 555 1643 nec
590 1587 818 1642 vocibus
846 1580 1149 1641 vicinorum
1182 1580 1376 1641 solatia
1434 1592 1597 1655 atque
1647 1583 1799 1638 auxi-

194 1680 265 1736 lia
298 1679 582 1753 ﬂagitavit.
619 1679 771 1747 Quod
801 1674 1123 1733 mirabiliter
1148 1676 1344 1733 divina":
1370 1676 1471 1749 legi
1512 1684 1795 1742 consonat,

194 1774 289 1830 ubi
316 1773 489 1846 puella
518 1773 865 1843 desponsata,
914 1770 959 1824 si
993 1770 1060 1825 ab
1090 1770 1270 1841 aliquo
1330 1766 1384 1825 in
1441 1766 1663 1849 civitate
1704 1782 1799 1839 op-

142 1904 151 1917 ι
192 1884 386 1942 pressa
410 1867 593 1932 fuerit,
625 1862 895 1937 lapidibus
930 1865 1083 1919 obrui
1108 1863 1350 1935 jubetur,
1380 1863 1507 1934 quia
1539 1872 1645 1917 non
1687 1862 1797 1917 cla-

1905 652 2017 709 sive
2048 652 2101 709 in
2130 652 2461 724 civitatibus,
2491 660 2604 716 sive
2654 658 2709 715 in
2742 661 2843 717 viis
2896 661 2981 717 vei
3019 649 3286 731 domibus,
3333 666 3497 722 etiam

1904 758 2027 802 cum
2064 746 2222 803 turba
2245 754 2299 803 et
2321 748 2487 805 armis
2528 749 2723 809 similia
2750 754 3096 811 committunt
3149 773 3165 812 :
3222 757 3324 815 nisi
3354 761 3501 830 quod

1903 830 1979 893 illi
2023 830 2227 894 similes
2279 848 2405 895 sunt
2432 839 2753 911 latronibus,
2788 846 2878 916 qui
2911 845 2965 901 in
3009 846 3160 905 silvis
3186 858 3243 905 et
3268 849 3499 907 desertis

1902 927 2037 983 locis
2067 925 2279 985 occulte
2311 929 2655 1000 insidiantur,
2688 935 2776 989 isti
2806 948 2939 992 vero
2979 936 3186 994 similes
3219 940 3499 996 atrocissia-

1901 1022 2005 1076 mis
2036 1030 2091 1077 et
2138 1023 2503 1093 apertissimis
2560 1026 2924 1096 praedonibus,
2973 1030 3065 1101 qui
3117 1031 3201 1087 Vel
3230 1040 3500 1089 uncturno

1901 1116 2137 1183 silentio,
2176 1110 2259 1172 vel
2287 1116 2435 1173 clara
2488 1117 2609 1175 luce
2648 1120 2859 1176 civibus
2915 1118 3097 1180 infeStl
3127 1126 3182 1180 et
3210 1124 3500 1197 perniciosi

1900 1210 2157 1265 existunt.
2191 1209 2439 1278 Quicum
2467 1224 2567 1266 nec
2597 1210 2791 1268 divina:
2843 1212 2981 1287 legis
3018 1214 3233 1282 ordine,
3259 1232 3364 1274 nec
3404 1233 3502 1289 pa-

1900 1304 2126 1360 rentalis
2156 1304 2448 1360 voluntatis
2469 1306 2816 1373 auctoritate,
2843 1322 2946 1364 nec
2968 1306 3354 1368 ecclesiastica
3376 1326 3502 1368 san-

1902 1394 2106 1454 ctitatis
2130 1399 2360 1469 pietate,
2388 1400 2722 1473 coniugalem
2751 1404 2999 1472 copulam
3028 1402 3205 1459 sortiti
3237 1412 3381 1471 sunt,
3407 1404 3503 1461 sed

1900 1490 2124 1562 insuper
2150 1508 2249 1563 pro
2281 1492 2660 1551 benedictione
2687 1490 3011 1553 sacerdotali
3043 1498 3501 1553 excommunica-

1900 1583 2103 1641 tlonem
2131 1580 2403 1655 publicam
2425 1596 2491 1641 ex
2512 1588 2838 1643 auctoritate
2863 1602 3133 1643 canonum
3166 1597 3499 1654 meruerunt,

1900 1682 2004 1746 qua
2034 1676 2216 1733 fronte
2246 1677 2589 1751 sacrilegium
2619 1677 2789 1735 videri
2812 1676 3002 1735 volunt
3024 1694 3146 1737 esse
3166 1681 3500 1753 cenjugium,

1900 1778 1955 1824 ct
1977 1764 2324 1827 latrocinium
2349 1773 2775 1840 matrimonium,
2793 1782 2847 1829 et
2872 1772 3185 1831 violentiam
3210 1774 3504 1846 pietatem?

1900 1858 2036 1917 Cum
2082 1878 2183 1919 nec
2214 1863 2331 1918 sine
2378 1862 2731 1920 fundamento
2782 1864 2951 1936 possit
3001 1866 3300 1922 consistere
3329 1864 3501 1922 cedill-

191 1930 370 2018 inavit
390 1977 514 2018 cum
537 1969 681 2017 esset
702 1960 755 2015 in
780 1958 1022 2025 civitate,
1052 1958 1142 2013 ubi
1171 1952 1253 2013 vel
1279 1973 1546 2013 concursu
1574 1955 1794 2024 civium,
1827 1930 1873 1993 Β
1902 1953 2069 2021 cium,
2097 1962 2152 2010 et
2185 1955 2484 2026 exstirpata
2528 1954 2739 2012 arboris
2766 1950 2969 2025 radice,
2995 1964 3337 2030 nequaquam
3368 1957 3505 2014 rami

187 2056 281 2113 vel
296 2054 535 2112 subsidio
554 2051 971 2109 domesticorum
990 2058 1201 2122 poterat
1216 2046 1435 2105 liberari
1451 2047 1633 2120 (Deut.
1651 2063 1764 2103 χχιι
1777 2091 1791 2114 ,

189 2148 306 2222 14).
334 2146 486 2206 Unde
510 2155 565 2203 et
592 2147 747 2202 beata
779 2144 869 2199 illa
901 2140 1146 2199 Susanna
1176 2140 1449 2210 laudatur,
1501 2154 1664 2214 quam
1697 2157 1795 2213 pa-

189 2254 380 2305 rentes
413 2245 529 2314 ejus
552 2259 674 2299 cum
702 2251 888 2300 essent
937 2240 1071 2312 justi
1127 2239 1445 2296 erudierant
1495 2237 1793 2295 secundum

188 2339 368 2410 legem
400 2338 598 2410 Moysis
629 2356 641 2391 :
667 2336 796 2408 quia
828 2349 952 2391 cum
977 2332 1257 2388 lavaretur
1287 2326 1401 2387 sola
1433 2330 1490 2387 in
1545 2331 1794 2402 pomario

186 2433 433 2499 viri-sui,
463 2448 572 2489 non
595 2432 771 2488 solum
802 2430 1005 2501 iniquis
1034 2429 1255 2486 senibus
1290 2443 1397 2484 non
1429 2427 1663 2500 praebuit
1709 2444 1794 2483 as-

186 2540 415 2582 sensum
441 2524 716 2590 adulterii,
738 2524 834 2580 sed
860 2522 1026 2579 etiam
1056 2537 1186 2576 voce
1214 2536 1411 2591 magna
1443 2520 1790 2585 exclamavit,

184 2628 249 2674 ut
296 2617 488 2674 famuli
531 2619 725 2674 domus
770 2618 1044 2682 audirent,
1099 2626 1153 2670 et
1191 2623 1592 2680 succurrerent,
1632 2620 1794 2683 atque

187 2711 263 2766 ita
286 2710 359 2766 ab
378 2711 672 2783 impiorum
708 2709 989 2780 impietate
1020 2715 1421 2779 protegeretur,
1445 2705 1590 2761 sicut
1632 2712 1686 2757 et
1715 2701 1792 2757 la-

186 2812 454 2910 ctumist
476 2803 637 2876 (Dan.
664 2817 784 2868 stu,
810 2790 924 2870 24).

258 2896 402 2975 Gs:
428 2917 516 2972 Vl.
568 2915 677 2972 Sed
723 2923 778 2971 et
821 2924 932 2972 tam
978 2923 1227 2971 sanetum
1265 2921 1430 2983 atque
1479 2912 1792 2971 inviolabile

188 3010 512 3066 voluitesse
561 3008 647 3062 lex
691 3006 787 3063 Dei
840 3005 1019 3063 fmdua
1065 3014 1122 3062 et
1147 3003 1427 3061 vinculum
1452 3004 1789 3075 nuptiarum,

186 3100 457 3174 parentali
489 3100 814 3156 auctoritate
839 3106 896 3155 et
930 3098 1171 3169 legitima
1203 3096 1570 3167 postulatione
1611 3097 1793 3153 initia-

189 3202 333 3260 tum,
355 3201 419 3247 ut
451 3191 686 3261 puellam
719 3191 1126 3263 desponsatam,
1172 3191 1338 3246 etiam
1385 3198 1513 3246 ante
1540 3190 1792 3262 copulam

181 3287 527 3358 nuptiarum,
548 3298 774 3340 uxorem
803 3283 921 3353 eius
946 3284 1032 3340 eui
1058 3284 1385 3354 desponsata
1408 3292 1639 3341 estesse
1665 3298 1792 3339 eon-

179 3380 392 3445 ﬁrmet,
422 3377 611 3435 dicens
638 3395 655 3431 ε
685 3375 747 3433 8i
774 3375 1008 3447 puellam
1034 3378 1289 3447 virginem
1319 3375 1654 3445 desponderit
1691 3375 1791 3441 vir,

179 3484 234 3530 st
256 3469 513 3528 invenerit
541 3476 660 3527 sunt
685 3452 880 3540 aliquis
925 3470 983 3524 in
1014 3468 1250 3534 civitate,
1301 3477 1349 3522 et
1389 3468 1626 3523 cubuerit
1670 3480 1790 3522 cum

180 3564 306 3630 illa,
331 3562 522 3618 educes
538 3571 819 3632 utrumque
848 3578 1010 3631 usque
1039 3561 1108 3615 ad
1130 3570 1337 3631 portam
1372 3562 1599 3615 civitatis
1621 3558 1787 3629 illius,

180 3665 236 3711 οε
264 3653 532 3725 lapidibus
559 3653 870 3715 obruantur,
907 3650 1223 3720 puellaquia
1252 3666 1359 3705 non
1387 3649 1637 3704 clamavit
1668 3664 1789 3704 cum

184 3759 320 3806 esset
366 3751 423 3804 in
466 3747 696 3809 ciuitati,
721 3746 800 3799 vir
825 3746 952 3815 quia
976 3744 1273 3799 hamiliavit
1302 3760 1521 3798 uxorem
1560 3742 1791 3813 proximi

185 3843 273 3898 sui
298 3837 483 3910 (Deut.
514 3842 653 3899 xm,
676 3835 788 3906 93).
810 3835 940 3891 Inde
958 3844 1045 3892 est
1063 3834 1208 3905 quod
1228 3834 1394 3889 etiam
1416 3834 1471 3889 in
1498 3833 1791 3905 Evangelio

188 3937 443 3994 debeata
477 3940 537 3989 et
573 3930 809 4003 gloriosa
849 3929 947 3985 Del
983 3928 1247 4001 genitrice
1276 3927 1465 3992 Maria,
1493 3942 1618 3983 cum
1646 3934 1793 3981 esset

189 4006 529 4100 desponsata.
561 4023 784 4094 losoph,
810 4022 1010 4079 dicitur
1040 4020 1114 4075 illi
1147 4035 1248 4090 per
1272 4020 1525 4091 angelum
1554 4017 1788 4089 :loseph

186 4120 271 4191 ﬁli
323 4116 515 4183 David,
544 4115 656 4171 noli
715 4114 899 4169 timere
946 4113 1182 4183 accipere
1231 4109 1462 4165 Mariam
1511 4109 1787 4180 conjugem

188 4227 341 4270 utam
373 4210 590 4285 (Matth.
624 4226 666 4275 ι,
688 4206 804 4278 20).
838 4207 908 4262 Et
926 4206 983 4262 in
1012 4204 1152 4262 Osca
1197 4203 1481 4274 propheta,
1516 4203 1560 4257 si
1598 4202 1788 4273 puella:

189 4307 531 4375 desponsatas
557 4301 627 4357 ab
651 4299 775 4354 aliis
798 4296 1012 4354 violata:
1042 4294 1264 4359 fuerint,
1297 4293 1559 4349 adultera:
1582 4307 1788 4347 nuncn-

187 4404 409 4471 patitur,
432 4394 658 4461 dicente
679 4391 907 4449 Domino
951 4408 966 4445 :
1015 4388 1142 4445 Non
1196 4385 1418 4444 visitabo
1463 4402 1618 4457 super
1645 4383 1786 4453 [ilius

186 4499 409 4553 vestras,
453 4503 573 4542 cum
601 4485 799 4557 fuerint
831 4484 1129 4555 fornicatur,
1165 4494 1333 4553 neque
1370 4496 1526 4551 super
1566 4492 1786 4550 sponsas

188 4592 391 4638 vostras
425 4594 544 4635 cum
570 4578 982 4634 adulteraverint
1013 4574 1158 4649 (Oss.
1192 4589 1269 4641 tv,
1309 4573 1423 4645 14).
1455 4571 1567 4629 llos
1603 4579 1785 4628 autem

1820 3310 1868 3381 C

1899 2044 2107 2103 virides
2130 2045 2397 2119 pullulent
2422 2066 2435 2103 :
2482 2057 2537 2105 et
2559 2046 2625 2105 de
2653 2048 2962 2121 huiusmodi
2998 2058 3343 2123 nequaquam
3374 2048 3507 2123 legi-

1898 2138 2034 2200 timo
2062 2144 2356 2211 connubio,
2392 2142 2487 2200 sed
2545 2143 2854 2201 adulterino
2902 2142 3282 2211 contubernio,
3332 2143 3505 2199 nulla-

1897 2242 2057 2293 tenus
2088 2235 2192 2292 dici
2222 2234 2393 2309 possit
2422 2232 2567 2309 quod
2621 2236 2887 2295 Dominus
2914 2239 2969 2294 in
3026 2232 3320 2311 Evangelia
3360 2238 3436 2293 ait
3486 2255 3500 2293 :

1901 2316 2055 2396 Quod
2084 2344 2205 2401 ergo
2228 2327 2369 2385 Deus
2391 2330 2686 2400 conjunxit,
2728 2334 2883 2385 homo
2913 2342 3013 2384 non
3048 2338 3250 2402 Separet
3281 2326 3498 2401 (Matth.

1895 2434 2011 2491 xix,
2042 2423 2119 2495 6),
2152 2420 2249 2479 sed
2290 2420 2469 2496 potius
2504 2444 2517 2479 :
2560 2420 2715 2493 Quod
2760 2416 2926 2481 homo
2958 2422 3122 2495 impie
3171 2428 3226 2479 et
3259 2414 3505 2496 improbe

1897 2514 2202 2588 conjunxit,
2230 2518 2371 2573 Deus
2398 2533 2494 2573 sua
2524 2514 2780 2588 aequitate
2813 2518 3091 2573 dissociet.
3123 2510 3217 2573 isti
3260 2522 3385 2573 sunt
3409 2520 3502 2590 qui

1896 2625 1995 2680 per
2015 2607 2329 2664 violentiam
2359 2618 2413 2663 et
2428 2613 2766 2679 potentatum
2791 2622 2968 2673 suum,
2994 2610 3117 2680 post
3135 2615 3502 2679 contemptum

1898 2698 2286 2772 omnipotentis
2318 2700 2435 2768 Dei,
2464 2708 2818 2757 contemnunt
2846 2704 3009 2758 etiam
3041 2699 3342 2758 Ecclesiam
3380 2703 3497 2768 Dei,

1897 2794 2254 2849 Contemnunt
2273 2792 2584 2850 sacerdotes
2601 2792 2713 2859 Dei,
2731 2793 2934 2849 nullam
2972 2795 3493 2850 excommunicatio-

1896 2885 2190 2943 iilSChl’iSll
2207 2888 2567 2944 reverentiam
2584 2886 2966 2960 babentes,qu’i
2984 2886 3246 2945 ministris
3258 2890 3313 2943 et
3331 2895 3504 2945 recto-

1898 2981 2047 3037 ribus
2061 2979 2317 3037 Ecclesiae
2342 2996 2454 3038 sua:
2482 2982 2624 3037 banc
2649 2986 2975 3053 potestatem
3003 2976 3256 3049 contulit,
3278 2974 3498 3039 dicens:

1902 3068 2055 3135 Quod
2080 3071 2125 3127 si
2154 3068 2448 3129 Ecclesium
2466 3091 2569 3129 non
2587 3068 3342 3144 audierit,videlicelquilibet
3364 3090 3501 3145 prae-

1896 3173 2143 3236 sumptor
2154 3174 2207 3222 et
2220 3174 2531 3233 contumax,
2546 3166 2612 3221 sit
2627 3165 2720 3221 tibi
2733 3166 2867 3221 sicut
2879 3160 3117 3222 ethnicus
3130 3176 3176 3221 et
3189 3152 3501 3237 publicanus

1899 3252 2114 3331 (Matth.
2149 3275 2302 3327 xvm,
2336 3258 2444 3329 i7).
2497 3258 2563 3313 Et
2611 3260 2796 3315 statim
2840 3257 3119 3331 subjunxit
3152 3276 3166 3313 :
3194 3256 3359 3313 Amen
3383 3257 3502 3313 dico

1898 3350 2057 3417 vobis,
2082 3352 2207 3424 quia
2228 3366 2553 3424 qua'cunque
2574 3350 2914 3424 alligaveritis
2936 3352 3091 3423 super
3113 3354 3331 3419 terram,
3349 3357 3500 3406 erunt

1897 3440 2061 3517 ligata
2096 3455 2143 3500 et
2185 3447 2239 3500 in
2286 3443 2425 3501 cazlis
2467 3444 2639 3518 (ibid.,
2698 3436 2807 3516 18).
2850 3442 2941 3500 isti
2992 3452 3173 3500 autem
3213 3460 3245 3501 e
3285 3448 3494 3500 eontra-

1895 3538 2001 3606 rio,
2035 3538 2289 3595 Ecclesia!
2317 3538 2715 3606 inobedientes,
2741 3555 2804 3594 ac
2835 3554 2932 3611 per
2960 3536 3076 3595 lucc
3104 3536 3253 3596 velut
3291 3536 3500 3595 ethnici

1894 3637 1948 3686 et
1969 3629 2243 3701 publicani
2269 3631 2528 3697 babcndi,
2559 3641 2613 3687 et
2649 3630 2929 3702 temporali
2952 3630 3158 3703 judicio
3186 3647 3499 3688 excommu«
3564 3640 3575 3647 ‘

1898 3722 2087 3789 nicati,
2124 3725 2392 3781 violenter
2438 3724 2707 3781 Ecclesias
2756 3725 3152 3799 ingrediuntur,
3199 3735 3255 3783 et
3302 3725 3501 3782 divinis

1898 3815 2173 3888 mysteriis
2203 3814 2456 3883 iniuriam
2484 3815 2665 3873 facere
2688 3833 2793 3873 non
2827 3819 3041 3885 timent,
3065 3827 3120 3874 et
3145 3818 3215 3874 ad
3244 3819 3498 3875 christia-

1895 3906 2087 3963 nitatis
2113 3906 2315 3965 cultum
2341 3923 2446 3962 non
2475 3907 2800 3973 humilitate,
2830 3918 2884 3964 et
2913 3910 3139 3980 pietate,
3168 3920 3330 3981 atque
3371 3912 3498 3966 obe-

1895 3999 2115 4064 dientia,
2142 4001 2236 4055 sed
2267 4000 2605 4056 contumacia
2630 4006 2684 4054 et
2708 3999 3052 4070 improbitate
3075 4000 3284 4071 seipsos
3308 4017 3497 4072 aggre-

1894 4074 2025 4163 gare
2048 4101 2317 4148 conantur
2347 4111 2357 4146 :
2392 4108 2497 4147 non
2528 4088 2890 4164 reCOgitantes
2904 4092 3166 4161 scriptum
3189 4093 3356 4146 etiam
3380 4092 3498 4162 ipso

1895 4184 2124 4240 Domino
2171 4185 2385 4240 Christo
2435 4183 2649 4240 dicente
2688 4201 2702 4238 :
2747 4174 2871 4237 Non
2922 4183 3177 4237 habitabit
3222 4184 3278 4237 in
3330 4184 3500 4238 medio

1893 4278 2079 4332 domus
2110 4295 2237 4332 mem
2270 4279 2358 4348 qui
2380 4274 2508 4349 facit
2539 4277 2856 4347 superbiam,
2883 4286 2928 4331 et
2975 4276 3224 4347 facientes
3250 4274 3501 4347 pra'vari‘

1893 4369 2123 4425 catioues
2154 4369 2241 4422 odi
2269 4356 2440 4440 (Psal.
2474 4382 2527 4434 c,
2555 4360 2629 4439 7).
2667 4364 2732 4421 Et
2777 4366 2971 4422 iterum
3016 4385 3029 4420 :
3081 4364 3225 4422 Deus
3266 4364 3501 4436 superbis

1894 4460 2105 4525 resistit,
2159 4456 2442 4512 humilibus
2489 4467 2663 4512 autem
2702 4452 2792 4511 dat
2841 4456 3069 4530 gratiam
3126 4452 3269 4529 (Jac.
3316 4474 3390 4524 tv,
3417 4456 3494 4531 6).

1892 4553 1961 4609 Et
1993 4570 2007 4607 ε
2045 4546 2309 4620 Quoniam
2330 4550 2563 4608 excelsus
2594 4546 2870 4620 Dominus,
2921 4560 2968 4606 et
3014 4550 3237 4606 humilia
3267 4551 3497 4622 respicit,

189 4684 459 4745 raptores,
493 4680 548 4726 et
566 4682 940 4741 oppressores,
965 4642 1031 4723 ae
1058 4642 1483 4733 violatores,vlex
1507 4664 1603 4721 Dei
1625 4663 1789 4719 latro-

1897 4656 1946 4702 et
1983 4646 2092 4701 alta
2123 4665 2155 4701 a
2188 4647 2337 4718 longe
2368 4648 2628 4719 cognoscit
2658 4645 2830 4719 (Psal.
2877 4662 3121 4713 cxsxvn,
3146 4646 3223 4717 6).
3268 4646 3325 4701 Si
3354 4646 3498 4701 enim

188 4766 355 4824 nibus
382 4773 439 4823 et
472 4762 759 4819 homicidia
809 4769 1109 4832 comparat,
1140 4769 1196 4815 et
1240 4758 1475 4817 interﬁci
1497 4757 1672 4829 jubet,
1700 4757 1789 4813 ubi

188 4864 260 4920 de
280 4862 481 4934 puella,
508 4868 631 4931 quas
654 4859 709 4914 in
744 4872 876 4930 agro
903 4855 1168 4911 violenter
1208 4868 1469 4924 oppressa
1496 4850 1680 4916 tuerit,
1714 4850 1792 4906 lo-

189 4957 401 5029 quitur,
428 4954 651 5009 dicens:
702 4951 802 5007 Sin
829 4959 1005 5004 autem
1028 4948 1085 5003 in
1109 4963 1237 5018 agro
1275 4946 1354 5000 vir
1380 4946 1622 5015 repererit
1645 4943 1794 5013 puel-

189 5052 298 5106 lam
329 5062 447 5123 quar
485 5050 799 5121 desponsata
832 5053 928 5113 est,
958 5052 1007 5099 et
1042 5040 1430 5113 apprehendens
1456 5038 1793 5095 concubuerit

189 5150 311 5208 cum
355 5139 472 5205 illa,
499 5141 610 5211 ipsa
646 5136 899 5192 morietur
943 5132 1108 5197 solus,
1159 5130 1338 5203 puella
1373 5128 1505 5185 nihil
1534 5129 1785 5199 patietur,

189 5250 287 5290 nec
321 5243 396 5289 est
449 5245 538 5288 rea
583 5230 789 5286 mortis.
839 5228 1102 5296 Quoniam
1149 5226 1283 5281 sicut
1334 5224 1471 5279 latro
1519 5225 1787 5293 consurgit

189 5335 377 5381 contra
400 5325 620 5396 fratrem
639 5334 815 5388 suum,
854 5329 911 5374 ut
939 5318 1147 5373 occidat
1189 5317 1424 5373 animam
1452 5316 1586 5386 ejus,
1638 5316 1712 5368 ita
1737 5324 1785 5369 et

187 5418 369 5492 pnelta
418 5430 661 5489 perpessa
711 5426 831 5471 est:
865 5412 977 5468 sola
1022 5424 1133 5467 erat
1181 5412 1235 5467 in
1291 5427 1452 5483 agro,
1500 5408 1782 5477 clamavit,

187 5521 239 5566 et
288 5508 465 5566 nullus
504 5509 677 5580 adfuit
721 5508 811 5582 qui
879 5506 1121 5561 liberaret
1192 5520 1307 5559 eam
1366 5503 1567 5575 (Dent.
1616 5516 1729 5558 χιιι
1765 5538 1781 5569 ,

186 5592 262 5659 2‘5
287 5646 301 5669 ,
328 5600 460 5677 se).

264 5716 394 5772 Car.
450 5716 559 5773 \’II.
611 5716 923 5790 Agnoscant
967 5731 1025 5772 se
1064 5731 1194 5789 ergo
1240 5715 1332 5789 qui
1374 5713 1634 5785 ejusmodi
1662 5722 1788 5770 sunt

190 5816 246 5865 et
273 5808 511 5867 latrones
536 5818 587 5866 et
612 5810 929 5878 homicidas,
967 5816 1022 5867 et
1050 5812 1356 5868 animarum
1390 5809 1783 5876 interfectores,

190 5898 248 5959 et
278 5904 469 5980 dignos
491 5910 685 5964 morte.
714 5903 823 5962 Nec
862 5905 1027 5963 distat
1050 5898 1255 5980 aliquid
1282 5902 1424 5962 inter
1461 5900 1580 5961 illos
1607 5902 1699 5978 qui
1730 5902 1786 5962 in

1900 4742 2017 4797 haec
2063 4740 2305 4810 cogitare
2353 4739 2741 4810 dignarentur,
2805 4739 3140 4812 deponerent
3193 4739 3500 4809 superbiam

1900 4848 2076 4897 suam,
2109 4840 2165 4887 et
2200 4831 2329 4886 illud
2351 4846 2447 4901 per
2470 4832 2611 4901 piam
2644 4831 3002 4887 humilitatem
3056 4832 3354 4903 promereri
3381 4839 3500 4883 stu-

1899 4920 2271 4989 derent,quod
2300 4920 2581 4991 Scriptura
2608 4918 2729 4976 alibi
2759 4921 3047 4990 promittit,
3073 4916 3259 4974 dicens
3285 4936 3296 4970 :
3330 4917 3499 4971 Juxta

1900 5024 1973 5069 est
2005 5013 2263 5067 Dominus
2291 5012 2372 5066 his
2401 5014 2491 5084 qui
2533 5011 2781 5066 tribulato
2824 5022 2943 5064 sum
2998 5010 3173 5073 corde,
3205 5018 3253 5064 et
3279 5008 3500 5064 humiles

1899 5104 2089 5174 spiritu
2113 5103 2332 5158 salvabit
2356 5102 2529 5175 (Psal.
2562 5118 2761 5168 χχχιιι,
2798 5102 2907 5170 19).
2936 5094 3002 5154 Et
3025 5100 3258 5155 Jacobus
3284 5107 3501 5169 aposto-

1897 5197 1982 5251 lus
2014 5196 2248 5268 qualiter
2274 5196 2664 5266 unusquisque,
2688 5202 2743 5247 ct
2772 5209 2800 5247 a
2831 5184 3041 5247 diabolo
3080 5190 3237 5261 longe
3276 5191 3410 5251 ﬁeri,
3443 5199 3498 5245 et

1896 5287 2009 5344 Deo
2037 5289 2468 5360 appropinquare
2494 5284 2689 5349 valeat,
2716 5282 2789 5337 ita
2831 5282 3124 5336 admonet:
3164 5279 3376 5337 Subditi
3401 5278 3494 5351 igio

1893 5389 1981 5435 tur
2003 5389 2161 5434 estote
2188 5379 2313 5445 Deo,
2340 5378 2562 5432 resistite
2602 5383 2778 5429 autent
2803 5370 3033 5439 diabolo,
3070 5383 3117 5428 et
3160 5374 3322 5444 fugiet
3349 5392 3379 5427 a
3412 5389 3499 5428 vo-

1892 5474 1990 5529 bis.
2019 5472 2441 5544 Appmpinquate
2474 5466 2719 5532 Domino,
2758 5477 2805 5521 et
2841 5464 3278 5539 appropinquabit
3330 5463 3495 5534 vobis.

1894 5565 2196 5621 Emundate
2227 5579 2412 5618 manus
2433 5560 2767 5632 peccatrices,
2815 5569 2862 5614 et
2906 5558 3184 5630 puri/icon
3211 5559 3370 5613 corda
3392 5556 3497 5611 du-

1893 5658 2052 5730 plices
2089 5656 2285 5711 animo.
2317 5652 2496 5708 Miseri
2518 5662 2697 5717 estote,
2721 5650 2983 5722 ct-lugete,
3014 5660 3060 5705 et
3086 5648 3312 5721 plurale.
3338 5644 3498 5705 Risus

1896 5759 2059 5807 vester
2086 5749 2140 5803 in
2166 5748 2365 5803 luctum
2398 5753 2749 5811 convertatur,
2775 5753 2821 5799 et
2843 5742 3095 5815 gaudium
3126 5742 3180 5796 in
3201 5756 3496 5812 maerorem.

1896 5842 2266 5900 Humiliamini
2298 5843 2351 5897 in
2390 5847 2665 5913 conspectu
2718 5836 2953 5907 Domini,
3006 5844 3053 5894 et
3108 5833 3362 5893 exaltabit
3410 5850 3497 5892 vos

1896 5938 2039 5999 (Jac.
2070 5951 2148 5995 tv.
2181 5934 2301 5995 7-9)
3072 5936 3075 5941 ’
