4010 6330
537 415 676 471 {013

1361 409 1692 468 HINCMARI
1732 408 1946 466 anan.
1987 403 2308 465 ARCHIEP.
2349 405 2714 466 OPl‘lSCULA
2753 369 2993 466 vanis.

3682 419 3708 468 i
3721 419 3836 470 ωδ

545 560 548 562 ~
607 529 736 586 Car.
759 525 893 583 Vlll.
934 525 1088 583 Nunc
1117 535 1298 582 autem
1323 541 1448 582 cum
1476 525 1742 582 violenter
1778 527 1837 582 in
1867 524 2134 581 ecclesias
2159 523 2213 590 Δ
2240 529 2388 589 runt,
2412 532 2468 578 et
2501 533 2878 590 servaverunt,
2924 539 3030 580 non
3081 525 3255 581 solum
3300 528 3412 596 jam
3459 527 3640 584 etl‘eeti
3675 530 3839 586 Chri-

537 623 775 688 irruunt,
805 634 928 676 cum
960 635 1018 675 se
1043 618 1216 674 turbae
1262 617 1502 674 ﬁdelium
1527 617 1927 688 indisciplinate
1949 625 2005 672 et
2026 616 2140 671 im-r

537 713 708 784 probe
733 712 1082 786 permiscent,
1115 725 1243 766 cum
1269 710 1402 781 ipsis
1443 709 1835 774 sacerdotibus,
1889 707 1996 765 nisi
2027 706 2134 764 illis

537 791 897 879 praesentibus
945 805 1126 860 divina
1177 805 1436 877 mysteria
1487 802 1920 868 celebraverint,
1962 802 2131 858 exitia

538 896 955 958 comminantur,
987 894 1120 964 quid
1145 894 1290 950 aliud
1338 895 1569 962 faciunt,
1607 894 1711 950 nisi
1750 894 1898 964 quod
1941 891 2026 948 bis
2070 906 2131 949 se

537 1000 638 1043 suo
663 985 840 1056 gladio
884 984 1221 1051 confodiunt,
1260 984 1690 1042 ecclesiasticum
1734 984 2131 1040 contemnendo

531 1075 818 1146 judicium,
847 1084 902 1132 et
928 1077 1072 1132 sacri
1103 1076 1293 1133 altaris
1333 1077 1592 1148 mysteria
1623 1076 1974 1132 temerando?
1999 1074 2130 1143 Quae

535 1169 677 1226 sicut
698 1169 947 1226 ﬁdelibus
967 1179 1024 1226 et
1045 1169 1337 1226 humilibus
1366 1185 1429 1226 ac
1457 1171 1562 1241 piis
1588 1171 1656 1226 ad
1702 1171 2022 1236 remedium,
2052 1171 2131 1225 ita

533 1260 997 1331 contemptoribus
1022 1267 1080 1316 et
1121 1260 1524 1330 impudentibus
1549 1261 1840 1331 proﬁciunt
1884 1261 1953 1316 ad
1985 1259 2131 1330 judi-

534 1355 682 1411 cium
705 1363 761 1409 et
783 1362 1132 1410 tormentum.
1167 1352 1373 1422 Quibus
1411 1355 1576 1410 etiam
1619 1355 1695 1410 illi
1740 1354 1889 1410 stulti
1943 1361 1999 1411 et
2029 1353 2131 1409 im-

534 1447 689 1517 probi
716 1448 1127 1513 suntsociandi,
1161 1448 1253 1518 qui
1279 1448 1347 1504 ab
1385 1447 1510 1502 aliis
1546 1447 1808 1504 Ecclesiis
1848 1455 1905 1503 et
1942 1461 2128 1506 sacer-

534 1541 752 1598 dotibus
797 1541 1277 1606 excommunicati,
1328 1541 1382 1596 in
1434 1542 1559 1598 aliis
1611 1550 1776 1612 atque
1805 1541 1947 1612 apud
1995 1541 2130 1598 alios

535 1631 906 1690 fraudulenter
932 1634 1336 1690 communicare
1365 1648 1524 1704 posse
1553 1632 1801 1689 credunt.
1835 1632 1969 1688 Cum
2015 1647 2132 1688 om-

532 1724 693 1781 nibus
727 1723 977 1780 ﬁdelibus
1023 1724 1328 1780 certissime
1372 1723 1716 1780 manifestum
1764 1739 1882 1782 esse
1914 1725 2126 1792 debeat,

532 1815 586 1870 in
617 1815 872 1872 universo
914 1815 1135 1878 mundo,
1171 1824 1225 1870 et
1261 1816 1592 1882 civitatibus,
1651 1825 1708 1872 et
1751 1817 1985 1888 populis,
2018 1831 2128 1872 non

530 1921 653 1976 esse
678 1905 786 1962 nisi
830 1921 994 1962 unam
1027 1907 1233 1962 Chr‘isti
1268 1906 1590 1971 Ecclesiam,
1636 1915 1691 1962 et
1724 1922 1892 1961 unum
1921 1905 2127 1962 Christi

531 1998 724 2063 altare,
756 2006 812 2054 et
839 2015 1006 2054 unum
1035 2001 1383 2066 sacriﬁcium,
1437 2001 1584 2071 quod
1627 2000 1827 2070 ubique
1875 2000 1967 2056 uni
2015 1999 2127 2058 Deo

531 2098 586 2148 et
611 2106 718 2146 una
750 2091 1010 2164 religione
1036 2093 1386 2148 constituitur
1404 2101 1460 2148 et
1482 2091 1732 2148 offertur.
1767 2092 1834 2147 Et
1857 2092 1978 2149 ideo
2003 2092 2128 2148 nul-

531 2182 618 2239 lus
645 2184 868 2241 omnino
911 2193 1089 2256 potest
1137 2185 1191 2240 itt
1236 2194 1392 2255 parte
1441 2200 1564 2241 esse
1604 2185 2122 2250 excommunicatus,

529 2284 586 2331 et
613 2276 666 2331 in
695 2284 850 2348 parte
887 2279 1295 2340 communicans
1347 2296 1359 2333 :
1406 2277 1503 2335 sed
1547 2281 1690 2334 unde
1719 2279 1773 2334 in
1805 2293 1912 2334 una
1939 2278 2130 2334 Eccle-

529 2370 610 2426 sia
646 2372 844 2427 meruit
866 2372 1128 2442 separari,
1153 2373 1209 2428 in
1234 2372 1378 2428 nulla
1414 2388 1659 2444 prorsus,
1714 2373 1820 2429 nisi
1864 2388 1962 2443 per
1999 2373 2127 2445 legi-

531 2463 720 2519 timam
747 2463 1197 2528 satisfactionem,
1227 2465 1428 2536 poterit
1469 2465 1664 2522 sociari
1717 2483 1732 2520 :
1787 2465 1930 2522 sicut
1956 2480 2128 2521 mem-

526 2553 685 2609 brum
709 2553 777 2609 de
802 2553 922 2610 loco
938 2569 1036 2610 suo
1053 2555 1363 2626 praecisum,
1378 2555 1433 2609 in
1459 2555 1604 2610 nulla
1627 2555 1853 2611 ulterius
1879 2554 2124 2626 corporis

527 2657 682 2718 parte
706 2647 849 2703 valet
891 2647 1084 2718 aptari,
1122 2648 1227 2704 nisi
1278 2647 1422 2704 forte
1469 2648 1666 2703 divine
1700 2648 1918 2704 virtutis
1954 2647 2124 2703 mira-

527 2740 653 2794 culo
687 2781 702 2805 ,
755 2739 896 2796 unde
945 2739 1212 2796 divulsum
1267 2737 1446 2796 fuerat
1516 2741 1753 2811 potuerit
1811 2739 2118 2796 reformari.

527 2829 608 2885 Ex
636 2829 723 2887 his
760 2829 1002 2886 nonnulli
1031 2842 1140 2886 tam
1172 2830 1430 2898 immites,
1483 2840 1536 2887 et
1570 2847 1678 2887 non
1714 2832 1964 2888 humanae
1989 2831 2123 2890 aﬂ‘e-

526 2921 740 2988 ctionis,
793 2922 888 2976 sed
945 2920 1192 2977 belluinze
1240 2922 1594 2978 immanitatis
1643 2922 2013 2989 inveniuntur,
2063 2930 2125 2978 ut

524 3012 798 3081 prioribus
853 3011 1114 3068 uxoribus
1167 3027 1235 3067 ex
1283 3012 1598 3083 suspicione
1677 3012 1906 3068 adulteri
1974 3012 2121 3067 nulla

524 3104 664 3174 lege,
691 3103 838 3159 nulla
867 3104 1094 3168 ratione,
1128 3104 1274 3160 nullo
1294 3105 1521 3176 judicio,
1555 3104 1669 3159 sola
1724 3119 1821 3159 sua
1857 3104 2118 3166 animosi-

525 3207 636 3253 tate
675 3205 730 3253 et
775 3197 1096 3253 crudelitate
1141 3198 1355 3264 occisis,
1412 3198 1590 3253 adhuc
1639 3198 1852 3254 cruenti
1895 3207 1955 3254 et
1993 3215 2117 3256 san-

2143 3249 2192 3315 C

2238 615 2424 681 stiani,
2455 617 2551 672 sed
2591 617 2759 672 etiam
2799 632 2922 672 cutn
2969 617 3145 673 adhuc
3195 626 3380 675 essent
3419 621 3640 691 pagani,
3695 621 3839 677 siem

2234 707 2578 777 apertissrme
2617 709 2858 765 ostendit
2884 709 2973 766 lex
3009 710 3272 766 Antonini
3303 714 3500 783 pagani
3529 714 3841 783 imperato-

2231 800 2331 864 ris,
2361 815 2527 871 quam
2555 800 2749 856 beatus
2774 800 3108 871 Augustinus
3136 802 3370 872 quodam
3394 803 3516 859 loco
3541 804 3647 860 hoc
3670 808 3840 862 modo

2231 904 2624 950 commemorat
2651 902 2706 950 et
2728 895 3093 960 commendat,
3119 894 3308 950 dicens
3337 895 3427 967 (ad
3468 895 3704 950 Ροαεηι.
3739 898 3834 953 lib.

2231 1002 2294 1051 ιι,
2317 1001 2368 1042 c.
2394 986 2489 1056 8):
2523 1004 2542 1038 ι
2593 987 2800 1054 Quibus
2839 986 3087 1057 displicet
3120 996 3181 1042 ut
3209 987 3352 1043 inter
3378 989 3557 1043 virum
3603 999 3657 1044 et
3694 1007 3835 1046 uxo-

2230 1091 2347 1133 rem
2373 1092 2473 1146 par
2497 1076 2772 1148 pudicitiae
2803 1077 2976 1132 forma
3003 1085 3271 1142 servetur,
3306 1086 3364 1132 et
3388 1079 3570 1148 potius
3597 1080 3837 1151 eligunt,

2230 1167 2575 1237 maximeque
2604 1166 2658 1222 in
2685 1167 2789 1223 hac
2812 1182 2998 1234 causa,
3027 1167 3212 1222 mundi
3238 1167 3447 1239 legibus
3469 1169 3675 1224 subditi
3708 1185 3834 1226 esse

2230 1276 2392 1332 quam
2429 1260 2654 1326 Christi,
2709 1260 2965 1330 quoniam
3006 1260 3132 1332 jura
3172 1259 3410 1317 forensia
3464 1275 3573 1316 non
3619 1262 3834 1318 eisdem

2230 1352 2426 1424 quibus
2449 1353 2681 1409 feminas
2719 1353 2994 1424 pudicitiae
3019 1346 3252 1408 nexibus
3276 1354 3425 1409 viros
3463 1354 3729 1409 videntur
3760 1358 3836 1409 di-

2230 1447 2520 1515 stringere,
2581 1445 2763 1518 legant
2805 1445 2937 1516 quid
2990 1445 3286 1515 imperator
3327 1446 3661 1511 Antoninus,
3722 1463 3831 1502 non

2230 1539 2418 1608 utique
2446 1538 2808 1605 Christianus,
2852 1537 2919 1594 de
2962 1538 3067 1593 hac
3097 1552 3156 1593 re
3183 1538 3553 1603 constituerit,
3587 1539 3686 1593 ubi
3720 1556 3831 1593 ma-

2232 1631 2370 1685 ritus
2398 1644 2623 1686 uxorem
2665 1629 2732 1685 de
2779 1627 3032 1685 adulterii
3059 1628 3288 1684 crimine
3317 1643 3578 1685 accusare
3620 1645 3734 1684 non
3768 1633 3833 1684 si.

2231 1723 2422 1789 ttitur,
2476 1723 2570 1793 qui
2626 1721 2872 1778 moribus
2938 1721 3052 1777 suis
3103 1735 3212 1777 non
3275 1722 3507 1792 praebuit
3561 1724 3831 1778 castitatis

2233 1814 2559 1885 exemplum,
2585 1814 2659 1869 ita
2686 1822 2747 1869 ut
2767 1813 2928 1869 ambo
2948 1813 3293 1879 damnentur,
3323 1812 3370 1869 si
3399 1815 3591 1870 ambos
3617 1816 3831 1886 pariter

2155 1887 2204 1950 Β
2231 1905 2536 1977 impudicos
2563 1903 2846 1961 conﬂictus
2880 1905 2996 1976 ipse
3033 1905 3349 1962 convicerit.
3395 1905 3532 1960 Nam
3575 1909 3830 1979 supradi-

2228 1999 2301 2054 cti
2333 1998 2676 2069 imperatoris
2693 1999 2812 2054 haec
2835 1999 3000 2053 verba
3033 2006 3177 2062 sunt,
3208 2013 3329 2067 qua:
3362 1999 3505 2070 apud
3530 1997 3824 2070 Cregoria-

2227 2109 2357 2148 num
2395 2092 2686 2164 leguntur:
2721 2090 2886 2156 Sane,
2919 2091 3112 2160 inquit,
3161 2091 3355 2146 littera:
3398 2107 3534 2148 mea!
3578 2094 3730 2148 nulla
3763 2111 3827 2150 ex

2225 2193 2380 2256 parte
2416 2198 2593 2239 causae
2636 2181 3085 2252 prtejudicabunt.
3151 2181 3338 2252 Neque
3380 2183 3527 2238 enim
3577 2186 3625 2239 si
3665 2199 3830 2254 penes

2227 2284 2283 2330 te
2305 2274 2462 2345 culpa
2487 2273 2591 2329 fuit
2629 2283 2689 2328 ttt
2727 2273 3132 2328 matrimonium
3175 2272 3505 2339 solveretur,
3539 2283 3594 2329 et
3624 2292 3826 2331 secun-

2225 2364 2352 2419 dum
2403 2363 2575 2435 legem
2622 2361 2819 2418 luliam
2868 2361 3173 2433 Eupltrasia
3222 2379 3362 2419 uxor
3413 2373 3505 2419 tua
3575 2367 3823 2430 nuberet,

2225 2463 2445 2527 propter
2494 2456 2598 2511 hoc
2648 2454 2971 2525 rescriptum
3024 2470 3206 2510 meum
3253 2455 3506 2512 adulterii
3571 2457 3822 2513 damnata

2223 2549 2352 2616 erit,
2380 2548 2487 2604 nisi
2519 2555 2738 2604 constet
2767 2563 2890 2604 esse
2920 2547 3294 2622 commissum.
3325 2547 3625 2626 Habebunt
3646 2562 3823 2606 aute

2225 2651 2354 2698 ante
2397 2642 2583 2698 oculos
2625 2642 2730 2698 hoc
2755 2641 3055 2712 inquirere,
3095 2657 3162 2696 an
3205 2658 3330 2697 cum
3360 2650 3420 2698 tu
3448 2644 3656 2714 pudice
3682 2646 3823 2700 vive-

2225 2750 2337 2800 res,
2377 2733 2453 2789 illi
2483 2749 2701 2805 quoque
2727 2733 2901 2790 bonos
2939 2749 3119 2791 mores
3165 2733 3374 2790 colendi
3416 2746 3616 2792 auctor
3655 2738 3820 2793 fuisti.

2225 2823 2577 2895 Periniquum
2608 2826 2754 2881 enim
2799 2826 2932 2881 mihi
2959 2826 3175 2882 videtur
3206 2841 3347 2894 esse,
3396 2836 3460 2883 ut
3503 2829 3821 2898 pudicitiam

2223 2917 2311 2973 vir
2334 2919 2404 2974 ab
2439 2933 2611 2974 uxore
2633 2917 2858 2989 exigat,
2881 2934 3043 2989 quam
3074 2919 3191 2990 ipse
3232 2935 3341 2976 non
3383 2920 3615 2976 exhibet
3648 2941 3666 2976 :
3711 2937 3823 2993 quae

2225 3026 2313 3068 res
2347 3019 2525 3082 potest
2559 3020 2617 3067 et
2638 3012 2818 3067 virum
2848 3011 3133 3079 damnare,
3174 3027 3281 3068 non
3313 3014 3386 3070 ob
3414 3018 3822 3086 compensatio-

2223 3117 2347 3158 nem
2391 3104 2565 3160 mutui
2602 3104 2850 3160 criminis
2897 3119 3012 3160 rem
3061 3105 3203 3162 inter
3250 3115 3554 3177 utrumque
3599 3122 3822 3178 compe-

2222 3210 2372 3264 nere,
2401 3197 2486 3252 vel
2533 3212 2754 3254 causam
2798 3196 2928 3254 facti
2957 3197 3161 3254 tollere.
3215 3197 3273 3253 Si
3309 3200 3428 3255 haec
3473 3197 3818 3256 observanda

523 3292 684 3363 guine
712 3291 1011 3358 madentes,
1049 3307 1156 3347 non
1205 3291 1378 3352 solum
1423 3291 1568 3347 nulla
1607 3293 1926 3363 poenitentia
1949 3309 2118 3349 ~com-
2144 3289 2192 3355 ν
2226 3296 2352 3344 sunt
2376 3296 2600 3360 propter
2639 3289 2805 3345 decus
2829 3298 3060 3345 terrenae
3093 3290 3352 3356 civitatis,
3386 3299 3600 3360 quanto
3624 3293 3818 3346 castio~

524 3392 851 3455 pungantur,
899 3390 994 3437 aut
1040 3382 1219 3452 aliqua
1267 3381 1573 3438 humilitate
1628 3383 1739 3438 Deo
1767 3391 1822 3438 et
1861 3383 2119 3440 Ecclesiae

524 3473 878 3541 satisfaciant,
907 3473 999 3528 sed
1021 3471 1357 3528 exsultantes
1385 3471 1441 3525 in
1471 3471 1738 3542 superbiis
1765 3474 1898 3535 suis,
1926 3473 2118 3529 incun-

525 3574 739 3620 ctanter
786 3564 855 3618 ad
903 3564 1074 3617 altare
1103 3562 1316 3618 Domini
1349 3564 1636 3628 accedant,
1664 3572 1718 3618 et
1747 3562 2115 3620 indifferenter

525 3669 682 3710 sacra
712 3653 970 3723 mysteria
1001 3654 1315 3724 contingere
1355 3663 1706 3723 praesumant.
1743 3653 1878 3710 Cum
1901 3651 2114 3713 etiamsi

524 3745 630 3800 illae
681 3745 1001 3800 miserrimae
1065 3743 1394 3801 mulierculae
1467 3745 1735 3802 veraciter
1790 3749 2150 3804 adulteriutn'

523 3835 978 3907 perpetraverint,
1026 3843 1082 3890 et
1105 3836 1175 3891 ob
1201 3835 1307 3891 hoc
1348 3837 1493 3905 juste
1521 3838 1724 3906 punita:
1753 3853 1874 3894 esse
1898 3839 2116 3896 videan-

526 3938 632 3994 tur,
671 3937 849 3984 tamen
897 3929 983 3984 lex
1012 3929 1132 3995 Dei,
1185 3945 1252 3986 ex
1301 3946 1408 4002 qua
1461 3933 1639 3987 omnis
1689 3930 2029 3990 Christianus
2059 3935 2114 3991 in

522 4023 609 4079 die
621 4022 810 4089 judicii
828 4024 1162 4096 judicabitur
1177 4034 1238 4081 ut
1253 4027 1790 4098 recipiatsecuudum
1809 4046 1970 4100 opera
1993 4047 2113 4099 sua,

522 4113 728 4169 nullum
785 4130 937 4171 reum
966 4157 982 4182 ,
1037 4131 1136 4172 nec
1184 4117 1331 4187 ipsos
1377 4117 1651 4174 adulteros
1701 4120 1787 4175 vel
1839 4119 2113 4178 adulteras

521 4208 698 4278 puniri
758 4209 1068 4280 permittit,
1125 4210 1231 4266 nisi
1296 4212 1395 4265 sub
1440 4211 1697 4282 legitimis
1741 4211 2012 4281 judicibus
2059 4224 2117 4271 et

524 4299 771 4366 testibus,
799 4316 937 4371 quos
957 4301 1121 4357 etiam
1146 4301 1362 4372 publico
1378 4302 1584 4373 judicio
1609 4319 1640 4358 a
1665 4301 2112 4374 populo’lapidari

520 4392 783 4460 principit.
811 4391 964 4448 Unde
991 4402 1046 4447 et
1071 4392 1406 4449 admirabilis
1426 4392 1514 4448 illa
1542 4393 1813 4459 Susanna,
1833 4411 1957 4452 cum
1977 4395 2112 4453 falso

521 4483 768 4537 adulterii
827 4483 1056 4538 crimine
1109 4493 1482 4551 accusaretur,
1541 4493 1599 4540 et
1649 4485 1862 4555 publico
1906 4486 2112 4556 judicio

520 4571 897 4635 condctnnata,
929 4579 986 4626 et
1027 4571 1240 4640 publico
1288 4573 1484 4644 legitur
1525 4573 1771 4628 absoluta
1799 4574 1962 4645 (Dan.
1994 4576 2106 4646 15).

522 4662 584 4714 lit
613 4660 699 4715 illa
723 4661 916 4716 mulier
942 4663 994 4716 in
1026 4662 1338 4734 Evangelio,
1372 4681 1491 4734 qua:
1522 4665 1788 4721 veraciter
1820 4667 1873 4722 in
1897 4667 2107 4725 adulte-

519 4754 599 4808 rio
625 4753 798 4808 fuerat
824 4751 1180 4826 deprehensa,
1210 4757 1442 4827 primum
1481 4759 1638 4830 juxta
1664 4759 1836 4830 legem
1877 4761 1943 4815 ad
1974 4760 2108 4817 Plia-

517 4847 723 4912 riszcos,
753 4847 844 4918 qui
876 4849 1407 4921 potestatemjudicii
1443 4849 1496 4905 in
1532 4851 1730 4923 populo
1753 4853 2105 4922 exercebant,

515 4937 708 4992 deinde
726 4938 891 4994 etiam
917 4940 1154 4995 tentandi
1179 4941 1350 5012 gratia
1377 4941 1445 4996 ad
1467 4940 1677 4998 Domini
1695 4943 1958 5012 judicium
1981 4960 2104 5014 per-

512 5029 674 5088 ducta
703 5041 809 5100 est,
836 5032 925 5088 ubi
971 5033 1088 5104 ejus
1137 5034 1442 5091 admirabili
1473 5035 1695 5106 pietate,
1735 5045 1790 5091 ct
1820 5052 1848 5091 a
1895 5037 2101 5109 lapida-

514 5123 672 5178 tionis
697 5124 980 5196 supplicio,
1013 5136 1067 5182 et
1095 5143 1127 5181 a
1154 5127 1398 5189 criminis
1447 5136 1600 5182 reatu
1653 5129 1858 5184 meruit
1883 5128 2105 5186 liberari

513 5215 692 5289 (Joan.
719 5218 859 5288 vtn).
917 5218 985 5274 Et
1041 5219 1096 5274 in
1137 5218 1276 5276 libro
1318 5218 1537 5277 Numeri
1569 5220 1899 5292 praecipitur,
1948 5230 2010 5276 ut
2057 5224 2105 5278 si

510 5325 616 5380 qua
665 5311 858 5368 mulier
909 5311 993 5366 vel
1037 5311 1288 5370 adulterii
1335 5328 1450 5378 rea,
1492 5311 1579 5369 vel
1631 5312 1765 5369 falsa
1795 5314 2103 5385 suspicione

511 5400 674 5459 fuerit
727 5403 965 5476 appetita
995 5445 1008 5469 ,
1062 5412 1119 5459 et
1163 5405 1249 5458 vir
1301 5405 1418 5476 ejus
1486 5405 1603 5461 zelo
1669 5406 1931 5462 adversus
1982 5422 2109 5462 eam.

511 5497 834 5562 concitetur,
883 5496 1116 5552 adducat
1168 5496 1310 5552 illam
1364 5497 1431 5552 ad
1491 5499 1860 5567 sacerdotem,
1919 5509 1975 5555 et
2021 5502 2102 5556 di-

511 5587 637 5642 vino
659 5587 864 5657 judicio
890 5586 973 5644 vel
1003 5589 1363 5645 damnandam
1392 5587 1604 5658 oﬂ‘crat,
1653 5591 1739 5648 vel
1765 5591 2098 5650 liberandam

513 5673 705 5744 (Num.
755 5680 831 5748 v).

585 5765 714 5825 Ωιι).
752 5771 856 5826 ιχ.
918 5774 1072 5841 Quod
1121 5776 1284 5830 etiam
1333 5775 1540 5846 antiqui
1584 5775 1815 5833 Romani
1860 5777 2101 5851 legitimo

518 5858 774 5946 conjugio
801 5865 918 5947 ﬁeri
948 5866 1163 5935 debere,
1195 5867 1403 5942 legibus
1431 5869 1543 5927 suis
1569 5870 1867 5944 antiquitus
1893 5881 2100 5934 statue-

2224 3393 2312 3434 res
2345 3380 2538 3449 quaerit
2564 3379 2802 3437 cmlcstis
2841 3381 3016 3451 patria
3041 3389 3100 3437 et
3133 3381 3365 3437 societas
3394 3382 3765 3453 angelorum?
3793 3401 3816 3440 s

2222 3468 2350 3526 Haec
2372 3470 2440 3526 de
2463 3469 2672 3542 legibus
2714 3472 2909 3542 pagani
2949 3471 3293 3543 imperatoris
3330 3472 3604 3529 Antonini
3636 3477 3818 3531 beatus

2220 3562 2554 3635 Augustinus
2581 3563 2790 3619 scribit.
2823 3563 2881 3618 In
2905 3563 3044 3620 libro
3077 3564 3275 3620 Esther
3305 3565 3608 3622 manifeste
3631 3567 3818 3639 legitur

2221 3653 2362 3725 (cap.
2395 3653 2671 3726 l),-Vaste
2719 3670 2946 3710 uxorem
2991 3657 3352 3726 potentissimi
3386 3665 3444 3712 et
3493 3657 3814 3716 ferocissii

2218 3745 2362 3816 regis
2385 3745 2625 3812 Assueri,
2656 3761 2778 3802 cum
2816 3747 2935 3817 ejus
2963 3747 3176 3804 animos
3219 3756 3542 3819 contemptu
3585 3759 3646 3807 et
3692 3767 3816 3806 eon-

2220 3838 2453 3894 tumacia
2489 3837 2826 3906 offendisset,
2865 3855 3212 3910 nequaquam
3242 3840 3360 3896 sola
3391 3841 3537 3897 illius
3579 3843 3816 3914 indigna-

2221 3930 2367 3986 tione
2403 3939 2460 3985 et
2486 3930 2670 3987 furore
2701 3947 2770 3987 ex
2813 3933 3025 4002 imperii
3057 3935 3265 3990 honore
3291 3935 3601 4006 depositam
3629 3937 3813 4004 fuisse,

2218 4023 2312 4079 sed
2340 4023 2799 4094 publicojudicio,
2823 4033 2881 4080 et
2905 4027 3176 4082 sententia
3209 4019 3551 4098 principum,
3584 4045 3654 4086 ac
3676 4028 3810 4098 judi-

2216 4132 2338 4173 cum
2361 4116 2640 4173 Medorum
2679 4127 2844 4190 atque
2882 4119 3192 4176 Persarum.
3223 4121 3303 4176 lta
3345 4137 3472 4177 cum
3501 4132 3694 4179 essent
3721 4140 3808 4193 pa-

2172 4209 2340 4280 ~gani
2367 4218 2449 4265 -et
2502 4209 2768 4266 idolorum
2827 4212 3084 4280 cultores,
3134 4213 3457 4270 naturaliter
3511 4231 3638 4285 quae
3687 4217 3809 4284 legis

2216 4313 2342 4359 sunt
2381 4303 2661 4371 facientes,
2694 4306 2857 4360 etiam
2901 4305 2955 4361 in
2990 4307 3168 4362 causis
3193 4307 3513 4378 conjugum,
3547 4325 3660 4364 non
3691 4325 3806 4363 cru-

2214 4395 2494 4470 delitatem
2541 4404 2597 4453 et
2639 4397 2927 4464 saevitiam,
2977 4399 3077 4455 sed
3112 4400 3384 4470 justitiam
3410 4409 3469 4458 et
3497 4403 3802 4473 aequitatem

2216 4491 2509 4546 decernere
2536 4505 2602 4546 ac
2633 4490 2860 4547 deﬁnire
2897 4493 3097 4549 debere
3129 4495 3450 4551 docuerunt.

2285 4578 2414 4636 CAP.
2457 4578 2522 4634 X.
2566 4579 2728 4637 Certe
2751 4581 2933 4638 divina
2960 4582 3048 4638 lex
3071 4583 3235 4639 etiam
3271 4584 3412 4640 inter
3435 4585 3722 4643 dominum
3751 4597 3804 4643 et

2219 4685 2435 4728 servum
2466 4671 2580 4726 sive
2610 4671 2883 4735 ancillam,
2907 4670 3178 4741 justitiam
3203 4681 3260 4728 et
3290 4673 3559 4744 judicium
3592 4692 3800 4732 wuser-

2214 4764 2329 4818 vari
2367 4764 2666 4835 praecepit:
2718 4773 2774 4818 et
2820 4779 2944 4820 cum
2999 4765 3282 4836 praecipiat
3329 4765 3550 4835 publico
3599 4765 3797 4836 judicio

2215 4853 2403 4910 talioni
2431 4870 2545 4911 sua:
2585 4854 2802 4911 oculum
2841 4871 2942 4927 pro
2970 4856 3149 4922 oculo,
3187 4864 3242 4912 et
3269 4856 3490 4912 dentem
3520 4872 3627 4927 pro
3649 4858 3797 4914 dente

2212 4949 2468 5004 restitui:
2501 4957 2680 5005 tamen
2719 4949 2764 5004 si
2794 4950 2918 5018 quis
2958 4949 3211 5008 dominus
3252 4964 3411 5006 servo
3459 4949 3547 5007 vel
3595 4949 3793 5008 ancills

2209 5057 2321 5098 suae
2343 5042 2555 5113 privata
2582 5041 2951 5117 indignatione
2973 5051 3030 5097 et
3063 5040 3247 5100 furore
3278 5041 3364 5098 vel
3389 5042 3612 5098 oculum
3647 5058 3791 5098 erue-

2207 5143 2311 5201 ret,
2336 5134 2423 5190 vel
2452 5135 2670 5192 dentem
2693 5145 2999 5203 excuteret,
3023 5137 3207 5192 statim
3232 5151 3360 5192 eum
3382 5137 3630 5206 ejusdem
3641 5131 3788 5192 servi

2206 5228 2289 5286 vel
2326 5229 2542 5285 ancilla:
2581 5229 2876 5286 amissione
2919 5229 3231 5286 damnabat.
3278 5229 3356 5286 Ita
3400 5245 3640 5300 namque
3667 5229 3794 5285 scti—

2197 5328 2358 5390 ptum
2382 5328 2467 5376 est
2494 5335 2510 5375 :
2537 5318 2599 5375 Si
2627 5321 2937 5391 percusserit
2973 5321 3238 5392 quispiam
3281 5320 3499 5376 oculum
3530 5321 3664 5376 sem"
3686 5320 3786 5384 ssi,

2207 5423 2299 5469 aut
2329 5412 2558 5480 ancillae,
2587 5423 2634 5468 et
2670 5413 2843 5470 luscos
2873 5430 2959 5470 eos
2993 5413 3196 5482 fecerit,
3224 5397 3454 5469 dimittet
3487 5414 3676 5469 liberos
3698 5428 3786 5483 pro

2207 5501 2360 5557 oculo
2385 5519 2540 5574 quem
2567 5503 2704 5558 eruit
2727 5520 2744 5560 :
2780 5503 2989 5558 dentem
3013 5519 3219 5574 quoque
3241 5503 3290 5558 si
3315 5504 3609 5559 excusserit
3647 5517 3786 5558 sem

2208 5595 2286 5651 vel
2311 5595 2521 5652 ancilla:
2565 5612 2700 5662 suat,
2729 5595 2932 5652 similar
2973 5595 3201 5651 dimittet
3238 5611 3325 5650 eos
3372 5595 3566 5651 liberos
3597 5593 3782 5667 (Exod.

2210 5703 2300 5742 χχι
2321 5727 2335 5753 ,
2365 5687 2481 5759 26).
2512 5685 2694 5743 Noluit
2737 5687 2917 5757 itaque
2949 5695 3006 5743 et
3041 5685 3354 5760 aequissima
3390 5694 3449 5741 et
3491 5685 3783 5742 misericor-

2210 5781 2433 5838 dissima
2461 5780 2548 5836 lex
2573 5779 2694 5846 Dei,
2728 5795 2905 5851 neque
2941 5779 3075 5850 ipsis
3097 5777 3285 5845 servis
3310 5785 3367 5834 et
3393 5776 3601 5834 ancillis
3629 5791 3657 5829 a
3693 5773 3780 5828 do-

2210 5872 2375 5948 minis
2406 5871 2520 5934 suis
2549 5871 2754 5952 absque
2777 5869 2981 5944 judicio
3009 5868 3216 5952 aliquas
3247 5868 3556 5927 debilitates
3583 5864 3660 5923 vel
3698 5863 3779 5921 de-
