4010 6330
148 437 304 494 1025-

1076 427 1168 486 DE
1197 424 1614 487 COERCENBO
1655 423 1906 484 RAP'U-
1925 422 2294 484 VIDUARUM
2313 465 2339 492 .,
2361 424 2535 482 δτι).

3318 428 3457 486 Ιοίθ

145 547 460 606 tenuitates
493 541 666 615 inﬂigi
685 542 731 598 τ’
749 540 826 597 ita
861 547 922 596 ut
971 538 1016 596 si
1063 539 1190 612 quis
1229 541 1333 597 hoc
1363 549 1742 614 praesumeret,
1773 551 1827 612 Α
1850 539 2025 595 Erunt
2051 541 2222 606 enim,
2255 541 2454 612 inquit,
2491 540 2596 595 duo
2633 540 2692 595 in
2719 555 2878 596 carne
2921 557 3038 597 una
3068 540 3288 614 (Matth.
3338 559 3452 599 uix.

144 641 394 726 ejusdem
421 637 565 695 servi
581 636 732 707 iusta
756 633 1048 690 amissione
1070 633 1424 704 plecteretur,
1449 631 1604 702 cuius
1620 633 1748 689 sub-

140 723 386 802 j'ectione
414 727 613 800 injuste
649 727 854 783 abusus
891 725 1106 781 fuisset.
1156 723 1323 782 Multo
1356 725 1539 781 minus
1570 723 1747 781 occidi

145 841 274 884 eum
327 821 579 896 permisit
625 820 839 891 privata
887 818 1093 876 domini
1135 818 1221 874 sui
1265 818 1648 889 indignatione
1694 826 1752 872 et

146 920 339 976 furore
368 932 385 972 :
426 916 570 988 quod
605 916 651 971 si
675 914 886 981 fecerit,
915 921 1070 970 reatu
1099 913 1380 971 homicidii
1416 914 1751 970 condemna-

146 1019 263 1074 tur,
313 1007 531 1063 dicente
578 1005 768 1061 eadem
818 1004 978 1076 lege:
1033 1003 1140 1071 Qui
1181 1005 1496 1076 percusserit
1548 1019 1752 1058 servum

145 1119 308 1158 suum
335 1100 410 1156 vel
436 1099 687 1154 ancillam
711 1099 878 1170 virga,
903 1108 953 1153 et
977 1097 1175 1153 mortui
1196 1097 1394 1168 fuerint
1424 1098 1482 1152 in
1507 1097 1752 1154 manibus

145 1193 287 1264 ejus,
315 1192 552 1247 criminis
593 1206 714 1245 reus
740 1191 838 1244 erit
865 1188 1062 1261 (Exod.
1093 1205 1209 1255 xxi,
1239 1187 1354 1262 20).

219 1285 352 1341 Car.
421 1282 510 1337 XI.
577 1281 730 1337 Hanc
791 1280 980 1350 iudicii
1043 1289 1100 1335 et
1139 1279 1368 1350 iustitia:
1439 1281 1752 1351 aequitatem

147 1380 344 1434 beatus
387 1375 490 1431 Job
538 1390 664 1446 erga
717 1373 983 1429 familiam
1015 1388 1200 1441 suam,
1248 1374 1414 1431 etiam
1462 1384 1754 1444 antequam

149 1472 239 1528 lex
273 1471 360 1526 illa
393 1485 494 1542 per
522 1469 742 1541 Moysen
783 1470 1023 1535 daretur,
1073 1469 1256 1524 divina
1299 1469 1656 1541 inspiratione
1701 1477 1759 1525 et

147 1561 389 1618 naturali
434 1561 868 1618 consideratione
892 1560 1164 1626 servabat,
1204 1561 1344 1617 sicut
1377 1562 1491 1632 ipse
1529 1571 1758 1618 testatur

149 1653 342 1711 dicens
373 1671 386 1706 :
413 1650 472 1708 Si
500 1653 783 1723 contempsi
815 1653 991 1708 subire
1009 1652 1275 1724 judicium
1303 1671 1422 1709 cum
1449 1671 1597 1709 servo
1622 1671 1754 1720 meo,

150 1756 201 1802 et
231 1744 429 1800 ancilla
455 1761 592 1810 mea,
627 1761 745 1799 eum
786 1745 1136 1814 disceptarent
1169 1744 1447 1799 aduersum
1479 1760 1582 1799 me.
1615 1743 1756 1810 Quid

153 1840 293 1894 enim
323 1838 542 1908 faciam,
573 1853 691 1891 cum
718 1838 1004 1892 surrexerit
1029 1837 1099 1890 ad
1117 1837 1477 1907 judicandum
1504 1837 1669 1903 Deus,
1707 1845 1758 1890 et

1851 632 1942 706 6),
1995 633 2148 689 addit
2190 633 2371 690 adhuc
2405 633 2720 706 Apostolus,
2772 633 2960 691 dicens
3004 650 3020 690 :
3083 632 3213 700 Viri,
3256 634 3460 706 diligite

1852 744 2064 795 uxores,
2096 736 2147 783 et
2177 727 2338 783 nolite
2362 727 2535 783 amari
2559 743 2669 783 esse
2696 727 2768 783 ad
2794 726 2918 782 illas
2964 725 3105 799 (Col.
3138 742 3236 793 Ill,
3255 726 3369 797 19).
3399 724 3460 782 Si

1852 837 1986 895 ergo
2011 821 2115 882 viri
2142 835 2273 893 erga
2298 835 2498 877 uxores
2543 836 2670 876 suas
2699 836 2810 878 non
2851 820 3054 876 debent
3095 834 3219 876 esse
3263 818 3458 885 amari,

1854 921 2058 986 quanto
2084 913 2265 967 minus
2307 911 2434 966 saevi
2463 951 2480 977 ,
2510 911 2790 978 crudeles,
2825 911 3074 981 cruenti,
3128 910 3330 966 nullam
3378 910 3462 966 eis

1854 1014 2137 1062 servantes
2162 1003 2360 1076 legem,
2385 1002 2588 1058 nullam
2619 1004 2909 1071 rationem,
2941 1004 3146 1059 nullum
3170 1002 3462 1074 judicium,

1854 1097 1999 1169 quod
2024 1096 2192 1152 etiam
2236 1109 2368 1166 erga
2410 1107 2596 1150 servos
2625 1093 2932 1149 Christiana
2972 1094 3234 1166 religione
3275 1102 3460 1150 custo-

1856 1191 2110 1247 diendum
2139 1196 2228 1245 est
2257 1206 2270 1243 :
2301 1188 2396 1244 sed
2423 1203 2550 1244 mox
2579 1197 2640 1243 ut
2668 1188 2752 1244 eis
2772 1188 3064 1260 placuerit,
3096 1189 3464 1259 indignatione

1855 1293 1910 1342 et
1969 1283 2153 1341 furore
2205 1282 2376 1354 impio
2416 1281 2690 1346 concitati,
2742 1290 3001 1351 tanquam
3051 1281 3116 1335 ad
3163 1279 3453 1336 macellum

1856 1381 1976 1438 illas
2007 1381 2200 1438 deduci
2247 1379 2453 1436 faciant
2498 1380 2800 1443 laniandas,
2851 1388 2906 1435 et
2951 1393 3208 1435 cocorum
3243 1391 3466 1434 suorum

1856 1472 2070 1544 gladiis,
2122 1487 2275 1529 more
2315 1487 2610 1528 vervecum
2661 1479 2824 1542 atque
2866 1485 3157 1541 porcorum
3205 1467 3466 1525 emactari

1855 1565 2201 1637 praecipiant,
2231 1564 2317 1619 vel
2356 1564 2457 1635 ipsi
2489 1565 2656 1619 etiam
2687 1579 2851 1618 manu
2880 1572 2936 1620 et
2964 1577 3224 1618 mucrone
3249 1561 3467 1632 preprio

1857 1673 1952 1714 eas
1986 1658 2403 1724 trucidaverint,
2454 1673 2798 1729 nequaquam
2836 1657 3160 1727 semetipsos
3191 1657 3258 1711 ad
3290 1655 3443 1710 imita

1859 1751 2060 1807 tionem
2103 1749 2319 1804 Domini
2349 1749 2476 1805 Jesu
2521 1749 2727 1805 Christi
2776 1749 3053 1805 tradentes
3097 1761 3199 1817 pro
3242 1746 3358 1810 eis,
3411 1753 3474 1800 ut

1859 1841 1980 1900 illas
2009 1842 2353 1898 sanetilicent
2381 1849 2438 1896 et
2478 1841 2758 1905 mundent,
2793 1839 2890 1895 sed
2930 1839 3111 1908 potius
3143 1836 3472 1894 zelo.libidi-

153 1947 278 1985 cum
313 1930 579 2001 quasierit
605 1970 621 1996 ,
653 1929 778 2000 quid
833 1928 1148 1999 respondebo
1190 1928 1310 1982 illi?
1346 1927 1601 2001 Nunquid
1650 1945 1756 1983 non
1786 1931 1832 1998 Β
1861 1934 1946 1991 nis
1973 1947 2083 1990 suae
2111 1935 2258 2006 ipsas
2295 1934 2348 1988 in
2377 1941 2638 1989 aeternum
2675 1931 3080 2003 disperdentes,
3108 1940 3163 1986 et
3193 1947 3251 1988 se
3279 1945 3470 1986 earnm

150 2027 210 2079 in
242 2034 390 2078 utero
421 2023 544 2094 fecit
573 2039 654 2077 me
681 2022 772 2093 qui
800 2031 848 2077 et
875 2021 1026 2076 illum
1057 2031 1302 2092 operatus
1327 2031 1425 2088 est,
1455 2037 1518 2075 ac
1549 2021 1754 2091 forma-

150 2119 226 2173 vit
264 2134 359 2173 me
389 2118 445 2172 in
475 2115 625 2171 vulva
660 2116 839 2171 unus?
900 2115 1023 2188 (Job
1075 2132 1228 2182 χχχι,
1284 2115 1496 2188 15-15.)
1543 2115 1673 2170 inde
1701 2124 1757 2171 et

150 2209 334 2265 sancti
373 2207 566 2263 Patres
608 2208 803 2272 nostri,
855 2223 954 2278 pro
995 2207 1302 2263 istiusmodi
1351 2216 1527 2272 reatu,
1578 2207 1652 2262 ita
1700 2208 1754 2261 in

151 2301 330 2358 sacris
385 2300 684 2357 canonibus
750 2307 1058 2356 statuerunt
1124 2299 1334 2373 (concil.
1387 2300 1582 2372 Agam.
1634 2315 1754 2353 can.

153 2392 250 2463 62)
295 2409 310 2448 τ
363 2411 384 2444 ι
418 2391 477 2447 Si
519 2391 640 2463 quis
677 2406 894 2447 servum
939 2390 1216 2461 proprium
1263 2388 1380 2445 sine
1425 2389 1756 2446 conscientia

147 2481 353 2554 iudicis
378 2481 660 2546 occiderit,
712 2482 1271 2538 excommunicatione
1301 2481 1504 2537 biennii
1541 2479 1760 2536 eﬂ‘usio—

153 2588 282 2629 nem
313 2572 596 2645 sanguinis
629 2573 890 2644 expiabit.
930 2591 949 2625 ι
983 2572 1120 2628 Nam
1160 2583 1217 2629 et
1250 2573 1388 2629 liber
1416 2572 1761 2629 Ecclesiasti-

155 2659 257 2723 cus
284 2667 513 2739 loqu-ens
544 2669 611 2724 de
647 2667 930 2736 disciplina
953 2666 1158 2722 domini
1185 2675 1241 2721 et
1268 2667 1411 2722 servi
1441 2667 1542 2722 hoc
1584 2665 1761 2734 ipsum

157 2760 479 2832 praescribit,
511 2759 698 2815 dicens
747 2778 760 2812 :
814 2757 1182 2813 Verumtamen
1229 2759 1340 2813 sine
1379 2758 1589 2828 judicio
1633 2751 1763 2810 nihil

159 2854 329 2924 facias
360 2869 517 2925 graec
547 2849 738 2923 (Eccli.
768 2865 961 2917 χχχιιι,
990 2851 1103 2922 50).
1132 2851 1201 2906 Et
1234 2846 1508 2923 praecipue
1535 2849 1762 2920 Aposto-‘

158 2944 246 3000 lus
273 2945 352 3000 ita
397 2947 676 3010 admonet,
729 2943 918 3000 dicens
960 2943 1241 3010 :Domini,
1284 2943 1423 3014 quod
1469 2942 1675 3012 justum
1717 2950 1765 2996 et

160 3051 370 3107 tantum
417 3037 579 3090 seruis
620 3044 885 3104 prmstate,
934 3036 1252 3090 remittentes
1294 3036 1466 3089 minas
1490 3075 1507 3100 ,
1549 3033 1768 3088 scientes

159 3126 303 3198 quod
331 3134 381 3182 et
420 3143 510 3182 vos
548 3126 822 3182 dominum
869 3125 1072 3181 habetis
1111 3127 1168 3181 in
1210 3125 1339 3181 ctelo
1391 3125 1530 3197 (Col.
1577 3141 1653 3192 tv,
1687 3125 1760 3196 1).

163 3217 224 3274 Si
273 3218 440 3288 igitur
460 3204 542 3274 in
574 3217 737 3275 domo
764 3217 1192 3288 uniuscuiusque
1235 3217 1574 3283 Christiani,
1619 3224 1765 3272 tanta

1861 2023 2124 2096 sanguine
2153 2023 2319 2095 impie
2355 2023 2658 2094 polluentes
2696 2036 2712 2076 :
2744 2037 2867 2077 cum
2918 2021 2972 2077 in
3001 2020 3270 2091 ejusmodi
3309 2033 3472 2075 causa

1861 2127 2012 2173 tanto
2029 2115 2232 2185 iustius
2253 2117 2678 2187 exspectandum
2700 2123 2845 2170 esset
2868 2113 3168 2186 legitimum
3185 2113 3474 2184 iudicium,

1862 2218 2066 2280 quanto
2093 2208 2308 2264 facilius
2339 2207 2578 2264 maritali
2605 2206 2724 2263 zelo
2751 2214 2933 2277 potest
2961 2207 3264 2278 perpetrari
3295 2203 3476 2262 homi-

1862 2301 2091 2356 ﬁdium.

1938 2391 2069 2447 CAP.
2099 2391 2212 2446 XI].
2241 2390 2546 2447 Defendant
2583 2405 2642 2447 se
2663 2399 2928 2460 quantum
2953 2389 3143 2446 volunt
3169 2388 3262 2458 qui
3287 2387 3475 2458 hujus-

1865 2483 2012 2539 modi
2058 2491 2218 2548 sunt,
2247 2483 2376 2538 sive
2400 2496 2499 2552 per
2525 2480 2690 2552 leges,
2740 2482 2785 2535 si
2814 2479 2938 2535 ullae
2970 2486 3115 2542 sunt,
3147 2479 3473 2542 mundanas,

1865 2577 1982 2631 sive
2005 2590 2105 2644 per
2127 2573 2547 2630 consuetudines
2573 2574 2860 2637 humanas,
2890 2580 3073 2627 tamen
3105 2571 3152 2626 si
3174 2569 3476 2626 Christiani

1867 2675 2016 2732 sunt,
2041 2666 2220 2722 sciant
2265 2680 2324 2721 se
2353 2665 2407 2720 in
2453 2664 2540 2720 die
2563 2663 2756 2735 iudicii
2790 2679 2892 2722 nec
2921 2663 3204 2728 Romanis,
3239 2677 3341 2718 nec
3369 2661 3475 2716 Sa-

1867 2743 2009 2826 licis,
2055 2773 2157 2816 nec
2179 2758 2553 2825 Gundobadis,
2583 2759 2678 2814 sed
2729 2758 2927 2814 divinis
2977 2767 3034 2813 et
3061 2755 3376 2827 apostolicis
3403 2754 3480 2810 le-

1866 2854 2026 2923 gibus
2068 2853 2412 2925 iudicandos.
2468 2852 2792 2924 Quanquam
2851 2853 2908 2908 in
2959 2865 3126 2922 regno
3169 2849 3480 2906 Christiano

1868 2946 2033 3002 etiam
2062 2944 2210 3016 ipsas
2233 2943 2378 3015 leges
2414 2943 2658 3014 publicas
2686 2951 2938 3015 Oporteat
2967 2957 3091 2999 esse
3119 2941 3477 3007 Christianas,

1871 3038 2256 3097 convenientes
2286 3037 2542 3093 videlicet
2568 3045 2624 3092 et
2657 3043 3024 3093 consonantes
3051 3033 3476 3091 Christianitati.

1870 3131 1983 3188 Lex
2007 3145 2245 3200 namque
2271 3129 2664 3200 omnipotentis
2693 3129 2790 3186 Dei
2822 3129 2877 3184 in
2903 3136 3017 3184 tres
3045 3127 3261 3198 species
3289 3126 3482 3182 dividit

1872 3225 2055 3282 omnia
2084 3240 2206 3296 quae
2231 3224 2481 3281 homines
2507 3223 2564 3279 in
2604 3222 2895 3280 mundanis
2933 3207 3100 3278 rebus
3139 3220 3357 3278 subdita
3385 3220 3480 3274 ba-

156 3313 397 3384 :equitas
428 3320 486 3368 et
503 3308 730 3369 bonitas
759 3313 923 3368 etiam
957 3327 1089 3385 erga
1113 3311 1364 3368 servilem
1403 3310 1769 3369 conditionem
1799 3297 1850 3373 (τ’
1873 3319 2008 3374 bere
2077 3317 2164 3374 vel
2223 3317 2503 3388 possidere
2556 3315 2810 3372 videntur
2836 3357 2853 3382 ,
2905 3329 3030 3370 cum
3111 3314 3164 3369 in
3229 3311 3480 3380 Decalogi

153 3405 432 3464 servanda
454 3413 539 3461 est
557 3406 701 3462 inter
728 3405 1004 3461 dominum
1025 3413 1083 3461 et
1101 3420 1342 3471 servum,
1367 3411 1576 3476 quanto
1595 3401 1772 3473 maior

155 3510 222 3558 et.
254 3499 477 3556 uberior
505 3514 570 3555 ac
591 3499 806 3570 plenior
846 3499 1200 3556 custodienda
1227 3506 1314 3555 est
1339 3498 1484 3557 inter
1509 3497 1770 3552 maritum

155 3599 221 3647 et
247 3605 496 3657 uxorem,
534 3590 678 3646 inter
717 3590 895 3645 virum
920 3599 978 3646 et
1005 3589 1289 3661 coniugem
1308 3629 1325 3656 ,
1357 3589 1500 3645 inter
1525 3596 1691 3660 caput
1717 3595 1774 3643 et

159 3682 407 3754 corpus?
433 3680 700 3750 Quoniam
746 3683 887 3737 sicut
917 3682 1210 3753 Apostolus
1237 3682 1399 3739 docet
1432 3700 1446 3737 :
1485 3680 1582 3736 Vir
1611 3689 1771 3752 caput

159 3783 240 3830 est
261 3773 524 3838 mulieris,
575 3773 712 3826 sicut
761 3771 1002 3828 Christus
1032 3783 1188 3844 caput
1229 3785 1304 3828 est
1342 3773 1618 3840 Ecclesia,
1661 3773 1773 3843 ipse

159 3868 407 3924 salvator
453 3866 700 3937 corporis-
730 3866 865 3936 ejus.
925 3865 1016 3920 Ita
1077 3876 1126 3921 et
1177 3866 1276 3920 uiri
1323 3867 1509 3921 debent
1558 3864 1775 3935 diligere

161 3977 360 4017 uxores
383 3975 508 4015 suas
535 3969 593 4014 ut
615 3974 838 4038 corpora
860 3975 959 4015 sua
989 3959 1206 4032 (Eplies.
1237 3975 1272 4014 v
1294 4000 1309 4027 ,
1337 3959 1410 4016 23
1447 3969 1497 4014 et
1520 3959 1638 4031 28).
1670 3958 1772 4026 Qui

140 4061 325 4112 'suam
355 4067 582 4111 uxorem
630 4052 824 4125 diligit,
871 4053 1110 4125 seipsum
1160 4052 1367 4125 diligit.’
1406 4051 1578 4108 Nemo
1628 4052 1773 4107 enim

160 4161 410 4218 unquam
432 4161 659 4203 carnem
703 4161 859 4202 suam
885 4147 1010 4203 odio
1056 4147 1247 4204 habuit
1291 4160 1306 4200 :
1358 4144 1454 4203 sed
1502 4145 1675 4201 nutrit
1721 4149 1775 4200 et

161 4240 320 4297 fovet
339 4255 460 4297 eam
487 4240 628 4296 sicut
654 4248 710 4295 et
737 4239 990 4296 Christus
1019 4239 1340 4296 Ecclesium.
1369 4238 1526 4295 Unde
1555 4251 1772 4294 rursum

161 4333 311 4391 idem
337 4333 628 4404 Apostolus
655 4327 787 4389 dicit
820 4349 834 4386 :
876 4330 1012 4398 Viri,
1055 4331 1257 4402 diligite
1305 4348 1498 4387 uxores
1553 4341 1770 4397 vestras,

161 4431 304 4487 sicut
331 4438 382 4484 et
410 4427 649 4485 Christus
676 4426 859 4482 dilexit
883 4425 1204 4492 Ecclesium,
1230 4433 1278 4480 et
1300 4426 1530 4496 seipsum
1553 4425 1774 4479 tradidit

162 4539 263 4596 pro
287 4539 372 4588 ea,
403 4531 459 4576 ut
483 4522 633 4576 illam
681 4520 1059 4591 sanctiﬁcaret,
1109 4518 1374 4574 mundans
1410 4533 1527 4573 eam
1565 4517 1776 4572 lavacro

164 4631 322 4688 aqua:
361 4616 417 4670 in
457 4615 609 4670 verba
651 4615 839 4686 (ibid.,
891 4613 1004 4685 25).
1039 4611 1198 4670 Certe
1239 4612 1295 4666 in
1336 4611 1424 4667 his
1463 4610 1774 4682 apostolicis

164 4673 353 4762 verbis
379 4716 528 4762 tanta
553 4673 698 4762 inter
724 4707 900 4761 virum
923 4673 978 4761 et
1005 4719 1252 4772 uxorem,
1279 4713 1337 4762 et
1357 4713 1466 4760 tam
1503 4704 1775 4776 praecipua
1803 4673 1854 4735 Β

167 4809 335 4871 atque
360 4801 632 4856 excellens
659 4800 877 4856 dilectio
915 4799 1365 4863 commendatur,
1411 4797 1563 4853 salva
1595 4806 1774 4853 tamen

167 4891 226 4948 in
261 4892 382 4962 ipso
429 4892 680 4965 coniugio
718 4891 1036 4965 praelatione
1083 4891 1188 4946 viri
1242 4895 1298 4946 et
1326 4889 1658 4958 subiectione
1698 4888 1777 4942 fe-

167 4986 356 5051 minae,
389 4994 453 5041 ut
483 4985 573 5042 illa
615 4986 998 5056 coniunctione
1041 4982 1208 5039 semel
1240 4997 1272 5038 a
1302 4981 1413 5038 Deo
1441 4981 1687 5036 instituta
1721 4986 1776 5036 et

168 5076 416 5149 legitime
440 5077 726 5135 conciliata
755 5076 928 5146 maior
952 5091 1073 5132 esse
1095 5089 1196 5130 nec
1218 5073 1433 5139 debeat,
1459 5088 1559 5129 nec
1582 5071 1772 5142 possit.

167 5169 311 5238 Quid
341 5169 487 5225 enim
515 5169 896 5234 venerabilius,
931 5184 1095 5240 quam
1139 5175 1202 5224 ut
1229 5165 1540 5238 coniugium
1575 5175 1777 5239 myste~

166 5263 312 5318 rium
343 5262 414 5318 sit
442 5261 645 5319 Christi
677 5270 734 5318 et
760 5260 1054 5318 Ecclesiae?
1078 5260 1208 5332 quid
1235 5260 1492 5324 sanctius,
1525 5273 1687 5331 quam
1715 5265 1777 5314 ut

168 5358 251 5414 sic
289 5356 522 5429 diligant
549 5357 651 5414 viri
681 5368 882 5413 uxores
927 5367 1079 5423 suas,
1127 5355 1268 5411 sicut
1297 5352 1547 5410 Christus
1590 5351 1788 5408 dilexit

167 5449 500 5515 Ecclesium,
531 5450 754 5506 tradens
771 5447 1020 5520 'seipsum
1048 5461 1150 5518 pro
1177 5459 1265 5514 ea,
1293 5455 1357 5502 ut
1381 5445 1529 5502 illam
1571 5445 1775 5502 sancti-

168 5543 376 5598 liceret
396 5550 561 5614 atque
613 5540 938 5599 mandaret?
979 5539 1121 5608 Quid
1173 5539 1393 5596 chari-us
1440 5545 1605 5609 atque
1656 5551 1782 5596 con-

165 5639 436 5712 iunctius,
468 5654 632 5710 quam
659 5647 720 5695 ut
755 5639 844 5695 vir
869 5645 1032 5710 caput
1058 5636 1130 5693 sit
1155 5634 1420 5702 mulieris,
1452 5633 1595 5689 sicut
1620 5631 1783 5690 Chri-

169 5743 293 5790 stus
336 5741 498 5805 caput
527 5741 613 5790 est
641 5733 919 5801 Ecclesiae,
949 5732 1066 5803 ipse
1093 5729 1334 5787 salvator
1373 5727 1654 5802 corporis?
1680 5725 1787 5796 Qui

173 5828 344 5883 etiam
376 5828 431 5883 in
474 5826 768 5900 Evangelio
800 5827 867 5883 de
895 5828 999 5882 hac
1025 5822 1263 5897 coniugii
1301 5819 1503 5879 unione
1530 5829 1784 5890 testatur,

177 5915 370 5974 diecns
423 5935 436 5973 :
484 5916 669 5990 Itaque
707 5915 824 5989 jam
870 5932 973 5973 non
1017 5926 1136 5972 sunt
1165 5915 1306 5982 duo,
1355 5914 1446 5970 sed
1491 5923 1598 5968 una
1637 5917 1788 5968 caro.

1874 3409 2164 3483 praeceptis
2191 3410 2385 3466 deﬁnit
2427 3417 2485 3464 et
2535 3408 2668 3465 dicit
2700 3426 2713 3463 :
2759 3409 2884 3464 Non
2910 3406 3233 3462 desiderabis
3264 3419 3481 3460 mrem

1871 3501 2100 3570 proximi
2128 3502 2246 3568 tui,
2275 3515 2382 3556 non
2421 3515 2647 3565 servum,
2696 3516 2800 3554 non
2829 3496 3102 3564 ancillam,
3130 3513 3235 3552 non
3281 3496 3480 3562 bovem,

1874 3608 1978 3647 non
2017 3608 2195 3660 ovem,
2226 3609 2332 3648 non
2379 3593 2609 3658 asinum,
2656 3607 2761 3647 non
2802 3592 2980 3646 omnia
3023 3606 3140 3662 quin
3187 3590 3334 3645 illius
3358 3598 3482 3644 sunt

1875 3683 2074 3756 (Exod.
2112 3700 2185 3739 xx
2211 3725 2228 3752 ,
2259 3686 2371 3757 17).
2401 3685 2461 3741 In
2489 3686 2686 3756 quibus
2723 3685 2909 3741 verbis
2954 3684 3071 3741 sine
3114 3684 3280 3741 dubio
3326 3684 3485 3740 aliter

1875 3777 2268 3832 consideranda
2325 3785 2409 3833 est
2460 3777 2698 3849 dignitas
2749 3777 2939 3834 tixoris
2969 3815 2986 3843 ,
3034 3776 3194 3832 aliter
3243 3775 3484 3833 conditio

1875 3882 2157 3922 servorum
2187 3875 2243 3922 et
2284 3866 2625 3932 ancillarum,
2675 3874 2730 3920 et
2772 3867 2932 3922 aliter
2974 3866 3156 3922 vilitas
3197 3866 3483 3923 brutorum

1875 3958 2213 4026 animalium,
2243 3958 2358 4015 sive
2387 3957 2782 4014 insensibilium
2814 3973 2996 4014 rerum
3019 3998 3034 4023 ,
3065 3968 3121 4012 et
3150 3958 3272 4014 ideo
3297 3958 3481 4015 omnia

1874 4056 1978 4112 ista
2007 4052 2120 4107 suis
2151 4052 2309 4107 metis
2340 4051 2645 4115 tractanda,
2677 4052 2792 4105 suis
2827 4049 3086 4120 gradibus
3124 4050 3485 4105 discernenda

1875 4161 1940 4202 ac
1969 4145 2256 4201 dividenda
2283 4152 2428 4202 sunt.
2460 4143 2588 4200 Haec
2627 4143 2862 4199 dicimus
2909 4151 2971 4198 ut
2997 4141 3345 4199 considerent
3391 4142 3483 4211 qui

1875 4239 2138 4310 eiusmodi
2177 4247 2324 4306 sunt,
2359 4237 2607 4294 viliorem
2657 4237 2799 4307 apud
2843 4251 2903 4292 se
2943 4249 3066 4292 esse
3115 4234 3483 4290 conditionem

1875 4346 2108 4388 uxorum
2133 4346 2295 4402 quam
2339 4330 2698 4386 servulorum.
2733 4327 2804 4383 Et
2827 4329 2896 4384 de
2941 4343 3100 4384 servo
3128 4327 3332 4398 absque
3356 4343 3485 4384 con-

1877 4427 2102 4482 scientia
2139 4425 2340 4495 iudiCis
2373 4425 2556 4480 occiso
2583 4424 2834 4479 dominus
2873 4421 2991 4492 eius
3037 4422 3314 4480 homicidii
3361 4435 3487 4478 reus

1875 4516 2083 4582 existit,
2112 4530 2213 4572 nec
2253 4514 2578 4570 effusionem
2609 4512 2891 4585 sanguinis
2934 4513 3037 4568 nisi
3078 4527 3176 4584 per
3215 4513 3486 4583 poeniteno

1880 4608 2011 4663 tiam
2043 4616 2221 4678 potest
2262 4607 2482 4677 expiare
2508 4647 2523 4674 ,
2572 4606 2702 4677 quid
2752 4605 2819 4661 de
2861 4602 3088 4676 coniuge
3137 4605 3486 4661 statuendum
3569 4675 3582 4688 ί

1879 4699 1970 4755 sit.
1999 4699 2103 4766 Qui
2129 4698 2294 4755 etiam
2324 4713 2497 4769 usque
2541 4697 2610 4752 ad
2637 4703 2847 4752 tantam
2877 4695 3167 4752 stultitiam
3193 4703 3248 4750 et
3270 4696 3485 4752 caecitao

1880 4804 1986 4850 tem
2013 4801 2391 4865 prorumpunt,
2411 4803 2474 4847 ut
2495 4805 2590 4848 eas
2617 4804 2756 4861 quas
2782 4789 2837 4845 in
2864 4789 3059 4860 primis
3077 4795 3271 4845 contra
3294 4801 3486 4845 omnes

1879 4897 1935 4943 et
1962 4887 2174 4942 divinas
2214 4894 2270 4941 et
2301 4887 2569 4940 humanas
2608 4885 2777 4958 leges,
2812 4893 2868 4939 et
2913 4890 3103 4939 contra
3153 4881 3323 4951 ipsius
3360 4880 3486 4949 iura

1880 4977 2234 5034 humanitatis
2276 4990 2374 5048 per
2406 4975 2722 5034 violentiam
2774 4982 2832 5032 et
2856 4983 3073 5045 raptum
3108 4960 3487 5043 sibi’couiuna

1879 5082 2035 5144 gunt,
2077 5071 2166 5127 vel
2192 5071 2356 5127 etiam
2405 5087 2472 5128 ex
2511 5071 2850 5144 professione
2875 5080 2932 5126 et
2968 5069 3157 5125 habitu
3187 5068 3484 5125 sanctimo-

1885 5163 2015 5220 niali
2044 5163 2308 5237 sacrilega
2338 5165 2620 5237 impietate
2649 5163 3049 5222 commaculare
3077 5177 3184 5220 non
3215 5169 3484 5230 metuunt,

1884 5267 2074 5328 postea
2126 5257 2402 5314 blanditiis
2464 5258 2718 5315 deﬁnitae
2745 5298 2763 5325 ,
2823 5265 2880 5312 et
2930 5255 3247 5326 parentibus
3298 5245 3500 5311 earnm

1886 5349 2216 5417 artificiosa,
2265 5350 2377 5406 imo
2429 5349 2792 5422 ignominiosa
2863 5347 3172 5404 adulatione
3214 5347 3484 5419 placatis,

1885 5451 2080 5515 putant
2107 5459 2167 5501 se
2189 5452 2245 5499 et
2273 5442 2514 5500 divinum
2534 5451 2590 5499 et
2609 5442 2909 5499 humanum
2937 5441 3179 5498 evasisse
3197 5439 3485 5512 iudicium,

1886 5547 1942 5596 et
1990 5549 2100 5596 tam
2151 5537 2398 5595 illicitum
2434 5545 2616 5610 atque
2645 5535 2893 5610 iniquum
2939 5533 3358 5592 contubernium
3393 5548 3490 5590 vo-

1884 5630 2002 5688 lunt
2029 5629 2203 5687 videri
2233 5627 2383 5685 velut
2410 5627 2714 5702 legitimum
2751 5636 2810 5685 et
2838 5629 3128 5686 honestum
3157 5622 3484 5696 coniugium,

1887 5739 2010 5782 cum
2036 5724 2177 5780 sicut
2211 5723 2323 5795 iam
2353 5737 2517 5794 supra
2564 5729 2847 5780 ostensum
2882 5728 2990 5787 est,
3036 5727 3092 5776 et
3117 5717 3346 5776 feminas
3370 5731 3491 5789 quae

1887 5813 2198 5886 raptoribus
2242 5814 2355 5871 suis
2392 5821 2724 5870 consensum
2743 5808 3100 5884 praebuerint,
3143 5814 3197 5865 et
3241 5815 3493 5880 parentes

1891 5923 2102 5978 earum,
2147 5909 2253 5966 nisi
2291 5907 2733 5982 reclamav‘erint,
2761 5908 2927 5965 etiam
2956 5905 3194 5977 antiquae
3221 5903 3490 5960 Romano-
