4010 6330
513 443 644 500 1051

516 559 673 616 venia
699 553 1042 629 postulanda,
1076 551 1150 608 ibi
1165 524 1401 606 sollicite
1430 541 1732 603 satisfactio
1767 533 2093 629 exhibenda,
2121 535 2176 596 Α

516 626 787 709 idest'in
837 646 1076 704 Ecclesia
1122 642 1240 709 Dei,
1289 640 1429 710 apud
1474 630 1950 695 sacerdotes'Dei,
2003 626 2100 683 ubi

517 743 858 802 solummodo
901 737 1168 794 veraciter
1231 733 1465 790 obtineri
1517 736 1696 801 potest
1750 735 1805 782 et
1851 720 2104 779 remissio

518 837 745 909 peccati,
794 842 850 889 et
888 827 1200 904 propitiatio
1230 825 1345 895 ejus
1369 824 1461 880 oui
1489 821 1726 878 offensus
1745 827 1832 875 est
1855 813 2102 884 omnipo-

521 929 683 983 tentis
713 923 826 980 Dei.

597 1017 724 1072 CAP.
743 1011 926 1068 XVIII.
945 1009 1222 1081 Adiiciunt
1238 1002 1540 1063 istiusmodi
1556 1000 1807 1058 homines
1821 995 1978 1054 malis
1992 993 2107 1050 suis

523 1110 686 1166 etiam
712 1107 858 1162 illam
891 1104 1072 1173 nimis}
1099 1101 1360 1157 audacem
1388 1107 1443 1154 et
1470 1095 1799 1168 puniendam
1840 1103 2107 1163 praesumo

518 1201 788 1273 ptionem,
811 1206 871 1252 ut
895 1194 1214 1251 adulterinis
1238 1202 1294 1248 et
1323 1189 1668 1247 exsecrandis
1693 1201 1799 1242 non
1823 1182 2106 1254 coniugiis,

521 1295 613 1349 sed
638 1291 1032 1349 colluvionibus
1057 1287 1191 1351 suis,
1213 1285 1536 1356 postulando
1559 1297 1623 1337 ac
1644 1277 1994 1350 supplicando
2015 1290 2113 1328 au-

521 1385 833 1442 ctoritatem
854 1381 939 1437 vel
972 1379 1356 1436 mediationem
1382 1376 1761 1448 religiosorum
1805 1369 2110 1442 principum

463 1496 467 1500 ’
523 1476 844 1546 acquirant:
875 1472 1019 1544 quod
1047 1469 1189 1526 absit
1226 1486 1256 1524 a
1287 1468 1537 1523 ﬁdelibus
1566 1474 1620 1520 et
1666 1461 1934 1518 ministris
1960 1457 2112 1530 regni

521 1568 722 1625 Christi
750 1564 1099 1639 principibus,
1133 1573 1194 1618 ut
1219 1562 1536 1633 cujusquam
1565 1556 1889 1628 improbitas
1918 1567 2106 1607 eorum

523 1659 829 1717 interdictis
847 1657 934 1712 vel
963 1653 1457 1712 interventionibus
1482 1650 1798 1722 adjuvetur:
1825 1661 1948 1702 cum
1971 1645 2117 1715 leges

522 1751 810 1815 Romanae,
858 1755 914 1803 et
942 1744 1391 1803 Christianissimi
1429 1743 1644 1797 illorum
1673 1749 1976 1809 temporum
2015 1736 2117 1789 im-

521 1847 804 1912 peratores
845 1835 1290 1893 manifestissime
1340 1842 1393 1888 et
1421 1832 1722 1902 iustissime
1764 1827 2075 1885 censuerint
2099 1867 2112 1892 ,

1361 426 1693 487 HINCMARI
1731 419 1946 478 RHEM.
1983 413 2306 473 ARCHIEP.
2343 407 2710 468 OPUSCULA
2749 400 2986 458 VARIA.

3653 394 3805 448 suae

2197 533 2506 591 cremento,
2529 533 2592 578 ut
2607 518 2922 590 coniugium
2951 527 3057 570 non
3089 515 3410 583 separetur,
3442 516 3498 564 et
3535 507 3810 562 dimissus

2207 627 2301 678 aut
2320 619 2545 676 dimissa
2578 629 2680 670 nec
2705 626 2870 668 causa
2893 607 3064 679 prolis
3083 603 3237 659 alteri
3269 603 3652 674 coniungatur.
3681 599 3812 656 Haec

2205 723 2292 770 est
2320 722 2576 782 tanquam
2614 707 2802 780 regula
2833 702 3167 773 nuptiarum,
3200 699 3326 770 quia
3353 696 3439 753 vel
3475 705 3680 752 natura
3714 695 3810 751 de-

2206 816 2430 865 coratur
2458 803 2781 868 fecunditas,
2816 797 2903 853 vel
2933 793 3242 851 innocentia
3267 791 3475 863 regitur
3498 789 3805 860 pravitas.»

2207 901 2472 958 Audiatur
2492 905 2549 954 et
2581 896 2714 952 illud
2739 892 2883 964 quod
2907 901 2976 946 ue
2999 888 3225 958 reliquis
3250 885 3465 942 duobus
3489 882 3808 948 ordinibus,

2211 992 2264 1047 in
2287 999 2487 1062 quanta
2526 987 2818 1044 sanctitate
2859 990 2915 1038 et
2943 978 3251 1037 reverentia
3295 977 3486 1034 haberi
3530 976 3814 1042 debeant,

2211 1085 2298 1140 his
2324 1081 2508 1138 verbis
2547 1081 2744 1135 iterum
2772 1076 2988 1140 dicunt,
3020 1071 3192 1130 David
3214 1087 3338 1127 cum
3363 1084 3564 1141 magno
3589 1071 3679 1125 sui
3715 1085 3818 1140 pu-

2213 1175 2342 1232 dore
2365 1173 2554 1228 furtim
2584 1172 2652 1226 ad
2689 1167 2877 1225 militis
2920 1165 3005 1222 sui
3050 1164 3285 1220 intrasse
3329 1161 3504 1218 fertur
3543 1177 3812 1222 uxorem,

2215 1285 2316 1326 nec
2355 1279 2533 1324 tamen
2565 1265 2795 1323 evadere
2822 1261 3000 1333 potuit
3023 1260 3305 1316 ultionem.
3337 1258 3421 1312 Tu
3454 1257 3524 1312 ad
3553 1271 3813 1329 sponsam

2215 1363 2362 1434 regis
2430 1359 2634 1417 Christi
2714 1357 3088 1413 temerandam
3117 1395 3134 1420 ,
3206 1349 3515 1408 cubiculum
3595 1349 3814 1404 Domini

2217 1455 2557 1511 dominorum
2612 1450 2954 1521 impudenter
2996 1447 3311 1517 ingressus,
3357 1442 3639 1514 quomodo
3693 1457 3813 1496 esse

2216 1544 2423 1615 poteris
2443 1540 2782 1612 impunitus?
2805 1540 2885 1595 Ac
2912 1538 2957 1593 si
2977 1537 3119 1592 forte
3141 1536 3302 1592 vidua
3319 1575 3336 1602 ,
3358 1543 3452 1589 aut
3471 1547 3818 1604 quaecunque

2219 1637 2381 1694 fuerit
2408 1636 2522 1702 illa,
2559 1634 2796 1690 nondum
2821 1630 3066 1703 professa
3093 1629 3478 1686 continentiam
3518 1627 3815 1692 castitatis,

2219 1727 2470 1800 quaelibet
2496 1725 2587 1781 illa
2605 1725 2697 1790 sit,
2720 1738 2858 1779 uxor
2877 1722 2982 1779 dici
3001 1738 3110 1778 non
3127 1728 3306 1792 potest
3327 1720 3645 1791 prostituta.
3670 1726 3816 1774 uter—

2222 1836 2328 1890 que
2373 1826 2618 1874 vestrum
2654 1825 2784 1872 nota
2833 1830 3052 1886 semper
3083 1815 3330 1869 inuratur
3379 1811 3624 1867 infamia
3651 1851 3669 1877 ,
3724 1824 3819 1864 nec

522 1905 616 1990 eos
643 1933 734 2003 qui
761 1929 976 2000 iniustis
995 1939 1050 1985 et
1075 1927 1434 1983 fraudulentis
1461 1925 1835 1996 petitionibus,
1863 1932 1918 1978 et
1944 1922 2116 1978 maxi—
2143 1917 2190 1976 Β
2219 1915 2378 1970 aliter
2401 1914 2533 1969 tanti
2559 1911 2802 1969 criminis
2832 1911 3043 1967 macula
3072 1906 3277 1980 poterit
3307 1905 3543 1974 aboleri,
3569 1905 3680 1960 nisi
3732 1914 3819 1958 aut

527 2041 636 2085 nte~
659 2025 714 2078 in
755 2023 846 2078 tali
875 2037 1059 2086 causa,
1103 2019 1432 2092 principales
1467 2032 1627 2073 aures
1658 2014 2078 2086 inquietaverint
2099 2054 2115 2080 ,

524 2125 579 2172 et
608 2116 817 2185 indultu
841 2114 1109 2171 beneﬁcio
1138 2127 1346 2176 carere,
1373 2120 1427 2166 et
1457 2111 1679 2180 insuper
1705 2109 1896 2163 exsilio
1918 2109 2113 2176 depor-

525 2205 651 2272 tari,
683 2214 738 2260 et
769 2203 907 2259 ﬁlios
931 2203 1024 2274 qui
1052 2219 1118 2258 ex
1147 2201 1453 2271 huiusmodi
1486 2198 1862 2269 ignominiosis
1887 2204 1941 2250 et
1961 2195 2116 2249 adul-

526 2299 716 2354 terinis
737 2294 1206 2365 coniunctionibus
1230 2292 1432 2347 fuerint
1451 2289 1744 2362 procreati,
1777 2299 2116 2357 nequaquam

526 2389 795 2460 legitimos
823 2387 1197 2457 deputandos,
1233 2398 1332 2439 nec
1379 2381 1714 2438 haereditatis
1775 2378 2120 2435 successione

527 2479 912 2536 lionestaudos.
977 2476 1338 2534 Obsecramus
1400 2474 1567 2545 igitur
1622 2469 2116 2528 mansuetissimam

527 2572 971 2642 tranquillitatem
1013 2577 1253 2626 vestram
1279 2608 1295 2633 ,
1331 2564 1794 2622 Christianissime
1835 2570 1890 2617 et
1923 2560 2122 2631 glorio-

528 2664 739 2719 sissime
768 2663 1120 2735 princeps,ut
1148 2674 1339 2733 preces
1359 2667 1414 2715 et
1443 2655 1863 2730 supplicationes
1885 2661 2120 2718 nostras,

528 2771 664 2826 quas
691 2770 789 2826 pro
839 2753 1080 2810 Ecclesia
1130 2752 1228 2807 Dei
1268 2761 1323 2807 et
1355 2749 1787 2806 sanctificatione
1817 2756 1980 2816 atque
2025 2746 2122 2800 ho-

527 2866 662 2907 nore
690 2849 936 2920 corporis
961 2847 1090 2904 Jesu
1127 2845 1332 2902 Christi
1358 2844 1573 2899 Domini
1605 2850 1662 2896 et
1701 2839 2004 2896 Salvatoris
2024 2851 2122 2892 no-

527 2944 628 2999 stri
658 2942 985 3006 deferimus,
1023 2938 1317 2993 clementer
1361 2934 1626 2998 audiatis,
1669 2939 1917 3003 prompta
1952 2931 2120 2987 devo-

529 3034 676 3088 tione
701 3029 1042 3102 suscipiatis,
1077 3035 1133 3082 et
1161 3025 1340 3081 insitae
1374 3022 1654 3094 religionis
1682 3019 1877 3077 affectu
1905 3034 1971 3075 ac
2007 3017 2124 3074 zelo

530 3136 750 3182 strenue
785 3133 948 3192 atque
975 3121 1204 3178 sollicite
1236 3117 1454 3174 effectui
1495 3115 1836 3187 mancipetis.
1874 3113 1987 3170 Nec
2032 3128 2122 3168 re-

537 3215 982 3289 prehendendam
993 3213 1247 3286 judicelis
1259 3225 1445 3266 curam
1459 3217 1515 3265 et
1526 3209 1799 3266 solertiam
1815 3206 2124 3280 pusillitatis

2221 2008 2435 2081 publica
2465 2006 2645 2076 legum
2673 2003 3018 2062 saecularium
3048 2001 3301 2059 saeviente
3327 2013 3566 2055 censura
3609 1994 3815 2052 adulte—

2222 2103 2363 2157 rium
2395 2100 2662 2156 mortibus
2686 2099 2970 2170 expietur,
3000 2105 3096 2152 aut
3141 2104 3288 2151 certe
3321 2093 3612 2165 profundis
3637 2091 3816 2147 amicti

2221 2195 2400 2251 cordis
2422 2194 2712 2266 gemitibus
2733 2201 2789 2247 et
2807 2207 2949 2247 verae
2974 2189 3311 2262 poenitentiae
3335 2187 3565 2259 iugibus
3590 2185 3726 2240 dum
3749 2185 3822 2240 vi-

2220 2285 2366 2340 vitur
2401 2285 2767 2356 lacrymarum
2794 2267 3033 2339 fontibus
3058 2281 3328 2337 abluatur.
3363 2279 3548 2334 Exeat
3577 2293 3715 2350 ergo
3738 2278 3821 2348 qui

2223 2377 2368 2431 dicat
2392 2376 2599 2431 crimen
2626 2375 2731 2432 hoc
2756 2374 2962 2444 nuptiis
2980 2371 3378 2428 emendandum
3397 2410 3413 2437 ,
3440 2379 3502 2427 et
3526 2370 3600 2426 de
3625 2368 3823 2424 scelere

2223 2469 2408 2523 statim
2434 2455 2655 2523 nomine
2679 2465 2987 2538 coniugium
3016 2473 3238 2521 censeat
3256 2479 3380 2519 esse
3406 2461 3756 2519 vocandum.
3781 2459 3818 2514 A

2223 2575 2311 2616 me
2352 2560 2554 2616 invitus
2595 2559 2867 2615 veraciter
2906 2558 3122 2624 audiet,
3154 2557 3482 2613 adulterium
3520 2555 3826 2612 nullatenus

2223 2653 2330 2708 dici
2371 2653 2723 2724 conjugium:
2758 2651 3070 2724 coniugium
3108 2650 3254 2706 enim
3299 2647 3548 2722 religiosi
3598 2648 3826 2704 nominis

2223 2744 2547 2801 vocabulum
2570 2753 2674 2800 est.

2296 2839 2428 2894 CAP.
2452 2838 2572 2894 XX.
2596 2839 2694 2895 liis
2715 2847 3028 2896 sanctorum
3050 2838 3274 2894 Patrum
3303 2836 3492 2892 verbis
3516 2845 3690 2907 atque
3706 2851 3816 2891 seu-

2229 2929 2414 2985 tentiis
2438 2929 2831 3000 subjungemus
2857 2930 3036 2984 adhuc
3070 2942 3267 2999 paucas
3292 2942 3360 2982 ex
3388 2927 3568 2981 sacris
3610 2926 3824 2981 canoni-

2227 3023 2330 3079 bus
2383 3023 2715 3090 sententias,
2765 3038 2903 3094 quas
2937 3022 2993 3078 in
3045 3021 3570 3092 contemplationem
3616 3018 3824 3074 Domini

2229 3116 2399 3171 nostri
2430 3115 2558 3172 Jesu
2598 3114 2838 3181 Christi,
2862 3125 2918 3172 et
2953 3115 3215 3171 honorem
3240 3129 3307 3170 ac
3331 3113 3600 3185 pietatem
3628 3121 3825 3168 sancta:

2230 3211 2424 3266 matris
2452 3211 2710 3266 Ecclesia:
2735 3252 2750 3277 ,
2797 3211 2951 3282 cujus
2977 3207 3278 3266 visceribus
3321 3208 3438 3264 Deo
3480 3207 3636 3273 nati,
3679 3207 3826 3278 cujus

532 3318 733 3367 nostra;
761 3349 776 3374 ,
805 3308 949 3378 quod
989 3299 1104 3363 haec
1147 3305 1258 3360 Deo
1290 3312 1606 3375 protegente
1631 3317 1737 3358 non
1772 3301 1995 3372 ubique,
2028 3300 2122 3356 sed
2150 3289 2195 3353 C
2228 3303 2528 3360 honoribus
2554 3301 2810 3359 illustrati
2842 3303 3009 3368 estis,
3038 3309 3097 3360 et
3116 3300 3453 3358 mtemaliter
3475 3299 3826 3355 illustrandos

530 3402 588 3458 in
634 3401 907 3474 plerisque
953 3399 1104 3472 regni
1135 3396 1294 3468 hujus
1335 3396 1584 3468 partibus
1620 3395 1869 3468 contagia
1908 3394 2122 3451 funesta

531 3500 869 3565 grassantur.
902 3488 1038 3557 Quia
1074 3487 1230 3544 nobis
1264 3487 1393 3542 licet
1420 3484 1656 3556 indignis
1681 3493 1737 3540 et
1765 3483 2038 3550 minimis,
2072 3492 2126 3540 et

531 3583 779 3655 exemplo
817 3579 1112 3653 apostolico
1140 3595 1270 3635 cura
1311 3579 1472 3636 debet
1519 3576 1834 3634 incumbere
1877 3575 2123 3631 omnium

532 3673 928 3737 Ecclesiarum,
979 3679 1036 3726 et
1081 3669 1301 3726 omnino
1347 3667 1635 3739 vigilanter
1687 3666 2023 3724 admouenda
2069 3674 2127 3722 et

531 3764 879 3838 praedicanda
903 3771 1032 3820 sunt
1056 3763 1161 3818 ista
1185 3762 1350 3818 etiam
1385 3761 1476 3818 ubi
1509 3776 1616 3816 non
1663 3759 1818 3814 ﬁunt.
1853 3759 2124 3827 Quoniam

531 3867 588 3914 et
613 3866 740 3912 ante
763 3871 1032 3913 venenum
1060 3863 1144 3911 est
1171 3853 1534 3910 adhibendum
1555 3847 1886 3918 antidotum,
1929 3860 1984 3908 et
2011 3850 2128 3906 vul-

534 3969 654 4018 nus,
701 3952 830 4007 dum
867 3951 1044 4007 adhuc
1074 3948 1371 4006 crescendo
1401 3947 1540 4004 male
1567 3947 1813 4018 proﬁcit,
1852 3945 1939 4002 vel
1982 3961 2130 4002 rese-

535 4042 767 4098 candum
791 4049 874 4098 est
899 4040 986 4096 vel
1019 4039 1338 4096 curandum.
1365 4037 1598 4094 Oramus
1635 4037 1820 4107 itaque
1848 4045 1904 4092 et
1930 4036 2127 4106 impio-

535 4149 718 4189 ramus
742 4149 772 4188 a
800 4131 954 4188 vobis
983 4131 1266 4197 auxilium,
1289 4129 1432 4201 quod
1457 4129 1533 4184 illi
1555 4129 1673 4185 sine
1702 4128 1864 4185 dubio
1892 4127 2128 4193 debetis,

535 4223 688 4292 cujus
722 4237 946 4279 munere
972 4220 1176 4277 floretis
1199 4228 1364 4290 atque
1388 4219 1621 4291 polletis,
1641 4227 1701 4274 ut
1733 4227 1842 4274 tres
1871 4217 2129 4274 Ecclesia:

535 4315 776 4381 ordines,
808 4313 918 4369 imo
941 4311 1136 4384 triplex
1161 4311 1275 4382 agri
1299 4310 1467 4366 divini
1487 4310 1717 4375 fructus,
1735 4307 2010 4374 videlicet,
2033 4307 2130 4362 tri-

536 4407 792 4470 cesimus,
823 4402 1210 4474 sexagesimus,
1248 4410 1412 4471 atque
1435 4401 1769 4455 centesimus
1791 4439 1807 4464 ,
1832 4398 2001 4454 etiam
2026 4412 2125 4453 ve-

539 4504 653 4549 stro
684 4503 894 4548 terrore
919 4501 1082 4560 atque
1121 4490 1371 4559 praesidio
1395 4528 1409 4555 ,
1444 4489 1592 4544 velut
1618 4489 1850 4557 quadam
1878 4502 2005 4558 sepe
2049 4495 2130 4542 at-

539 4600 646 4656 que
680 4584 1047 4647 munimento,
1101 4581 1314 4650 integer
1360 4588 1415 4633 et
1465 4577 1711 4632 sincerus
1760 4579 2126 4643 custodiatur,

540 4685 779 4741 crescat,
819 4685 981 4746 atque
1023 4671 1318 4744 proﬁciat:
1348 4671 1656 4726 tricesimus
1700 4670 1755 4726 in
1787 4670 2129 4740 copulatione

539 4769 794 4841 coniugii,
828 4767 1201 4837 sexagesimus
1229 4765 1283 4819 in
1313 4763 1645 4819 continentia
1675 4762 1914 4830 viduali,
1943 4770 2129 4818 cente-

539 4863 709 4921 simus
736 4862 791 4917 in
828 4861 1035 4930 pudore
1062 4866 1223 4927 atque
1250 4856 1562 4928 integritate
1589 4853 1993 4910 sanctimoniali
2019 4871 2032 4907 :
2069 4861 2130 4908 ut

539 4958 848 5028 quicunque
873 4953 960 5008 his
991 4950 1257 5006 fructibus
1284 4957 1541 5018 tanquam
1570 4948 1744 5002 bruta:
1769 4955 1824 5001 et
1855 4944 2125 5016 pernicio-

537 5067 612 5108 sae
652 5050 837 5106 bestia:
883 5047 1232 5111 insidiantur,
1260 5049 1444 5099 vestra
1489 5041 1734 5112 custodia
1763 5039 2126 5111 repellantur,

536 5153 720 5201 vestra
747 5142 910 5198 etiam
937 5138 1228 5196 severitate
1259 5135 1623 5207 corrigantur.

609 5258 739 5314 Car.
769 5255 911 5311 XIX.
933 5253 1198 5311 Audiatur
1216 5259 1273 5309 et
1291 5259 1544 5308 teneatur
1565 5249 1709 5320 quod
1731 5248 1905 5304 sancti
1936 5247 2126 5305 Patres

545 5357 809 5414 deﬁniunt
832 5355 898 5410 de
921 5355 1063 5410 bono
1081 5351 1370 5422 coniugali,
1391 5352 1467 5406 ita
1495 5350 1737 5405 dicentes
1754 5349 1911 5420 (Aug.
1929 5347 2018 5402 lib.
2045 5363 2123 5415 rx,

536 5453 600 5508 de
631 5449 817 5507 Gener.
849 5449 918 5504 ad
949 5448 1027 5504 lit.
1063 5466 1110 5504 c.
1142 5447 1214 5521 7)
1246 5465 1261 5503 :
1297 5466 1316 5499 ι
1353 5447 1508 5515 Quod
1546 5446 1746 5502 bonum
1787 5445 1987 5500 habent
2029 5461 2124 5499 nu-

532 5544 692 5615 ptiae,
718 5550 998 5614 peccatum
1051 5553 1172 5596 esse
1216 5553 1494 5610 nunquam
1552 5547 1751 5608 potest.
1797 5536 1911 5591 lloc
1943 5545 2124 5592 autem

535 5635 866 5705 tripartitum
887 5641 992 5699 est,
1036 5630 1202 5698 ﬁdes,
1237 5630 1438 5702 proles,
1467 5636 1886 5684 sacramentum.
1921 5627 1976 5682 In
2019 5626 2126 5683 ﬁde

491 5801 494 5804 ξ
535 5728 853 5791 attenditur,
880 5741 948 5781 ne
983 5734 1179 5795 prteter
1202 5723 1483 5779 vinculum
1508 5720 1786 5792 coniugale
1809 5735 1932 5776 cum
1955 5719 2124 5776 altera

535 5816 620 5871 vel
649 5816 821 5870 altero
845 5815 1254 5870 concumbatur.
1289 5813 1347 5868 In
1374 5811 1552 5883 prole,
1581 5818 1643 5866 ut
1685 5819 1931 5866 amanter
1956 5810 2128 5867 susci-

535 5909 743 5982 piatur,
770 5906 998 5974 benigne
1026 5907 1315 5972 nutriatur,
1359 5904 1612 5974 religiose
1650 5902 1930 5959 educetur.
1952 5902 2010 5958 In
2031 5916 2122 5958 sa-

2229 3409 2326 3450 vos
2365 3408 2488 3450 esse
2525 3393 2830 3460 conﬁditis,
2874 3393 3131 3466 religiosa
3176 3407 3495 3464 quaesumus
3542 3391 3824 3446 devotione

2227 3483 2462 3539 audiatis
2482 3522 2497 3548 ,
2537 3492 2593 3539 et
2619 3482 3042 3540 instructissima
3062 3498 3192 3540 cura
3229 3493 3394 3555 atque
3423 3483 3734 3547 industria,
3774 3482 3824 3536 in

2229 3579 2520 3635 commisso
2545 3579 2702 3634 vobis
2729 3577 3040 3635 Christiano
3065 3577 3264 3651 populo
3289 3578 3540 3649 agnosci,
3565 3574 3820 3641 revereri.

2229 3677 2392 3738 atque
2416 3667 2734 3734 observari,
2774 3668 3006 3724 Domino
3039 3669 3097 3723 in
3123 3668 3380 3725 omnibus
3401 3677 3733 3741 protegente
3769 3676 3822 3723 et

2229 3771 2574 3831 cooperante,
2606 3761 2840 3818 faciatis.
2870 3761 3044 3817 Tanta
3062 3777 3300 3832 namque
3329 3774 3420 3817 res
3443 3761 3552 3817 ista
3601 3769 3692 3816 est
3734 3773 3827 3832 pro

2230 3869 2336 3923 qua
2367 3855 2668 3924 satagimus
2690 3861 2748 3910 et
2772 3853 3141 3926 supplicamus
3159 3895 3174 3921 ,
3204 3853 3255 3909 id
3281 3861 3368 3909 est
3411 3851 3756 3909 castimonia
3775 3860 3827 3906 et

2230 3947 2537 4003 sanctitatis
2563 3946 2841 4013 custodia,
2884 3955 2945 4002 ut
2966 3962 3068 4018 pro
3090 3961 3154 4003 ea
3187 3945 3630 4002 commendanda
3669 3953 3826 4014 atque

2232 4039 2433 4094 tuenda
2461 4039 2629 4094 etiam
2667 4054 2770 4096 nos
2809 4039 2956 4110 ipsos
2981 4037 3181 4096 offerre
3212 4039 3447 4094 libenter
3496 4037 3824 4098 debeamus,

2231 4132 2478 4204 exemplo
2507 4133 2656 4189 beati
2681 4142 2738 4189 et
2757 4133 2980 4205 gloriosi
3001 4133 3262 4205 Baptista:
3287 4131 3543 4196 Joannis,
3571 4131 3668 4202 qui
3691 4132 3824 4186 inter

2231 4233 2428 4281 caetera
2467 4225 2871 4296 praedicationis
2907 4241 3019 4282 suae
3065 4224 3374 4298 praeconia,
3423 4224 3598 4279 etiam
3648 4236 3821 4291 regem

2230 4317 2408 4389 ipsum
2429 4317 2698 4375 Herodem
2719 4328 2946 4390 propter
2965 4319 3269 4376 istiusmodi
3297 4319 3676 4375 adulterinum
3703 4333 3824 4373 eon-

2226 4409 2435 4481 iugium
2457 4418 2610 4466 tanta
2633 4411 2938 4466 constantia
2966 4411 3299 4480 increpavit,
3337 4419 3508 4481 atque
3531 4409 3822 4480 corripuit.

2233 4499 2502 4555 instanter
2524 4502 2855 4557 annuntians
2898 4510 2954 4556 et
2984 4501 3177 4558 dicens
3203 4501 3281 4557 illi
3318 4501 3388 4556 de
3435 4517 3615 4558 uxore
3650 4500 3824 4555 fratris

2235 4596 2319 4651 sui
2343 4595 2652 4659 ,Herodiade
2679 4597 2863 4669 (quam
2887 4597 3174 4668 plusquam
3202 4606 3412 4668 raptor,
3440 4599 3610 4652 etiam
3632 4597 3822 4650 virtute

2154 4656 2208 4716 θ
2231 4699 2286 4746 et
2308 4656 2550 4760 potentia
2572 4656 2737 4761 regis;
2761 4656 3048 4760 potestatis
3069 4656 3380 4746 obtinuerat
3399 4656 3457 4745 et
3480 4688 3781 4757 detinebat)
3805 4703 3820 4738 :

2200 4853 2209 4864 ι
2233 4781 2361 4837 Non
2380 4781 2620 4843 licetjibi
2645 4782 2836 4838 habere
2859 4799 2975 4837 eam
3001 4781 3218 4855 (Matth.
3252 4797 3366 4848 ιη,
3394 4782 3488 4854 4);
3523 4789 3587 4836 ut
3615 4797 3714 4853 pro
3735 4781 3825 4835 hl-

2225 4877 2462 4949 jusmodi
2491 4892 2659 4934 causa
2692 4885 2749 4934 et
2772 4877 2990 4934 vincula
3026 4886 3083 4933 et
3123 4892 3404 4934 carcerem
3441 4875 3823 4947 aequanimiter

2233 4970 2546 5037 sustinens,
2610 4969 2909 5026 novissime
2965 4969 3146 5041 gladio
3210 4968 3468 5025 maluerit
3514 4967 3822 5024 obtruncari

2233 5079 2399 5134 quam
2429 5079 2459 5118 a
2487 5065 2733 5120 veritatis
2754 5074 2808 5120 et
2837 5063 3064 5134 iustitiae
3086 5061 3474 5135 pnedicatione
3496 5077 3730 5118 cessare.
3756 5059 3821 5114 Et

2234 5155 2357 5212 ideo
2393 5173 2522 5214 vere
2556 5166 2766 5229 martyr
2807 5156 3052 5224 Christi,
3107 5156 3234 5228 quia
3280 5156 3456 5227 ipsius
3497 5153 3747 5211 veritatis
3769 5158 3824 5205 et

2224 5247 2454 5321 iustitiae.
2482 5257 2708 5322 martyr.

2809 5375 3237 5439 EXCERPTA

2229 5479 2325 5542 Ex
2354 5477 2552 5542 sacris
2610 5476 2966 5540 canonibus
3020 5481 3083 5538 et
3142 5477 3512 5538 sanctorum
3570 5471 3816 5534 Patrum

2308 5559 2508 5639 gestis
2545 5557 2624 5639 de
2664 5557 2843 5639 cultu
2879 5554 3321 5639 sanctimoniae
3351 5563 3415 5617 et
3466 5548 3820 5615 constantia

2311 5636 2772 5700 annuntiandm
2809 5636 3121 5698 veritatis.
3539 5689 3544 5692 .

2231 5735 2317 5795 Ea:
2340 5740 2560 5794 decretis
2588 5754 2738 5809 νίψω
2769 5735 2945 5794 Siricii
2975 5755 3091 5808 cap.
3121 5736 3157 5791 4
3186 5754 3200 5790 :
3244 5735 3397 5809 Quod
3427 5748 3534 5790 non
3562 5733 3724 5809 liccat
3754 5729 3818 5783 ai-

2385 5812 2554 5867 terius
2575 5805 2830 5881 sponsam
2855 5811 2925 5864 ad
2952 5805 3283 5864 matrimonii
3304 5805 3428 5876 jura
3459 5806 3662 5862 sortiri.

2306 5903 2382 5959 De
2429 5901 2696 5974 coniugali
2736 5909 2919 5957 autem
2961 5899 3254 5958 violatione
3303 5898 3584 5969 requisiit,
3635 5893 3680 5949 si
3725 5892 3813 5948 dc-
