4010 6330
160 345 302 402 1057

1037 353 1174 428 PRO
1211 354 1568 431 ECCLESLIE
1603 359 2052 431 LIBERTATUM
2092 369 2551 433 DEFENSlONE.

3299 394 3440 452 1038

152 484 260 538 mei
283 481 470 554 (Ζαρὰ.
513 486 596 553 ιι).
629 484 733 539 Et:
775 485 880 552 Qui
900 504 986 543 vos
1032 491 1181 546 audit
1230 508 1313 547 me
1342 494 1526 561 audit;
1565 504 1614 550 et
1649 498 1740 569 qui
1765 482 1820 546 Δ
1844 479 2074 579 Domino
2103 491 2472 558 contrarium,
2503 502 2560 548 et
2585 494 2864 553 inimicum
2896 499 3068 557 sacris
3095 507 3398 566 canonibus
3418 551 3436 579 ,

153 593 244 632 vos
269 577 487 646 spernit,
533 594 616 632 me
640 580 870 648 spernit;
913 581 1006 651 qui
1031 592 1207 638 autem
1237 601 1318 640 me
1350 587 1568 656 spernit,
1593 605 1740 658 sper-

154 668 230 722 nit
271 683 389 722 eum
441 669 531 738 qui
555 685 635 723 me
678 670 817 724 misit
854 668 1009 741 (Luc.
1044 671 1122 741 ιι).
1174 673 1242 729 Et
1273 692 1284 729 :
1315 673 1741 746 Honoriﬁcantes

149 779 236 818 me
281 762 583 829 honorabo;
613 772 658 819 et
678 765 767 836 qui
806 773 1141 821 contemnunt
1174 784 1278 836 me,
1309 781 1461 826 erunt
1491 771 1743 842 ignobiles

149 854 207 928 (1
235 854 372 927 Reg.
395 856 478 927 ιι).
547 905 566 916 .

223 949 426 1006 Deinde
443 948 685 1020 jnssistis
700 950 986 1021 praefatum
1006 954 1343 1024 episcopum,
1366 963 1426 1011 ut
1444 955 1532 1012 die
1551 965 1608 1015 et
1621 958 1743 1016 loco

147 1039 500 1098 denominato
549 1041 760 1102 veniret
803 1044 872 1100 ad
916 1058 1108 1100 causas
1149 1052 1380 1113 vestras,
1429 1047 1483 1102 id
1523 1057 1630 1115 est,
1671 1050 1742 1106 ad

145 1132 434 1190 saecularia
458 1132 684 1202 judicia,
707 1143 764 1191 et
790 1151 950 1194 suum
976 1137 1302 1196 advocatum
1328 1139 1396 1196 de
1415 1154 1516 1196 suo
1537 1141 1740 1211 capite,

142 1225 401 1284 videlicet
435 1227 501 1286 de
523 1243 620 1286 suo
648 1230 792 1300 quod
821 1229 935 1300 ipse
955 1231 1067 1304 egit
1095 1241 1239 1299 actu,
1265 1233 1324 1288 id
1346 1242 1452 1301 est,
1476 1251 1582 1292 non
1606 1251 1738 1293 con-

142 1317 264 1375 scio
299 1334 624 1392 quocunque
659 1322 980 1395 coepiscopo
1029 1340 1146 1390 suo,
1178 1325 1428 1387 donaret.
1465 1327 1566 1395 Qui
1613 1331 1738 1386 mit-

145 1421 270 1471 tens
304 1413 375 1472 ad
421 1414 844 1472 dntninationem
891 1426 1150 1485 vestram,
1178 1420 1586 1477 excusationem
1635 1423 1739 1479 im-

141 1508 520 1581 possibilitatis
552 1525 663 1566 suae
684 1510 811 1566 illuc
847 1495 1096 1568 veniendi
1129 1514 1423 1569 mandavit.
1453 1514 1734 1585 Requisita

141 1610 230 1659 est
255 1619 421 1674 quam
447 1604 732 1674 patriotica
760 1603 945 1676 lingua
977 1606 1325 1663 nominamus
1345 1609 1561 1674 exonia,
1601 1610 1736 1679 quia

140 1695 334 1751 venire
365 1697 670 1764 nequiverit
698 1699 884 1768 :quod
910 1699 1174 1756 hactenus
1201 1709 1288 1757 est
1328 1701 1652 1757 inauditum.

215 1785 285 1844 Et
311 1787 575 1857 requisita
598 1797 781 1846 etnon
810 1791 1028 1849 invento
1059 1793 1327 1850 advocato
1351 1794 1515 1863 illius,
1543 1794 1637 1866 qui
1663 1795 1730 1852 de

1847 573 1989 631 sicut
2015 576 2204 634 beatus
2233 579 2342 638 Leo
2371 585 2596 653 scribit,
2629 586 2833 658 Spiritu
2865 591 2958 649 Dei
2992 597 3223 654 conditis
3259 610 3314 656 et
3349 573 3436 660 to;

1848 663 1955 721 tius
1982 669 2164 738 mundi
2192 677 2495 740 reverentia
2527 683 2894 752 consecratis,
2925 703 3157 756 quorum
3190 696 3438 753 condito-

1845 771 1934 812 res
1980 758 2035 812 in
2084 760 2224 818 caalo
2271 779 2393 820 cum
2447 768 2676 828 Domino
2715 788 3044 846 regnantes,
3083 793 3139 839 et
3177 785 3232 840 in
3274 790 3437 846 terris

1845 850 2124 912 miraculis
2151 870 2502 919 coruscantes
2521 905 2534 929 ,
2572 868 2750 925 adhuc
2778 874 3062 932 nobiscum
3092 878 3148 933 in
3173 883 3435 938 constitu-

1845 941 2084 1039 tionibus
2131 948 2366 1019 vivunt;
2419 957 2514 1012 sed
2561 968 2618 1014 et
2651 959 2890 1033 legibus,
2931 971 3128 1039 quibus
3164 989 3269 1030 una
3308 992 3432 1031 cum

1844 1035 2043 1094 eisdem
2084 1044 2259 1100 sacris
2297 1050 2596 1108 canonibus
2633 1035 2963 1115 moderaturi
2988 1064 3257 1134 Ecclesia,
3297 1086 3432 1126 con—

1843 1135 1952 1229 stat
1978 1130 2313 1198 adversum?
2339 1138 2479 1206 Quid
2509 1143 2656 1198 enim
2685 1146 2868 1204 dicet
2901 1152 2969 1208 de
2999 1155 3154 1212 vobis
3196 1130 3289 1229 qui
3333 1177 3432 1216 au-

1842 1219 2058 1280 dierunt
2085 1230 2230 1296 quod
2256 1231 2672 1291 detestabamini
2691 1279 2704 1304 ,
2739 1249 2794 1295 et
2825 1257 2921 1298 eos
2945 1219 3432 1314 reprehendebatis

1841 1315 1933 1385 qui
1963 1316 2059 1378 Dei
2088 1322 2349 1382 ecclesias
2378 1343 2487 1387 non
2513 1334 2938 1403 venerabantur,
2973 1347 3028 1393 et
3059 1344 3431 1400 sacerdotibus

1838 1407 2100 1470 honorem
2125 1417 2368 1477 debitum
2400 1439 2510 1480 non
2539 1427 2902 1497 exhibebant,
2931 1442 2986 1487 et
3012 1449 3282 1505 praecipue
3322 1438 3428 1494 Ro-
3485 1444 3493 1452 '

1838 1515 2000 1560 mano
2045 1509 2320 1578 pontifici,
2372 1522 2429 1571 et
2477 1525 2680 1574 sanctas
2715 1518 2976 1578 Romanae
3016 1524 3274 1582 Ecclesia!
3311 1542 3429 1584 om-

1836 1592 1986 1688 nium
2027 1597 2399 1662 Ecclesiarum
2445 1612 2632 1677 matri,
2665 1628 2789 1668 cum
2837 1615 3057 1672 audient
3095 1621 3236 1688 quod
3281 1621 3428 1677 illius

1834 1681 1999 1776 tiliam
2017 1727 2032 1754 ,
2056 1705 2124 1748 ac
2144 1709 2242 1763 per
2261 1696 2366 1754 boc
2388 1697 2535 1756 illam
2558 1702 2732 1774 ipsam
2751 1746 2764 1771 ,
2792 1707 3040 1776 quinimo
3063 1681 3422 1770 universale":

1835 1773 2136 1838 Ecclesiam
2166 1785 2482 1856 prejudicio
2504 1795 2705 1863 potius,
2735 1773 2900 1867 quam
2925 1796 3132 1866 judicio
3157 1799 3424 1858 laicoruin

140 1879 264 1953 eius
297 1882 474 1952 capite
519 1899 586 1938 cx
635 1885 892 1955 prmdicta
938 1902 1102 1943 causa
1151 1886 1400 1944 redderet
1439 1863 1724 1956 rationem,
1756 1863 1806 1925 Β
1832 1874 2269 1947 Ρτοεθτίρείδῑῖεὶ
2324 1885 2469 1952 (100d
2510 1902 2610 1943 nec
2658 1889 2711 1944 in
2750 1863 2992 1962 legibus,
3036 1907 3136 1950 nec
3175 1893 3230 1948 in
3272 1893 3427 1951 libris

141 1991 366 2052 excepta
412 1981 641 2036 ecclesia
687 1992 747 2038 et
775 1983 1035 2054 episcopii
1067 1984 1248 2050 domo,
1296 1999 1363 2040 ac
1401 1984 1726 2041 clericorum

137 2073 397 2137 claustro,
429 2076 694 2145 quidquid
715 2076 781 2131 de
807 2079 969 2133 rebus
998 2086 1052 2134 et
1091 2076 1441 2136 facultatibus
1468 2081 1728 2137 ecclesia-

137 2167 292 2222 sticis
315 2167 414 2222 sibi
447 2167 498 2221 in
544 2169 836 2240 episcopali
865 2170 1210 2227 ordinatione
1235 2188 1461 2229 munere
1490 2172 1727 2244 Spiritus

137 2258 313 2316 sancti
351 2260 417 2314 ad
449 2260 858 2332 gubernandum
887 2272 943 2318 et
970 2265 1391 2336 dispensandum
1421 2269 1732 2324 commissis

137 2365 445 2426 acceperat,
490 2357 736 2428 jussione
765 2367 962 2424 vestra,
1010 2376 1107 2432 per
1145 2363 1519 2421 vicecomitem
1557 2365 1729 2437 ipsius

133 2451 281 2520 pagi,
314 2450 366 2505 in
407 2451 838 2531 bannumnquod
861 2453 952 2523 jus
983 2454 1164 2528 lingua
1204 2457 1371 2514 latina
1399 2461 1726 2532 proscriptio

128 2541 484 2599 confiscando
506 2552 750 2611 vocatur,
780 2554 862 2601 est
891 2547 1120 2602 missum

197 2633 268 2689 Et
296 2644 509 2706 postea,
557 2637 699 2692 sicut
737 2637 939 2704 audivi,
985 2653 1087 2709 per
1109 2637 1495 2694 cancellarium
1534 2640 1722 2710 palatii

122 2727 328 2792 vestri,
378 2728 676 2784 mandastis
716 2729 1079 2797 vicedomino,
1113 2739 1165 2786 et
1211 2733 1504 2802 praeposito
1553 2732 1722 2802 ipsius

121 2817 400 2884 ecclesiae,
431 2835 553 2873 cum
585 2834 692 2873 non
719 2820 1423 2889 modicainterminatione,
1456 2831 1516 2877 ut
1540 2825 1722 2893 provi-

114 2910 320 2964 derent
378 2919 645 2979 quatenus
704 2911 911 2966 nullum
974 2913 1295 2985 obsequium
1355 2916 1424 2971 ab
1475 2917 1721 2974 ecclesia:

113 3003 298 3074 ipsius
339 3003 668 3068 hominibus,
711 3006 1028 3078 nullumque
1058 3009 1360 3066 subsidium
1395 3012 1462 3068 de
1490 3011 1718 3068 faculta-

115 3097 274 3152 tibus
328 3095 711 3154 ecclesiasticis
758 3113 860 3169 per
910 3099 1171 3157 clericum
1215 3101 1302 3158 vel
1351 3101 1550 3159 laicum
1601 3106 1718 3175 ipse

111 3191 410 3261 episcopus
432 3199 615 3261 posset
640 3191 842 3248 habere
867 3209 882 3246 :
911 3201 966 3249 et
994 3194 1364 3252 vicedominus
1390 3196 1560 3252 laicos
1589 3211 1712 3252 cum

1835 1963 2218 2031 ecclesiasticis
2257 1989 2587 2048 quemquam
2636 1983 3060 2042 christianorum
3093 1987 3422 2059 principium

1833 2061 2031 2122 fecisse
2058 2066 2287 2139 legimus
2307 2072 2330 2126 ‘I

1903 2155 1970 2211 Et
1985 2157 2171 2213 talium
2187 2161 2376 2228 etiam,
2393 2172 2450 2220 ut
2463 2164 2657 2232 fertur,
2676 2174 3034 2239 quarumdam
3065 2188 3421 2243 personarum

1830 2245 2145 2316 prmjudicio
2175 2252 2322 2309 istud
2357 2259 2708 2315 commissum
2741 2263 3039 2320 admissum
3068 2275 3152 2322 est
3170 2307 3185 2334 ,
3215 2283 3337 2338 quae
3365 2277 3425 2325 et

1830 2338 1888 2392 in
1916 2337 2154 2412 legibus,
2185 2353 2241 2400 et
2279 2346 2335 2402 in
2379 2349 2552 2404 sacris
2581 2354 2884 2410 canonibus
2912 2355 3144 2413 infames
3175 2337 3434 2428 persona:-

1828 2441 2106 2490 notantur.
2135 2435 2203 2492 Et
2227 2438 2272 2494 si
2298 2438 2453 2511 vigor
2477 2442 2883 2502 ecclesiasticus
2909 2448 2990 2504 sic
3013 2448 3246 2520 vigeret,
3278 2452 3423 2508 sicut

1828 2533 2072 2598 tempore
2091 2539 2495 2590 antecessornm
2523 2545 2850 2604 vestrorum,
2873 2549 2933 2595 et
2951 2551 3261 2598 nostrorum
3282 2560 3422 2615 pre-

1827 2618 2172 2677 decessorum
2214 2625 2402 2695 viguit,
2429 2626 2572 2682 inter
2597 2630 2949 2700 criminosos,
2984 2635 3112 2704 quia
3143 2635 3418 2704 videlicet,

1828 2718 1938 2765 ut'a
1960 2713 2144 2771 multis
2158 2715 2377 2784 dicitur,
2393 2719 2698 2788 criminosi,
2718 2739 2749 2777 a
2773 2722 3048 2782 liminibus
3069 2727 3326 2785 Ecclesiae
3337 2729 3420 2786 fo-

1825 2813 2208 2864 rentextorres
2223 2825 2237 2862 :
2253 2824 2398 2866 nunc
2411 2822 2592 2869 autem
2621 2823 2809 2872 nostra
2832 2817 3204 2887 dissolutione,
3219 2831 3279 2878 ut
3305 2823 3423 2894 qui-

1824 2898 1948 2952 dam
1962 2899 2173 2967 dicunt,
2189 2901 2244 2957 in
2266 2902 2566 2961 Ecclesiam
2586 2907 2688 2978 ipsi
2702 2909 2964 2977 insiliunt,
2985 2913 3078 2983 qui
3095 2914 3164 2969 ab
3175 2915 3418 2973 Ecclesia

1823 2992 2062 3059 separari
2076 2992 2393 3052 debuerant.
2420 2997 2489 3052 Et
2507 2998 2614 3056 hoc
2627 3003 2828 3059 nostris
2838 3007 3096 3074 peccatis,
3119 3009 3178 3062 in
3197 3025 3328 3079 quos
3348 3010 3418 3080 ﬁ—

1823 3101 1911 3140 nes
1939 3087 2255 3144 mentorum
2292 3091 2608 3149 devenerunt
2635 3095 2686 3168 (Ι
2713 3096 2834 3151 Cor.
2867 3098 2948 3170 ι),
2978 3101 3173 3156 merito
3197 3111 3416 3172 reputa-

1826 3195 1979 3236 mus:
2002 3183 2097 3252 qui
2119 3184 2189 3239 ad
2221 3194 2464 3242 nostram
2495 3189 2899 3258 contumeliam,
2932 3208 3040 3248 non
3062 3195 3129 3248 ad
3161 3194 3420 3252 Ecclesiae

110 3249 378 3340 c;,,,,'e,
412 3249 698 3352 (imm-iis,
742 3292 799 3339 οι
826 3287 1147 3356 meosims
1186 3287 1413 3345 ειει-ίρω
1446 3289 1712 3345 habentes
1746 3249 1791 3312 Ο
1821 3275 2048 3348 gloriam
2083 3281 2394 3338 sacerdotes
2425 3284 2678 3351 dicimur,
2700 3287 2795 3357 qui
2827 3301 2858 3340 a
2893 3286 3092 3343 talibus
3129 3290 3417 3345 conculca-

107 3371 390 3431 beneflcia
408 3373 514 3430 huc
535 3390 721 3432 secum
743 3375 1053 3433 adduceret.
1078 3377 1146 3434 Et
1166 3379 1446 3449 impletum
1469 3381 1717 3452 estquod

1836 3381 1976 3435 mir;
1996 3369 2166 3440 etipsi
2182 3371 2249 3426 de
2262 3371 2605 3429 sacerdotum
2623 3374 2892 3446 capitibus
2898 3377 3163 3446 judicant,
3184 3393 3418 3450 quorum
3437 3391 3442 3408 τ

109 3469 256 3526 olim
284 3469 600 3539 pradictum
625 3479 748 3526 est:
776 3470 846 3525 Et
880 3473 977 3527 erit
997 3473 1132 3528 sicut
1162 3473 1408 3545 populus,
1440 3475 1517 3530 sic
1543 3491 1718 3530 sacer-

109 3561 221 3615 dos
243 3557 382 3631 (Ian.
406 3559 537 3634 xrv).
560 3559 716 3618 Nulla
742 3562 1084 3620 discretionis
1107 3564 1228 3636 lege
1246 3565 1454 3622 distans
1479 3581 1509 3620 a
1532 3566 1712 3635 vulgo.

1812 3461 2080 3531 judicium
2098 3463 2182 3518 vel
2207 3465 2694 3536 compellationem,
2713 3466 2869 3523 liberi
2883 3477 2939 3524 et
2957 3470 3072 3524 sani
3095 3471 3291 3541 capitis
3315 3471 3416 3527 lai-

1825 3558 1906 3624 ci,
1932 3558 1986 3612 in
2003 3555 2212 3626 judicio
2231 3559 2444 3629 publico
2465 3561 2716 3634 legaliter
2742 3577 2852 3618 non
2881 3564 3219 3634 reciperent,
3250 3567 3294 3621 si
3324 3582 3414 3624 re-

112 3653 196 3708 Et
226 3652 361 3709 illud
399 3655 750 3711 nihilominus
780 3658 924 3727 quod
971 3673 1123 3714 more
1169 3658 1469 3730 scriptum
1510 3676 1718 3732 ponens
1816 3652 1990 3724 jicere
2026 3653 2246 3708 vellent.
2279 3653 2337 3708 In
2371 3670 2480 3725 quo
2517 3654 2692 3723 facto,
2724 3665 2784 3711 ut
2825 3667 3046 3713 sanctus
3089 3656 3420 3716 leestinus

112 3747 464 3818 praeteritum
511 3763 610 3818 pro
663 3747 878 3812 futuro,
927 3750 1176 3819 praedixit
1229 3752 1422 3808 beatus
1481 3751 1719 3808 Joannes

113 3836 426 3908 apostolus,
462 3836 550 3892 cui
577 3852 700 3892 cum
737 3837 858 3893 aliis
897 3840 1155 3909 apostolis
1190 3841 1395 3898 dictum
1421 3851 1504 3900 est
1530 3861 1543 3897 :
1569 3845 1721 3899 Beati

111 3929 267 3984 oculi
295 3930 387 4000 qui
411 3929 585 3984 vident
615 3945 732 4001 qua:
758 3931 941 3986 uidetis
965 3931 1116 4004 (Luc.
1150 3935 1230 4004 χ),
1262 3935 1569 3991 infelicibus
1589 3952 1720 3992 ocu-

111 4022 194 4076 lis
217 4021 422 4077 nostris
447 4021 713 4076 videmus.
748 4021 816 4075 Et
855 4023 957 4089 sol,
1001 4025 1199 4095 inquit,
1222 4026 1395 4095 factus
1425 4036 1502 4081 est
1551 4028 1717 4098 niger,

110 4127 381 4188 tanquam
433 4131 620 4170 saccus
677 4114 916 4170 siticines
963 4115 1150 4189 (Apoc.
1213 4118 1312 4191 vi).
1371 4119 1428 4174 ln
1477 4129 1722 4178 extremo

110 4208 329 4282 quippe
386 4207 489 4263 hoc
540 4217 816 4279 tempore,
887 4209 968 4264 sol
1025 4210 1180 4280 quasi
1236 4212 1484 4270 cilicinus
1530 4229 1722 4272 saccus

111 4299 470 4366 ostenditur,
517 4301 644 4371 quia
692 4299 903 4373 fulgens
956 4303 1068 4358 vita
1115 4305 1526 4376 praedicandum
1555 4349 1570 4375 ,
1618 4324 1721 4366 nos

112 4392 544 4465 praecedentium
598 4394 995 4466 episcoporum,
1039 4397 1095 4453 in
1135 4399 1294 4456 nobis
1327 4400 1546 4458 miseris
1589 4410 1720 4459 ante

114 4486 470 4544 saecularium
489 4487 677 4544 oculos
705 4504 896 4560 aspera
923 4499 980 4546 et
1003 4490 1256 4562 despecta
1287 4501 1647 4550 monstratur.

192 4582 268 4636 Et
299 4580 426 4637 licet
461 4581 789 4640 credendum
825 4585 895 4640 sit
935 4585 1004 4641 de
1048 4595 1247 4642 vestrae
1297 4588 1720 4648 cliristianitatis

114 4676 420 4745 religione,
450 4678 706 4748 quoniam
742 4678 814 4734 ad
841 4679 1014 4748 ipsius
1044 4681 1440 4738 correctionem
1469 4684 1716 4756 episcopi

114 4771 228 4826 hoc
269 4770 538 4842 egeritis;
582 4780 764 4828 tamen
805 4771 1051 4829 miranda
1079 4782 1161 4829 est
1186 4781 1372 4830 vestra
1412 4777 1713 4848 sapientia,

110 4877 246 4933 qum
272 4862 354 4918 sic
381 4862 833 4919 medicamentum
863 4863 1006 4919 illius
1033 4865 1244 4920 vulneri
1275 4869 1629 4937 temperavit,
1659 4878 1720 4922 ut

113 4955 188 5010 de
226 4954 628 5012 medicamento
662 4957 776 5026 ipsa
814 4955 1196 5011 vulneraretur
1226 4974 1241 5011 :
1279 4973 1401 5012 cum
1453 4957 1718 5014 Dominus

111 5059 438 5105 mensuram
482 5045 536 5100 tn
580 5046 815 5116 proximi
864 5046 1152 5102 dilectione
1199 5046 1362 5102 talem
1405 5057 1605 5119 ponat,
1653 5059 1715 5104 ut

112 5136 434 5206 proximum
478 5137 623 5196 sicut
666 5153 766 5193 nos
813 5139 990 5208 ipsos,
1041 5147 1098 5193 et
1143 5153 1249 5194 non
1284 5138 1405 5209 plus
1439 5154 1540 5196 nos
1571 5140 1721 5209 ipsos

114 5226 436 5296 diligamus.
473 5227 643 5284 Fama
683 5232 862 5297 enim,
907 5230 1041 5302 quin
1079 5231 1262 5299 potius
1299 5231 1523 5291 infamia
1563 5234 1717 5299 haec,

111 5315 494 5391 Burgundiam
546 5329 602 5375 et
651 5319 1027 5387 Provinciam,
1076 5330 1240 5392 atque
1289 5321 1494 5378 Italiam
1547 5337 1717 5394 pene-

116 5422 306 5478 trans,
360 5413 589 5469 Romam
630 5418 950 5486 perveniet;
1003 5425 1058 5472 et
1097 5432 1193 5486 per
1228 5433 1455 5490 regnum
1503 5420 1718 5490 nepotis

112 5506 328 5572 vestri,
360 5523 468 5563 non
511 5509 687 5565 solum
728 5525 900 5582 usque
941 5509 1012 5564 ad
1049 5509 1394 5576 citeriorem,
1434 5527 1625 5566 verum
1663 5519 1722 5566 et

115 5609 299 5670 usque
317 5600 667 5658 Germaniam
695 5603 1012 5660 ulteriorem
1033 5603 1350 5675 perveniet,
1371 5605 1721 5675 Aquitaniam

115 5699 178 5746 et
201 5693 602 5764 Septimaniam-
634 5712 733 5767 per
766 5695 1074 5758 Nenstriam
1129 5696 1361 5752 volitans
1408 5699 1715 5768 occupabit.

115 5786 188 5840 Et
215 5789 344 5859 quis
369 5790 584 5848 oculum
613 5791 913 5862 simplicem
937 5834 953 5858 ,
981 5792 1034 5848 id
1060 5799 1142 5850 est
1161 5833 1176 5859 ,
1220 5800 1423 5866 rectam
1461 5792 1716 5849 intentio-

115 5897 281 5951 nem,
337 5898 502 5954 quam
548 5885 603 5941 in
649 5885 802 5942 vobis
846 5885 1049 5953 nescit,
1084 5885 1295 5956 putabit
1331 5903 1342 5938 :
1383 5885 1474 5942 ubi
1509 5885 1713 5942 factum

1745 4631 1798 4692 D

1824 3744 2048 3810 scribit,
2087 3762 2105 3795 ι
2137 3759 2248 3799 non
2273 3754 2358 3800 est
2389 3748 2665 3817 agentium
2694 3765 2857 3805 causa
2889 3751 3129 3808 solorum
3157 3769 3172 3819 ;
3202 3753 3418 3809 univer-

1824 3837 1957 3892 salis
1987 3836 2228 3892 Ecclesia
2255 3853 2582 3910 quacunque
2608 3842 2849 3898 novitate
2876 3844 3141 3913 pulsatur.
3177 3867 3196 3900 ι

1897 3930 2107 3985 Novum
2133 3940 2217 3987 est
2244 3932 2392 3987 enim
2419 3935 2562 4002 quod
2593 3951 2738 3990 nunc
2766 3935 2973 3992 factum
3006 3947 3117 4003 est,
3147 3942 3275 4011 quia
3308 3959 3416 4000 non

1826 4033 1912 4079 cst
1933 4025 2032 4079 sub
2055 4025 2162 4079 isto
2182 4025 2321 4080 coelo
2347 4027 2612 4093 auditum,
2639 4036 2699 4082 ut
2717 4029 3004 4099 episcopus
3024 4046 3149 4087 cum
3173 4033 3417 4090 Ecclesia

1806 4131 1924 4181 sua
1959 4116 2375 4186 proscriptionis
2412 4116 2570 4172 titulo
2601 4118 2669 4172 ab
2705 4118 2814 4173 ullo
2851 4120 3103 4192 religioso
3138 4123 3416 4194 principe,

1827 4207 2088 4264 laicorum
2105 4207 2330 4276 judicio,
2351 4225 2522 4279 usque
2536 4209 2697 4264 modo
2710 4209 2870 4267 fuerit
2888 4228 2988 4267 con
3000 4214 3234 4280 ﬁscatus,
3260 4225 3409 4284 post—

1827 4315 1990 4370 quam
2036 4301 2426 4356 Constantinus
2461 4317 2688 4372 magnus
2728 4304 3026 4375 imperator
3079 4305 3248 4374 legem
3290 4309 3416 4364 uni-

1827 4395 2002 4449 versis
2029 4393 2244 4450 clericis
2270 4394 2444 4459 dedit,
2473 4393 2660 4449 dicens
2685 4412 2699 4448 :
2735 4414 2752 4445 ‹
2784 4394 3172 4453 Constantinus
3201 4397 3418 4458 clericis

1829 4487 2058 4544 salutem
2087 4487 2240 4542 dicit.
2271 4485 2432 4542 Juxta
2465 4489 2801 4543 sanctionem
2848 4504 3009 4558 quam
3056 4489 3254 4546 dudum
3299 4507 3416 4548 me-

1829 4581 2010 4637 ruisse
2035 4581 2426 4652 perhibemini,
2458 4580 2654 4637 fundos
2681 4590 2737 4638 et
2764 4583 3031 4654 mancipia
3074 4594 3256 4640 vestra
3297 4587 3420 4643 nul-

1827 4674 1916 4729 lus
1940 4674 2098 4728 novis
2125 4673 2506 4728 collationibus
2534 4673 2826 4742 obligabit,
2855 4675 2948 4730 sed
2977 4676 3258 4732 vacatione
3284 4694 3417 4748 gau-

1831 4768 2079 4824 debitis.»
2110 4767 2245 4822 Cum
2267 4767 2411 4820 enim
2439 4766 2570 4821 dicit
2603 4785 2621 4816 ι
2643 4766 2819 4821 nullus
2841 4786 2885 4830 ι,
2919 4783 3079 4822 nemo
3102 4770 3374 4838 excipitur
3399 4787 3414 4838 ;
3459 4769 3468 4782 '

1831 4874 2018 4915 verum
2052 4858 2106 4911 in
2135 4858 2238 4911 hac
2262 4857 2746 4927 comprehensione
2777 4857 2942 4913 etiam
2973 4857 3290 4926 principalis
3322 4871 3420 4928 po-

1830 4962 2001 5008 testas
2031 4949 2392 5005 concluditur.

1902 5044 2256 5101 Constantius
2284 5057 2498 5114 quoque
2521 5084 2534 5108 ,
2564 5043 2692 5097 licet
2716 5041 2935 5095 arianus
2962 5039 3154 5105 fuerit,
3183 5049 3240 5094 et
3273 5041 3414 5097 Con—

1829 5147 2002 5201 stans,
2020 5137 2161 5190 banc
2177 5135 2580 5190 immunitatem
2596 5134 2859 5188 dederunt
2871 5129 3127 5185 Ecclesiae
3142 5131 3416 5190 dicentes:

1834 5248 1854 5281 ι
1886 5230 1944 5284 In
1972 5227 2216 5299 qualibet
2242 5229 2491 5292 civitate,
2523 5227 2578 5280 in
2607 5223 2848 5294 quolibet
2871 5222 3070 5292 oppido
3093 5263 3108 5288 ,
3140 5224 3260 5279 vico
3282 5267 3295 5291 ,
3326 5242 3418 5280 ca-

1830 5323 2009 5389 stello,
2039 5323 2360 5393 municipio,
2384 5321 2695 5391 quicunque
2723 5326 2907 5372 votum
2941 5319 3253 5374 christiana:
3286 5320 3418 5390 legis

1833 5417 2087 5473 meritum
2109 5415 2324 5472 eximiae
2350 5413 2748 5484 singularisque
2775 5415 2991 5470 virtutis
3012 5413 3264 5469 omnibus
3288 5412 3415 5465 inti-

1835 5509 2086 5573 maverit,
2114 5507 2405 5562 securitate
2429 5512 2694 5575 perpetua
2716 5506 2976 5575 potiatur.
3000 5505 3248 5560 Gaudere
3271 5503 3414 5557 enim

1832 5610 1890 5658 et
1925 5600 2147 5673 gloriari
2180 5615 2246 5653 ex
2283 5597 2389 5652 fide
2414 5611 2631 5667 semper
2657 5598 2907 5654 volumus
2935 5612 2952 5651 :
2985 5597 3219 5653 scientes
3246 5595 3418 5666 magis

1829 5696 2224 5768 religionibus,
2274 5708 2436 5764 quam
2482 5691 2674 5749 ofﬁciis
2714 5701 2771 5748 et
2811 5692 2996 5748 labore
3044 5689 3292 5761 corporis
3331 5689 3414 5743 vel

1830 5791 2029 5847 sudore
2047 5832 2060 5856 ,
2093 5795 2336 5844 nostram
2364 5788 2759 5857 rempublicam
2789 5786 3078 5842 contineri.
3106 5805 3125 5838 ι

1893 5883 2299 5942 Valentinianus
2323 5899 2536 5954 quoqiie
2560 5890 2614 5937 et
2631 5880 2827 5938 Valens
2849 5879 3204 5936 decreverunt
3226 5876 3380 5935 dicen
3397 5903 3413 5915 -
