4010 6330
577 372 719 429 1059

1431 365 1763 424 lllNCMAB]
1802 363 2015 422 RHEM.
2053 359 2370 420 ARCHIEP.
2400 353 2761 416 OPUSCULA
2803 349 3033 410 VARIA.

3728 351 3872 406 1040

576 497 661 543 tes
687 503 700 540 :
732 503 751 537 ‹
789 481 1084 540 Universos
1112 495 1249 551 quos
1278 479 1590 534 constiterit
1619 477 1875 535 custodes
1899 477 2159 533 ecclesia—
2185 481 2233 542 Α
2263 487 2368 530 non
2399 480 2642 536 servant,
2675 470 2742 526 de
2769 468 2982 524 illorum
3011 465 3352 537 cleemosyna
3385 473 3608 536 peccata
3637 481 3747 522 sua
3784 484 3876 522 ac-

573 594 700 636 rum
729 594 852 635 esse
872 618 887 643 ,
916 577 1000 632 vel
1026 583 1336 632 sanctorum
1369 573 1610 628 locorum
1628 613 1642 639 ,
1671 589 1736 629 ac
1763 571 2033 643 religiosis
2063 571 2159 626 ob-

575 672 782 742 sequiis
805 669 1098 731 deservire,
1127 667 1327 722 nullius
1354 666 1826 736 attemperationis
1855 664 2161 721 molestiam

576 763 847 819 sustinere
885 759 1242 815 decernimus.
1281 778 1300 811 ι

578 896 582 900 ς
650 853 914 910 Arcadius
941 851 1297 908 nihilominus
1323 859 1380 906 et
1407 851 1711 907 Honorius:
1749 871 1768 903 ‹
1789 850 2159 919 Quaecunque,

573 948 828 1017 inquiunt
848 986 864 1011 ,
896 961 927 1000 a
959 945 1275 1016 parentibus
1301 945 1506 999 nostris
1531 943 1763 998 diversis
1798 951 1921 997 sunt
1955 949 2162 996 statuta

575 1038 952 1109 temporibus,
1018 1052 1240 1092 manere
1305 1035 1560 1090 inviolata
1623 1044 1786 1105 atque
1846 1035 2163 1102 incorrupta

571 1128 721 1184 circa
756 1138 974 1184 sanctas
1010 1128 1284 1184 Ecclesias
1321 1127 1688 1198 praecipimus.
1728 1125 1871 1180 Nihil
1913 1125 2080 1196 igitur
2133 1141 2163 1179 a

573 1219 876 1290 privilegiis
907 1220 1244 1284 immutetur,
1271 1218 1630 1288 omnibusque
1652 1217 1744 1288 qui
1773 1217 2022 1272 ecclesiis
2051 1232 2166 1272 scr-

572 1310 756 1376 viunt,
784 1311 941 1366 tuitio
966 1309 1260 1365 deferatur.
1288 1310 1423 1378 Quia
1447 1310 1784 1381 temporibus
1811 1309 2013 1364 nostris
2040 1308 2162 1364 addi

518 1423 522 1428 -
571 1403 754 1472 potius
783 1403 1087 1460 reverentia
1119 1405 1398 1474 cupimus,
1433 1420 1597 1474 quam
1644 1419 1711 1459 ex
1750 1403 1838 1459 his
1877 1402 2165 1473 quae'olim

570 1497 818 1565 praestita
848 1506 974 1552 sunt
1003 1497 1301 1552 immutari.
1328 1518 1346 1550 ι
1371 1497 1438 1551 Ει
1466 1498 1594 1552 item
1624 1497 1824 1552 iidem:
1861 1515 1879 1547 ε
1911 1493 2028 1550 Non
2058 1504 2164 1548 tam

571 1605 772 1643 novum
802 1589 1002 1660 aliquid
1025 1591 1278 1659 praesenti
1299 1590 1580 1645 sanctione
1601 1589 1979 1659 praecepimus,
2003 1603 2166 1657 quam

569 1681 659 1735 illa
693 1697 817 1752 qua:
843 1681 976 1737 olim
1002 1682 1254 1738 videntur
1285 1682 1493 1737 indulta
1536 1681 1835 1735 ﬁrmamus.
1874 1678 2163 1759 Privile‘gia

569 1773 736 1842 igitur
762 1814 778 1840 ,
809 1790 930 1845 quae
957 1774 1085 1829 olim
1116 1775 1420 1830 reverentia
1457 1773 1734 1842 religionis
1757 1773 2026 1837 obtinuit,
2054 1787 2168 1825 mu-

2263 563 2556 618 cumulant.
2597 562 2784 632 Itaque
2813 577 2936 618 cum
2965 560 3032 615 de
3061 559 3183 614 aliis
3213 559 3666 614 memorabilibus
3699 561 3878 630 impe-

2264 657 2536 712 ratoribus
2567 671 2632 712 ac
2659 655 2875 726 regibus
2903 653 3198 725 loquimur,
3225 654 3308 707 avi
3335 654 3520 718 vestri,
3546 654 3747 724 magni
3777 655 3876 709 im-

2262 749 2532 821 peratoris
2561 748 2742 804 Caroli
2771 763 2878 804 non
2905 757 2990 803 est
3015 747 3392 820 praetereunda
3428 748 3724 802 memoria.
3777 748 3874 804 Cui

2263 857 2410 908 cum,
2451 842 2593 898 sicut
2633 840 2851 906 assolet,
2911 839 3249 894 adulantium
3307 840 3500 910 linguis
3545 842 3874 912 subreptam

2264 936 2448 999 fuerit,
2479 944 2538 990 ut
2566 934 2815 990 ecclesiis
2849 935 2914 989 de
2950 934 3111 990 rebus
3140 934 3251 989 suis
3279 933 3650 1004 prazjudicium
3699 937 3874 1006 quod-

2266 1031 2390 1084 dam
2413 1028 2670 1096 inferret;
2705 1026 3101 1084 obsistentibus
3129 1028 3418 1098 episcopis,
3445 1038 3499 1082 et
3551 1029 3874 1100 specialiter

2265 1121 2489 1177 Paulino
2515 1121 2850 1194 patriarcha,
2882 1121 3023 1176 sicut
3048 1119 3202 1176 vobis
3231 1122 3373 1175 bene
3399 1131 3585 1175 notum
3610 1136 3748 1176 esse
3785 1139 3874 1177 co-

2266 1232 2492 1291 gnosco,
2520 1217 2656 1274 adeo
2676 1233 2737 1273 se
2764 1217 3098 1288 recognovit,
3148 1225 3203 1271 et
3221 1216 3462 1272 ecclesize
3510 1232 3575 1272 ac
3600 1217 3873 1287 episcopis

2267 1313 2560 1379 satisfecit;
2591 1323 2652 1367 ut
2674 1327 2916 1384 praesens
2946 1311 3059 1366 oris
3083 1311 3165 1368 sui
3197 1310 3466 1366 confessio
3487 1311 3537 1364 ei
3570 1328 3682 1366 non
3716 1312 3871 1368 suﬁc-

2267 1404 2426 1469 cerit,
2457 1403 2551 1459 sed
2582 1403 2649 1457 ad
2687 1412 2937 1473 posteros
2969 1417 3118 1467 suos,
3172 1401 3262 1474 qui
3309 1418 3377 1456 ex
3413 1401 3561 1456 illius
3610 1405 3868 1473 progenie

2267 1495 2510 1550 exorturi
2543 1504 2723 1560 erant,
2759 1493 3119 1549 confessionis
3145 1503 3199 1548 et
3219 1494 3579 1548 correctionis
3602 1511 3723 1550 suae
3747 1498 3871 1550 scri-

2267 1596 2418 1658 ptum
2444 1602 2604 1642 manu
2631 1602 2729 1643 sua
2755 1584 3027 1640 iirmatu'm
3054 1586 3436 1640 transmiserit.
3469 1585 3552 1641 De
3604 1603 3720 1656 quo
3768 1588 3869 1642 edi-

2267 1686 2356 1734 cto
2385 1687 2594 1748 partem
2630 1679 2686 1734 in
2718 1678 2856 1733 libro
2878 1687 3080 1743 vestro,
3108 1677 3198 1747 qui
3228 1676 3533 1748 appellatur
3587 1677 3732 1732 liber
3779 1678 3871 1733 Ca-

2267 1772 2962 1844 pitulorum'imperalium,
3012 1770 3271 1841 scriptum
3320 1771 3580 1835 habetur,
3635 1788 3761 1842 cap.
3811 1772 3870 1826 67

570 1840 717 1919 tilari
751 1840 850 1919 sub
883 1883 1058 1936 poenae
1103 1867 1268 1921 etiam
1300 1840 1748 1922 interminatione
1775 1865 2160 1936 prohibemus;
2195 1840 2242 1900 Β
2269 1840 2361 1920 ubi
2392 1866 2652 1934 scriptum
2676 1840 2802 1921 est:
2841 1883 2859 1915 ι
2893 1863 3028 1931 Quia
3079 1840 3233 1934 juxta
3284 1873 3607 1918 sanctorum
3659 1840 3868 1918 Patrum

570 1963 647 2017 ita
679 1970 740 2016 ut
779 1963 838 2018 hi
879 1978 1097 2034 quoque
1135 1964 1229 2033 qui
1267 1963 1530 2019 Ecclesiae
1563 1964 1961 2033 obtemperant,
1995 1961 2164 2030 ipsius

567 2053 850 2110 beneficiis
905 2054 1276 2124 perfruantur.
1313 2075 1331 2108 ι
1389 2057 1456 2110 Et
1501 2057 1629 2111 item
1677 2056 1841 2110 iidem
1891 2055 2161 2126 Augusti:

573 2165 593 2197 ‹
631 2146 688 2201 Si
720 2147 844 2216 quis
874 2147 928 2200 in
960 2148 1064 2202 hoc
1095 2163 1267 2218 genus
1299 2147 1570 2218 sacrilegii
1617 2147 1958 2215 proruperit,
2003 2155 2062 2200 ut
2109 2146 2162 2200 in

566 2238 830 2295 ecclesias
868 2239 1167 2316 catholicas
1211 2240 1464 2305 irruens,
1507 2239 1884 2294 sacerdotibus
1924 2246 1977 2291 et
2007 2237 2166 2292 mini-

566 2331 729 2397 stris,
761 2330 848 2387 vel
883 2331 1001 2400 ipso
1046 2332 1218 2386 cultui
1251 2331 1478 2402 locoque
1506 2331 1711 2401 aliquid
1738 2332 1996 2400 importet
2029 2329 2164 2398 inju-

567 2425 705 2490 riae;
743 2424 888 2493 quod
918 2425 1148 2496 geritur,
1180 2425 1379 2481 litteris
1425 2425 1675 2481 ordinum
1695 2466 1710 2491 ,
1741 2426 2164 2496 magistratuum

565 2526 624 2573 et
650 2526 963 2572 curaturum
985 2558 1001 2583 ,
1033 2525 1089 2572 et
1114 2519 1348 2574 notariis
1370 2519 1745 2590 apparitorum
1764 2559 1780 2584 ,
1813 2533 1949 2588 quos
1974 2517 2165 2572 statio-

562 2611 752 2665 narios
773 2609 1078 2680 appellant,
1107 2610 1388 2666 deferatur
1413 2613 1468 2665 in
1505 2612 1757 2666 notitiam
1787 2619 2118 2682 potestatum
2147 2626 2158 2662 :

561 2699 641 2756 ita
666 2707 727 2755 ut
752 2700 1012 2756 vocabula
1039 2716 1229 2756 eorum
1256 2702 1349 2772 qui
1375 2702 1596 2772 agnosci
1628 2701 1946 2772 potuerint,
1975 2700 2160 2756 decla-

564 2802 775 2849 rentur.
812 2791 882 2848 Et
911 2793 957 2848 si
987 2807 1086 2864 per
1114 2792 1522 2848 multitudinem
1555 2793 2159 2860 commissumdicetur,

562 2883 611 2938 si
641 2899 747 2938 non
793 2897 1026 2950 omnes,
1070 2892 1300 2954 possunt
1340 2892 1522 2938 tamen
1563 2884 1829 2953 aliquanti
1867 2887 2159 2956 cognosci,

563 2989 798 3044 quorum
831 2973 1175 3030 confessione
1222 2976 1497 3032 sociorum
1531 2976 1754 3030 nomina
1792 2977 2156 3046 publicentur.

563 3064 746 3134 Atque
774 3065 849 3118 ita
883 3064 1182 3134 provincia:
1209 3068 1542 3132 moderator,
1574 3068 1918 3123 sacerdotum
1961 3077 2018 3122 et
2057 3069 2162 3124 Ec-

566 3154 750 3210 clesia:
798 3152 1080 3209 catholica:
1125 3155 1536 3221 ministrorum,
1580 3155 1685 3212 loci
1727 3173 1944 3229 quoque
1985 3159 2158 3230 ipsius

560 3254 620 3302 et
648 3245 822 3301 divini
853 3245 1032 3301 cultus
1060 3244 1313 3315 injuriam
1333 3288 1348 3314 ,
1383 3249 1598 3320 capitali
1641 3250 1696 3304 in
1729 3252 2009 3308 convictos
2041 3253 2156 3308 sive

559 3335 844 3394 confessos
873 3353 996 3394 reos
1026 3339 1297 3394 sententia
1331 3339 1544 3395 noverit
1581 3340 2010 3397 vindicandum:
2056 3360 2158 3401 nec

561 3436 844 3498 exspectet
873 3436 933 3482 ut
961 3429 1249 3500 episcopus
1281 3428 1490 3498 injuria:
1518 3434 1748 3501 propria:
1767 3433 2030 3489 ultionem
2066 3436 2158 3490 de-

557 3529 786 3588 poscat,
817 3519 906 3573 cui
937 3519 1202 3574 sanctitas
1229 3519 1543 3589 ignoscendi
1575 3521 1748 3575 solam
1785 3523 2012 3593 gloriam
2057 3529 2153 3583 de-

559 3613 798 3682 reliquit.
835 3612 1025 3682 Sitque
1071 3613 1288 3669 cunctis
1336 3629 1442 3669 non
1474 3615 1646 3670 solum
1679 3616 1942 3685 liberum,
1974 3621 2069 3676 sed
2098 3630 2156 3678 et

559 3703 869 3770 laudabile,
903 3703 1076 3760 factas
1104 3714 1320 3761 atroces
1345 3707 1718 3764 sacerdotibus
1757 3721 1852 3766 aut
1887 3712 2154 3770 ministris

561 3795 832 3864 injurias,
866 3796 1034 3851 veluti
1080 3797 1288 3852 crimen
1331 3799 1607 3869 publicum
1649 3804 1935 3873 persequi,
1981 3820 2046 3859 ac
2087 3805 2154 3861 de

558 3887 761 3944 talibus
795 3889 903 3944 reis
933 3889 1192 3945 ultionem
1222 3893 1441 3948 mereri.
1472 3891 1627 3960 Quod
1652 3895 1698 3948 si
1727 3895 2015 3952 multitudo
2038 3897 2156 3952 vio-

557 3980 703 4037 lenta
735 3980 911 4036 civilis
939 3983 1298 4053 apparitionis
1330 3988 1704 4053 exsecutione,
1737 3995 1794 4042 et
1821 3988 2154 4046 adminiculo

555 4073 810 4127 ordinum
854 4089 1304 4144 possessorumve
1347 4094 1453 4132 non
1503 4079 1742 4148 potuerit
1782 4082 2107 4150 pmsentari
2136 4123 2151 4148 ,

557 4165 703 4234 quod
731 4181 791 4220 se
819 4167 992 4223 armis
1019 4179 1115 4222 aut
1144 4169 1389 4226 locorum
1418 4169 1734 4228 dillicultate
1765 4181 1982 4228 tueatur
2013 4194 2026 4229 :
2066 4175 2172 4246 ju-p

554 4258 704 4314 dices
727 4271 951 4318 armatae
973 4263 1329 4332 apparitionis
1352 4266 1662 4335 praesidium
1682 4307 1697 4332 ,
1721 4267 1862 4324 datis
1883 4269 1950 4324 ad
1974 4269 2153 4325 virum

558 4351 908 4419 spectabilem
941 4353 1197 4408 comitem
1237 4355 1433 4410 Africae
1477 4356 1708 4422 litteris,
1751 4359 1976 4430 praelato
2015 4360 2154 4433 legis

554 4443 714 4498 istius
760 4453 985 4511 tenore,
1032 4447 1371 4515 deposcant:
1419 4456 1479 4502 ut
1510 4448 1586 4501 rei
1630 4449 1818 4504 talium
1862 4453 2152 4510 criminum

2267 1955 2612 2010 traditionem
2641 1955 2890 2010 novimus
2920 1969 3010 2008 res
3029 1951 3285 2008 Ecclesiae
3303 1962 3430 2008 vota
3456 1967 3583 2008 esse
3612 1953 3866 2018 fidelium,

2264 2046 2439 2116 pretia
2491 2054 2860 2116 peccatorum,
2911 2055 2965 2097 et
3005 2041 3325 2113 patrimonia
3374 2057 3690 2113 pauperum
3728 2044 3870 2098 :cui-

2267 2154 2373 2208 que
2395 2153 2502 2192 non
2528 2136 2701 2191 solum
2726 2135 2908 2191 habita
2933 2149 3280 2199 conservare,
3301 2149 3495 2189 verum
3518 2135 3694 2188 etiam
3722 2134 3867 2188 inulta

2267 2229 2379 2285 Deo
2408 2230 2709 2301 Opitulante
2738 2227 2987 2284 conferre
3013 2238 3262 2296 optamus
3299 2245 3312 2280 :
3345 2235 3538 2282 tamen
3563 2236 3626 2280 ut
3680 2228 3749 2281 ab
3790 2243 3867 2282 ec-

2268 2320 2588 2376 clesiasticis
2610 2321 2676 2375 de
2706 2336 2812 2376 non
2836 2319 3139 2375 dividendis
3188 2319 3350 2375 rebus
3401 2317 3553 2374 illius
3615 2320 3866 2390 suspicio-

2268 2430 2392 2468 nem
2419 2415 2618 2469 dudum
2647 2421 2965 2488 conceptam
2987 2413 3204 2484 penitus
3225 2428 3643 2478 amoveremus,
3698 2416 3866 2468 statui-

2266 2521 2410 2572 mus,
2441 2514 2501 2560 ut
2527 2520 2703 2576 neque
2727 2505 2948 2569 nostris,
2978 2519 3153 2574 neque
3175 2503 3429 2570 ﬁliorum,
3454 2514 3520 2560 et
3535 2501 3655 2559 Deo
3677 2505 3867 2575 dispen-

2266 2607 2444 2666 sante,
2482 2614 2861 2654 successorum
2891 2607 3201 2652 n05trorum
3230 2599 3603 2668 temporibus,
3663 2601 3754 2670 qui
3790 2617 3864 2654 no-

2263 2700 2436 2748 stram
2465 2692 2552 2748 vel
2575 2694 2981 2764 progenitorum
3008 2691 3361 2759 voluntatem,
3417 2692 3509 2748 vel
3571 2693 3862 2763 exemplum

2268 2783 2472 2840 imitari
2502 2785 2774 2840 voluerint
2806 2828 2821 2854 ,
2854 2785 3018 2841 ullam
3054 2786 3270 2856 penitus
3300 2784 3637 2841 divisionem
3667 2797 3757 2842 aut
3786 2783 3862 2854 ja-

2267 2889 2478 2935 cturam
2509 2879 2767 2950 patiatur.
2805 2899 2824 2932 ι

2340 2976 2493 3032 Sicut
2523 2976 2669 3031 enim
2710 2973 3075 3046 Symmachus
3118 2991 3256 3047 papa
3313 2976 3384 3030 ad
3428 2975 3696 3032 Eonium
3745 2979 3862 3031 scri-

2265 3069 2371 3141 psit
2399 3087 2411 3122 :
2451 3087 2470 3120 ι
2499 3067 2615 3122 Νοη
2643 3067 2770 3122 licet
2801 3069 3056 3138 cuiquam
3085 3069 3443 3124 decessorum
3467 3084 3699 3124 suorum
3729 3070 3860 3124 ordi-

2267 3161 2541 3215 nationem
2572 3161 3025 3216 subnecessitate
3053 3158 3298 3231 qualibet
3355 3161 3670 3232 transgredi
3724 3179 3737 3215 :
3778 3161 3860 3215 scd

2269 3253 2572 3308 roboranda
2600 3269 2722 3322 qute
2751 3268 2782 3306 a
2806 3251 3185 3309 decessoribus
3216 3252 3330 3307 suis
3353 3251 3498 3307 bene
3523 3263 3679 3324 gesta
3711 3261 3859 3315 sunt,

2263 3345 2446 3401 facere
2479 3344 2641 3401 debet
2662 3356 2780 3400 rata
2806 3359 2929 3400 esse
2954 3360 3074 3415 quae
3103 3343 3355 3416 gesserit.
3389 3363 3406 3394 ι
3463 3341 3623 3398 Unde
3647 3359 3754 3399 non
3781 3359 3859 3398 so-

2261 3437 2373 3492 lum
2399 3453 2464 3493 ea
2487 3453 2607 3508 qua:
2629 3453 2660 3492 a
2682 3437 3063 3493 decessoribus
3077 3445 3132 3492 et
3153 3437 3666 3507 praedecessoribus
3685 3438 3859 3492 vestris

2260 3528 2400 3585 bene
2427 3538 2630 3586 statuta
2656 3540 2785 3585 sunt
2814 3529 3109 3596 servando,
3141 3545 3240 3586 vos
3271 3529 3597 3585 ﬁrmitatem
3623 3531 3703 3586 eis
3741 3529 3859 3584 dare

2259 3632 2496 3694 oportet,
2525 3639 2715 3679 verum
2742 3633 2796 3677 et
2824 3624 2916 3678 illa
2958 3639 3078 3694 qua:
3125 3624 3226 3693 ipsi
3280 3622 3550 3693 gessistis,
3608 3633 3666 3677 et
3711 3639 3857 3677 manu

2259 3719 2479 3790 propria
2512 3717 2930 3788 subscripsistis,
2958 3725 3012 3772 et
3041 3733 3163 3773 cum
3212 3718 3447 3772 maxima
3497 3717 3858 3772 obtestatione

2259 3827 2357 3866 vos
2393 3820 2704 3866 servaturos
2732 3823 2994 3881 perpetuo
3046 3811 3454 3881 promittentes,
3506 3811 3561 3865 in
3616 3812 3859 3865 manibus

2259 3904 2602 3958 sacerdotum
2632 3904 2700 3960 ad
2727 3905 2900 3960 vicem
2930 3904 3025 3959 Dei
3059 3905 3379 3970 tradidistis,
3408 3914 3539 3960 ante
3589 3903 3779 3959 oculos
3811 3916 3858 3957 et

2259 3999 2457 4054 mentis
2483 4009 2536 4052 et
2561 4000 2807 4070 corporis
2843 4016 3106 4076 revocare
3128 4001 3356 4056 debetis.
3387 4001 3460 4055 Et
3490 4017 3598 4056 non
3653 4001 3856 4055 modia

2260 4094 2561 4150 necessitas
2581 4095 2737 4151 vobis
2763 4095 3052 4161 incumbit,
3084 4105 3144 4150 ut
3168 4095 3211 4150 si
3237 4102 3432 4152 contra
3459 4111 3525 4150 ea
3572 4095 3632 4150 in
3686 4095 3856 4165 aliquo

2257 4188 2467 4260 egistis,
2502 4189 2604 4244 hoc
2625 4190 2946 4260 quantocius
2981 4191 3296 4256 emendare,
3352 4199 3406 4246 et
3453 4189 3524 4244 de
3573 4198 3853 4245 casterone

2258 4289 2447 4336 contra
2477 4280 2566 4334 illa
2593 4280 2827 4348 faciatis,
2881 4297 3076 4336 cavere
3129 4295 3480 4352 summopere
3531 4280 3851 4351 procuretis.

2257 4373 2393 4440 Quia
2423 4374 2566 4428 enim
2592 4382 2714 4442 post
2743 4373 2890 4428 illam
2919 4373 3232 4429 unctionem
3259 4389 3366 4443 qua
3392 4389 3521 4428 cum
3553 4373 3775 4429 caeteris
3801 4371 3855 4424 fi-

2259 4465 2470 4520 delibus
2501 4465 2778 4520 meruistis
2805 4467 2908 4521 hoc
2935 4467 3216 4537 consequi,
3244 4467 3388 4536 quod
3429 4467 3631 4523 beatus
3669 4466 3854 4520 Petrus

553 4549 664 4587 non
709 4535 960 4590 evadant.
995 4557 1016 4590 ι
1047 4537 1180 4592 ltem
1231 4540 1392 4596 iidem
1440 4541 1716 4612 Augusti:
1746 4562 1764 4594 ι
1803 4543 1860 4598 Si
1904 4547 2152 4601 ecclesia:

2263 4556 2534 4625 apostolus
2565 4557 2738 4611 dicit:
2778 4555 2882 4612 Vos
2906 4575 3071 4628 genus
3117 4535 3357 4624 electum,
3409 4559 3588 4630 regale
3618 4558 3852 4613 sacerdo-

551 4624 882 4680 venerabilis
912 4627 1193 4697 privilegia
1234 4631 1553 4700 cujusquam
1595 4631 1800 4688 fuerint
1843 4635 1928 4690 vel
1975 4646 2147 4693 teme-

547 4714 719 4769 ritate
746 4715 975 4784 violata,
1011 4719 1095 4775 vel
1123 4720 1552 4779 dissimulatione
1575 4724 1818 4798 neglecta
1851 4745 1864 4782 :
1894 4730 2151 4786 commis-

551 4825 675 4865 sum
705 4810 947 4883 quinque
975 4812 1238 4868 librarum
1268 4815 1422 4881 auri,
1453 4817 1596 4872 sicut
1628 4819 1793 4874 etiam
1824 4821 1977 4891 prius
2017 4838 2148 4878 con-

550 4901 803 4957 stitutum
832 4912 947 4972 est,
977 4907 1426 4964 condemnationc
1455 4910 1748 4980 plectatur.
1786 4932 1805 4965 ι

621 4996 784 5052 Multa
813 4999 978 5054 etiam
1008 4998 1097 5054 hic
1123 5000 1249 5068 poni
1293 5010 1564 5070 poterant,
1617 5018 1736 5072 quae
1783 5004 1852 5058 ab
1895 5009 2148 5066 omnibus

547 5086 839 5144 salubriter
866 5091 1235 5160 regnantibus,
1274 5100 1330 5146 et
1375 5091 1522 5163 juste
1566 5093 1933 5162 judicantibus
1987 5101 2148 5174 longo

549 5187 797 5250 tempore
825 5192 1143 5238 conservata
1165 5195 1319 5251 sunt;
1376 5187 1470 5242 sed
1516 5189 1629 5244 scio
1671 5191 1991 5260 sapientiam
2048 5210 2144 5250 ve-

546 5282 718 5328 stram
749 5290 816 5329 ex
839 5273 922 5330 his
973 5291 1094 5345 qua:
1140 5276 1207 5331 de
1237 5279 1448 5334 decimo
1503 5290 1658 5336 sexto
1704 5282 1840 5338 libro
1893 5284 2142 5344 Theodo-

545 5365 714 5421 sianrc
741 5364 873 5436 legis
897 5375 1022 5421 sunt
1040 5367 1235 5439 posita,
1267 5370 1464 5428 debere
1483 5377 1943 5446 comprehendere
1962 5380 2138 5450 plura.

615 5458 683 5512 Et
722 5457 916 5512 horum
940 5459 1325 5529 imperatorum
1359 5464 1636 5525 imitantes
1661 5468 1978 5541 religionem
2005 5474 2142 5529 anti-

544 5550 637 5618 qui
668 5549 833 5604 etiam
854 5559 910 5604 et
933 5553 1175 5607 moderni
1205 5569 1361 5626 reges
1384 5555 1740 5626 Francorum,
1768 5560 2141 5622 immunitates

545 5639 792 5696 ecclesiis
823 5652 877 5697 et
898 5645 1072 5700 servis
1094 5645 1186 5701 Dei
1212 5646 1393 5704 facere
1415 5663 1836 5722 consueverunt,
1865 5671 2003 5727 quas
2046 5660 2136 5730 qui

617 5829 644 5856 ι
685 5817 848 5872 Cone.
891 5823 1075 5892 Afris,
1106 5847 1222 5884 can.
1260 5833 1340 5896 l5.

2257 4653 2387 4704 tium
2411 4649 2460 4721 (Ι
2487 4649 2634 4706 Petr.
2665 4650 2730 4724 ιι)
2759 4653 3052 4723 episcopali
3083 4664 3141 4709 et
3169 4652 3444 4724 spirituali
3484 4654 3767 4716 unctione,
3793 4667 3850 4706 ac

2254 4744 2634 4800 benedictione
2661 4746 2865 4816 regiam
2888 4746 3209 4818 dignitatem
3238 4745 3423 4816 potius
3445 4761 3614 4817 quam
3641 4754 3848 4800 terrena

2253 4845 2524 4906 potestate
2551 4837 2829 4892 consecuti
2855 4837 2988 4892 estis
3021 4856 3035 4891 :
3067 4838 3351 4893 attendere
3407 4838 3600 4892 subtili
3647 4835 3850 4891 intelle-

2252 4941 2343 4986 ctu
2366 4913 2610 4997 debetis,
2645 4931 2900 5001 quoniam
2927 4931 2995 4985 ad
3026 4931 3401 4987 dillinitionem
3454 4931 3638 4986 sancti
3685 4929 3852 5001 Spirio

2254 5030 2361 5087 tus,
2395 5038 2558 5094 quam
2581 5022 2828 5093 synodali
2855 5022 3181 5080 auctoritate
3203 5023 3453 5094 protulit,
3495 5023 3716 5093 excepti
3747 5038 3845 5076 non

2252 5116 2384 5172 estis
2415 5133 2428 5169 :
2468 5135 2484 5165 ι
2516 5116 2572 5171 Si
2598 5115 2743 5185 quis,
2784 5116 2981 5188 inquit,
3027 5126 3218 5172 contra
3257 5133 3414 5172 suam
3452 5115 3848 5187 professionem

2247 5207 2332 5265 vel
2381 5207 2836 5282 subscriptionem
2895 5209 3155 5277 venerit,
3205 5209 3322 5279 ipse
3377 5223 3436 5265 se
3486 5208 3701 5265 honore
3745 5204 3846 5276 pri-

2246 5302 2394 5358 vabit
2423 5314 2472 5356 ⁸.
2504 5322 2523 5357 ι
2917 5349 2922 5352 .

2319 5395 2472 5462 Quod
2502 5395 2628 5451 licet
2652 5410 2759 5452 non
2783 5397 2898 5465 fiat,
2927 5397 3068 5453 sicut
3099 5412 3242 5469 saepe
3276 5396 3417 5453 solet
3459 5396 3739 5462 accidere,
3795 5393 3842 5447 in

2249 5489 2425 5546 oculis
2457 5489 2760 5555 hominum,
2792 5491 2851 5545 tit
2885 5499 3067 5546 tamen
3086 5506 3302 5560 semper
3325 5490 3379 5544 in
3407 5488 3584 5546 oculis
3609 5484 3839 5542 Domini.

2249 5581 2356 5637 Sed
2388 5583 2528 5638 sicut
2579 5582 2944 5653 superbiendo
2988 5582 3194 5660 David:
3229 5582 3369 5648 Quia
3414 5582 3628 5636 initium
3682 5577 3842 5632 omnis

2247 5675 2444 5735 peccati
2477 5674 2726 5748 superbia
2754 5675 2946 5748 (Eccli.
2975 5674 3035 5746 ι)
3073 5674 3280 5734 faciens
3309 5684 3502 5734 contra
3554 5671 3839 5746 professio-
