4010 6330
201 386 351 509 toti

1079 418 1214 477 rno
1253 410 1606 476 ECCLEsm
1644 402 2096 474 Ianuariarum
2136 420 2594 481 DEFENSIONE.

3345 431 3485 490 1042

196 552 325 595 nem
358 550 530 599 suam,
562 546 720 605 quam
754 532 1029 605 professus
1068 540 1171 599 est,
1226 535 1410 589 dicens
1446 553 1458 588 :
1505 530 1635 587 Vivit
1679 531 1790 586 Do-
1816 534 1870 594 Α
1965 530 2052 586 ιν.
2092 553 2110 585 ι
2166 534 2235 590 Ut
2259 547 2529 610 praecepta
2562 538 2750 595 illicita
2778 538 2847 594 de
2864 541 3034 597 rebus
3069 543 3316 600 ecclesiae
3346 547 3482 604 mihi

191 629 396 694 minus,
417 627 544 698 quia
571 624 752 680 ludam
782 635 905 680 ante
934 624 1248 691 Dominum,
1272 635 1319 681 et
1347 642 1435 680 cro
1479 624 1692 680 humilis
1735 627 1790 682 in

190 702 363 777 oculis
386 716 514 775 meis
561 716 647 790 (II
669 716 800 789 Reg.
824 719 901 789 vr)
932 718 1228 791 prophetiae
1269 720 1498 790 gratiam
1531 726 1587 776 et
1616 719 1793 790 digni-

192 821 364 869 tatem
404 811 631 883 regiam,
666 794 1138 881 quam‘peccando
1188 810 1447 881 perdidit,
1507 809 1791 867 confessus

189 922 379 964 coram
416 904 631 962 Nathan
659 906 972 979 paenitendo
1001 907 1361 979 recuperavit.
1388 906 1463 998 Et
1496 905 1635 961 sicut
1688 903 1792 959 Pe-

190 1010 313 1057 trus
342 1001 548 1057 faciens
579 1011 767 1058 contra
794 1018 946 1058 suam
977 1002 1394 1075 professionem,
1452 1015 1614 1071 quam
1662 1013 1791 1069 pro-

187 1092 371 1151 fessus
400 1080 521 1163 est,
555 1096 744 1152 dicens
779 1114 792 1150 :
823 1095 1053 1151 Etiamsi
1096 1098 1383 1169 aportuerit
1412 1112 1494 1150 me
1541 1094 1675 1149 mori
1716 1103 1791 1148 te-

185 1205 333 1255 cum,
361 1206 462 1243 non
491 1199 540 1244 te
562 1189 760 1261 negabo
794 1188 1007 1255 (Matth.
1041 1188 1191 1260 xxv),
1229 1190 1355 1260 quia
1396 1187 1557 1244 tertio
1586 1176 1790 1241 ’Βοηιί-

184 1297 323 1337 ηιιιιι
351 1289 661 1356 negaverat,
692 1280 856 1337 tertio
877 1281 1186 1347 confessus,
1221 1290 1277 1335 ut
1309 1278 1500 1337 beatus
1548 1280 1790 1337 ostendit

182 1369 513 1446 Gregorius;
562 1390 747 1431 coram
812 1376 1064 1430 omnibus
1115 1376 1411 1447 apostolis;
1460 1375 1588 1449 quia
1640 1375 1789 1432 ﬂevit

182 1483 398 1534 amare,
418 1466 576 1545 quod
606 1479 905 1539 negaverat
930 1469 1188 1542 lacrymis
1209 1469 1363 1534 lavit,
1414 1480 1469 1526 et
1511 1458 1789 1542 apostola-V

179 1569 327 1624 tum,
358 1575 518 1632 quem
546 1561 798 1631 negando
823 1560 1158 1630 perdiderat,
1191 1561 1501 1617 conﬁtendo
1528 1569 1582 1617 et
1611 1560 1787 1619 flendo

179 1656 394 1727 recepit
424 1670 442 1709 :
467 1655 540 1710 ita
568 1654 730 1711 etiam
755 1655 985 1727 quisque
1006 1654 1334 1720 conﬁtendo,
1368 1665 1422 1711 et
1445 1653 1784 1726 paenitendo,

178 1763 252 1804 ac
278 1746 602 1819 corrigendo
632 1761 753 1818 qua:
777 1763 1004 1820 pcrperc
1048 1755 1237 1803 contra
1284 1746 1676 1820 professionem
1731 1752 1789 1801 et

177 1839 639 1923 subscriptionem
666 1837 814 1905 fecit,
848 1839 1212 1923 adlhonorem
1246 1841 1441 1904 redire,
1491 1850 1548 1897 et
1586 1840 1640 1895 in
1690 1839 1785 1894 ho.

1894 627 2200 683 commissae
2236 644 2268 683 a
2290 630 2444 687 vobis
2468 630 2633 699 facta,
2676 633 3089 700 rescindantur;
3114 645 3170 693 et
3195 645 3258 694 ut
3282 638 3350 694 de
3372 653 3484 697 ca-

1892 727 2015 776 tero
2051 736 2120 776 ne
2162 721 2294 777 ﬁant
2315 726 2576 781 caveatis.
2616 746 2635 780 ι

1910 806 1913 809 ’
1963 812 2029 867 ν.
2063 830 2083 864 ι
2119 811 2191 868 Ut
2210 812 2280 869 ab
2304 815 2537 872 ecclesia
2561 816 2692 874 mihi
2728 821 3019 876 commissa
3061 821 3328 878 indebitas
3355 820 3484 880 con-

1892 907 2229 976 suetudines,
2275 916 2330 965 et
2384 908 2610 978 injustas
2665 913 2976 969 exactiones
3022 915 3090 970 de
3135 922 3333 970 caetero
3370 929 3485 972 non

1891 1002 2197 1069 exactetis;
2232 1000 2326 1059 sed
2354 1001 2435 1059 sic
2454 1018 2547 1058 eas
2572 1006 2923 1067 conservetis,
2953 1007 3096 1063 sicut
3122 1015 3365 1077 tempore
3394 1007 3482 1062 avi

1890 1102 1945 1152 et
1990 1095 2165 1165 patris
2200 1096 2370 1152 vestri
2405 1104 2739 1152 conservatae
2769 1095 3010 1153 fuerunt.
3052 1118 3070 1150 ι

1960 1180 2051 1241 Ἣ.
2115 1205 2135 1239 ι
2190 1184 2263 1243 Ut
2311 1193 2499 1243 contra
2555 1187 2955 1257 depraedatores
3010 1194 3091 1245 et'
3137 1206 3488 1262 oppressores

1894 1276 2249 1333 ecclesiarum
2292 1285 2624 1343 nostrarum,
2656 1286 2711 1333 et
2742 1294 2924 1335 rerum
2955 1280 3023 1333 ad
3051 1282 3271 1337 easdem
3311 1285 3484 1355 perti-

1889 1367 2135 1453 nentium
2190 1367 2563 1425 defensionem
2621 1369 2919 1426 secundum
2967 1371 3330 1428 ministerium
3392 1390 3489 1430 ve-

1889 1468 2089 1528 strum,
2121 1470 2386 1532 quantum
2411 1475 2572 1519 posse
2594 1462 2752 1521 vobis
2792 1464 2937 1520 Deus
2963 1463 3196 1531 dederit,
3225 1465 3485 1524 exhibea-

1889 1551 1981 1607 tis.

1961 1645 2072 1702 VII.
2104 1666 2124 1700 ι
2162 1645 2233 1703 Ut
2258 1657 2532 1720 praecepta
2561 1664 2681 1721 qua:
2703 1664 2836 1706 avus
2871 1657 2928 1707 et
2973 1658 3131 1722 pater
3165 1659 3348 1707 vester
3394 1666 3488 1709 ec-

1889 1739 2068 1798 clesiis
2094 1741 2251 1797 nobis
2272 1742 2581 1798 commissis
2609 1740 2878 1808 fecerunt,
2905 1750 2963 1798 et
2993 1742 3371 1809 ﬁrmaverunt,
3431 1753 3488 1800 et

1893 1833 2111 1890 stabilia
2167 1843 2649 1901 conservaverunt,
2694 1850 2815 1906 quae
2859 1835 3024 1891 etiam
3062 1849 3159 1891 vos
3188 1847 3485 1892 conserva-

176 1945 319 1986 nore
355 1926 614 2005 prmvalet
641 1930 866 1985 Domino
896 1931 1195 1986 miserante
1220 1946 1464 1987 manere.
1523 1929 1781 2001 Alioquin
1812 1924 1860 1985 Β
1891 1924 2010 1995 slis,
2046 1925 2112 1980 de
2140 1932 2337 1980 caer
2372 1932 2489 1979 rata
2516 1925 2875 1981 conservetis.
2911 1943 2930 1977 ι

175 2028 375 2078 contra
425 2018 607 2077 claves
627 2022 783 2079 datas
836 2021 1093 2078 Ecclesiae
1118 2022 1482 2095 disputabitur
1505 2064 1521 2091 ,
1551 2023 1618 2079 de
1653 2024 1780 2096 qui-

172 2118 287 2193 bus
331 2117 536 2175 dictum
554 2123 650 2197 est
677 2135 689 2172 :
721 2117 1062 2190 Qttwcunqtte
1083 2116 1338 2172 solvet-itis
1379 2134 1534 2189 super
1561 2100 1777 2181 terrain,

170 2222 336 2268 erunt
361 2212 535 2267 soluta
563 2222 610 2267 et
650 2213 705 2266 in
733 2211 860 2267 caelo
890 2200 1315 2284 (Matt/uniti).
1345 2209 1596 2291 Christus
1623 2210 1782 2268 Iesus

169 2312 241 2365 ut
272 2304 538 2361 catholice
568 2313 714 2361 tenet
742 2312 797 2360 et
825 2304 982 2363 docet
1030 2303 1290 2368 Ecclesia,
1328 2305 1469 2360 hanc
1524 2306 1781 2377 przeposi-

169 2395 253 2453 tis
288 2394 525 2465 ejusdem
553 2394 813 2453 Ecclesiae
837 2396 1058 2452 tradidit
1078 2404 1425 2467 potestatem,
1452 2405 1512 2452 ut
1535 2407 1591 2453 et
1613 2398 1781 2453 conli-

167 2490 422 2546 tentibus
455 2491 726 2549 actionem
749 2491 1091 2564 poenitentiae
1115 2490 1331 2556 darent,
1357 2500 1413 2546 et
1441 2491 1663 2546 eosdem
1692 2507 1782 2546 sa-

165 2581 318 2643 lubri
359 2582 728 2641 satisfactione
747 2564 1048 2657 purgatos,
1098 2599 1219 2654 qua:
1262 2582 1562 2639 satisfactio
1607 2582 1780 2655 paeni-

171 2676 371 2733 tentia:
398 2676 451 2731 in
476 2676 592 2746 ipsa
614 2677 727 2747 jam
766 2678 1118 2749 cognoscitur
1144 2675 1490 2733 confessione
1542 2676 1775 2746 peccati,

160 2783 275 2840 per
302 2769 763 2827 reconciliationis
794 2770 1023 2841 gratiam
1048 2769 1423 2826 restituerent.
1459 2767 1526 2822 Et
1548 2769 1664 2823 hmc
1688 2782 1777 2822 re-

161 2861 389 2918 stitutio
440 2861 901 2917 reconciliationis
932 2862 1204 2932 quomodo
1240 2878 1346 2916 non
1376 2860 1446 2915 sit
1495 2862 1778 2917 contraria

161 2953 359 3010 sacris
397 2952 624 3026 regulis,
648 2952 739 3009 hic
768 2948 972 3025 pcnere
1022 2968 1129 3009 non
1181 2951 1549 3025 permiserunt
1590 2951 1774 3007 brevi-

164 3056 259 3103 tas
287 3031 491 3116 operis,
525 3054 580 3101 et
601 3046 851 3117 angustia
884 3046 1164 3117 temporis.

249 3135 378 3193 Haec
410 3152 647 3213 namque
678 3153 806 3194 cum
832 3137 953 3194 aliis
991 3155 1114 3211 qua:
1161 3138 1362 3195 ibidem
1405 3138 1774 3206 continentur,

164 3243 326 3285 anno
370 3227 765 3286 Incarnationis
811 3231 1107 3286 Dominicae
1153 3231 1602 3304 octingentesimo
1637 3248 1773 3304 qna-

1962 2016 2096 2072 Vlll.
2137 2035 2158 2068 ι
2195 2015 2349 2085 Quod
2376 2018 2423 2073 si
2452 2033 2550 2074 vos
2591 2028 2782 2074 contra
2816 2020 2935 2075 haec
2963 2020 3222 2092 capitula,
3245 2026 3339 2073 aut
3361 2032 3485 2086 nos,

1885 2108 2029 2181 quod
2058 2109 2223 2174 absit,
2264 2125 2379 2165 non
2422 2109 2630 2166 malitia
2680 2124 2783 2166 nec
2826 2124 3091 2181 perverso
3134 2111 3337 2178 studio,
3388 2113 3485 2169 sed

1885 2208 1980 2256 aut
1998 2216 2098 2273 per
2125 2202 2421 2256 humanam
2446 2200 2820 2273 fragilitatem,
2846 2211 2941 2258 aut
2962 2216 3061 2272 per
3086 2202 3477 2274 ignorantiam,

1882 2292 1967 2347 vel
1992 2292 2393 2362 subreptionem
2424 2309 2532 2349 non
2555 2293 2940 2350 damnabiliter
2958 2295 3252 2366 egerimus.
3286 2304 3480 2352 mutuo

1885 2386 1990 2442 hoc
2011 2387 2238 2443 consilio
2259 2387 2623 2458 corrigamus,
2649 2395 2705 2442 et
2754 2386 2968 2442 ﬁrmata
3006 2387 3262 2459 deinceps
3288 2400 3482 2444 conve-

1882 2478 2090 2534 nientia
2122 2488 2357 2534 maneat.
2399 2497 2419 2532 ι

1955 2569 2024 2625 Et
2048 2572 2162 2626 haec
2185 2572 2468 2641 sequentia
2497 2571 2638 2642 apud
2668 2571 3003 2628 Carisiacum
3025 2571 3289 2643 palatium
3338 2585 3484 2627 anno

1882 2663 2282 2721 Incarnationis
2318 2666 2613 2722 Dominica:
2647 2665 3101 2738 octingentesimo
3145 2665 3481 2737 quinquage-

1882 2748 2021 2811 simo
2070 2765 2282 2821 octavo,
2352 2757 2505 2829 regni
2565 2765 2745 2813 autem
2794 2759 2965 2815 vestri
3019 2758 3231 2814 decimo
3284 2768 3482 2815 octavo

1882 2864 1958 2904 xu
2003 2849 2123 2905 Kal.
2154 2850 2327 2921 April.
2365 2866 2465 2909 vos
2495 2862 2809 2913 servaturos
2850 2851 3131 2923 episcopis.
3162 2860 3221 2907 et
3267 2852 3482 2910 caeteris

1881 2944 2133 3002 ﬁdelibus
2184 2946 2383 3002 vestris
2431 2961 2599 3001 manu
2645 2946 2866 3017 propria
2920 2954 3103 3002 vestra
3159 2944 3424 3002 ﬁrmastis
3464 2965 3478 3001 :

1887 3057 1906 3093 ι
1944 3039 2219 3108 Quantum
2248 3041 2447 3107 sciero,
2480 3046 2535 3096 et
2559 3039 2961 3097 rationabiliter
2977 3049 3228 3112 potuero,
3251 3040 3483 3098 Domino

1878 3132 2188 3203 adjuvante,
2219 3148 2661 3206 unumquemque
2705 3140 2950 3188 vestrum
2988 3132 3287 3189 secundum
3317 3148 3478 3190 suum

1880 3225 2127 3286 ordinem
2158 3227 2439 3287 honorabo
2468 3236 2524 3288 et
2551 3226 2795 3302 satiabo,
2828 3238 2883 3290 et
2908 3228 3234 3291 honoratum
3278 3240 3333 3293 et
3374 3228 3477 3291 sal.

160 3321 482 3394 dragesimo
511 3323 701 3394 quinto
750 3337 937 3379 mense
966 3322 1158 3393 Aprili,
1227 3296 1368 3379 anno
1423 3331 1578 3381 sexto
1620 3296 1774 3396 regni
1805 3296 1851 3362 θ
1881 3331 2067 3378 vatum
2095 3324 2300 3395 absque
2350 3325 2459 3380 ullo
2510 3326 2632 3382 dolo
2675 3344 2741 3384 ac
2781 3296 3135 3387 damnatione
3194 3333 3279 3388 vel
3323 3334 3480 3389 dece-

161 3411 365 3477 vestri,
391 3412 443 3468 in
472 3412 762 3487 Belgivaco
795 3412 1105 3489 [Beauvais]
1134 3416 1356 3471 civitate
1384 3432 1506 3472 cum
1538 3418 1774 3473 maxima

106 3568 121 3580 ,
158 3509 575 3567 contestatione
601 3509 813 3567 cunctis
845 3509 1035 3566 diebus
1058 3511 1183 3566 vitae
1212 3519 1406 3566 vestra":
1452 3527 1547 3566 vos
1594 3526 1775 3566 servao

162 3606 334 3658 turos
354 3599 706 3675 promisistis,
731 3599 1278 3671 eisdem-episcopis,
1331 3600 1421 3670 qui
1480 3609 1774 3671 pmscntes

164 3691 425 3761 aderant,
455 3700 511 3747 et
532 3691 744 3747 caeteris
766 3694 921 3764 regni
947 3694 1114 3749 vestri
1160 3694 1429 3765 episcOpis
1456 3736 1469 3758 ,
1523 3695 1615 3764 qui
1653 3708 1775 3750 cor-

166 3800 308 3858 pore
342 3793 642 3856 prazsentes
663 3798 770 3839 non
794 3783 1041 3851 aderant,
1072 3794 1126 3840 et
1150 3785 1407 3841 omnibus
1436 3801 1624 3840 eorum
1653 3801 1776 3842 suc-

171 3877 513 3943 cessoribus,
544 3883 600 3930 ct
646 3876 900 3932 omnibus
936 3876 1205 3947 episcopis
1258 3878 1311 3930 in
1365 3894 1531 3948 regno
1596 3887 1775 3935 vestro

167 3967 623 4034 consistentibus,
655 3976 711 4023 et
748 3967 805 4024 in
835 3968 1085 4024 manibus
1114 3966 1429 4023 eorumdem
1484 3969 1770 4039 episcopo-

168 4077 300 4118 rum
329 4061 396 4115 ad
420 4076 609 4116 eorum
635 4061 949 4133 petitionem
981 4061 1208 4117 dedistis
1241 4079 1255 4114 :

242 4151 286 4208 l.
322 4173 340 4205 ‹
366 4151 435 4210 Ut
454 4153 543 4223 jus
566 4154 995 4212 ecclesiasticum
1012 4154 1254 4227 et'legem
1268 4155 1588 4210 canonicam
1614 4154 1771 4212 nobis

166 4247 249 4303 ita
297 4248 652 4314 conservetis,
701 4248 844 4304 sicut
887 4257 1260 4304 antecessores
1310 4248 1476 4303 vestri
1535 4248 1626 4319 qui
1665 4250 1770 4305 hoc

163 4340 314 4397 bene
342 4348 395 4396 et
421 4340 813 4397 rationabiliter
826 4340 1276 4407 observaverunt,
1286 4341 1440 4413 juxta
1458 4341 1602 4413 quod
1626 4342 1771 4398 scire

164 4422 439 4504 poteritis,
472 4442 526 4489 et
554 4434 814 4490 Dominus
856 4434 1008 4495 vobis
1059 4448 1221 4503 posse
1275 4431 1507 4499 dederit,
1551 4433 1765 4505 prdide-

164 4525 482 4584 cessoribus
503 4526 704 4582 nostris
731 4533 1215 4582 conservaverunt.
1252 4546 1272 4579 ›

180 4686 185 4691 η
242 4615 304 4673 ll.
346 4636 363 4669 ι
394 4615 549 4686 Quod
580 4619 635 4673 in
678 4622 799 4675 mea
845 4634 1097 4689 persona,
1126 4633 1230 4675 nec
1280 4618 1336 4674 in
1386 4634 1509 4677 meo
1548 4620 1761 4688 ordine,

148 4710 276 4767 ‘nisi
310 4707 447 4765 forte
499 4708 642 4782 quod
680 4710 845 4777 absit,
874 4711 930 4767 in
972 4722 1131 4767 antea
1161 4719 1352 4767 contra
1383 4710 1675 4770 Dominum
1709 4723 1765 4771 et

165 4810 363 4860 contra
392 4818 488 4858 vos
532 4802 820 4859 manifeste
870 4801 1072 4870 fecero,
1125 4813 1186 4859 ut
1222 4807 1469 4863 damnari
1503 4808 1764 4864 canonice

165 4895 419 4961 debeam,
455 4894 741 4950 adversum
772 4910 859 4951 me
904 4903 960 4952 et
998 4911 1176 4951 meum
1232 4898 1478 4954 ordinem
1509 4899 1584 4953 ita
1612 4899 1765 4954 dam-

165 4985 431 5042 nabilitcr
475 5002 581 5042 non
641 4985 851 5043 faciatis
918 5003 1016 5057 pro
1089 5004 1412 5060 quacunque
1482 4990 1762 5061 praeterita

166 5093 358 5146 causa,
413 5087 475 5135 ut
523 5078 655 5135 mihi
724 5079 1019 5145 damnatio,
1093 5088 1185 5136 aut
1253 5080 1608 5139 dehonoratio
1670 5096 1763 5139 ve-

165 5169 309 5227 niat.
348 5189 369 5226 ι

238 5258 330 5316 Ill.
383 5281 404 5315 ι
441 5262 595 5333 Quod
641 5280 730 5323 res
790 5266 857 5323 ad
900 5263 1186 5324 ecclesiam
1240 5254 1371 5323 mihi
1417 5270 1764 5327 commissam

166 5352 526 5427 pertinentes,
558 5364 616 5412 et
639 5366 880 5430 tempore
911 5360 1076 5414 vestri
1103 5360 1435 5431 principatus
1456 5360 1667 5418 ablatas
1689 5363 1764 5421 ita

168 5443 569 5517 prmsentaliter
619 5446 917 5503 restituatis
938 5456 993 5504 et
1042 5451 1396 5518 conservetis,
1441 5452 1583 5509 sicut
1631 5461 1765 5509 tem-

170 5550 309 5609 pore
329 5539 413 5594 avi
434 5548 489 5595 et
512 5542 680 5612 patris
702 5543 867 5598 vestri
899 5541 1139 5611 fuerunt,
1167 5554 1221 5600 et
1245 5555 1476 5618 excepto
1504 5554 1764 5621 superpo-

173 5625 305 5693 sito,
331 5629 472 5699 quod
517 5631 572 5685 in
616 5647 747 5688 usus
802 5634 1211 5706 pssidentium,
1276 5637 1363 5693 vel
1411 5654 1475 5695 ex
1523 5639 1769 5700 aediﬁciis

174 5719 523 5792 absumptum
549 5732 651 5791 est,
676 5726 948 5795 quomodo
977 5735 1102 5783 tunc
1128 5738 1269 5798 erat,
1291 5739 1554 5801 quantum
1581 5734 1649 5791 ad
1664 5735 1769 5794 hoc

174 5814 325 5886 quod
367 5830 456 5871 res
491 5818 690 5874 usitato
737 5821 954 5878 nomine
984 5822 1317 5893 appellamus
1356 5835 1594 5897 constat,
1622 5830 1767 5901 quod

179 5920 279 5967 vos
305 5905 433 5964 inde
459 5908 581 5965 illas
609 5909 822 5971 tulistis.
858 5930 878 5965 ι

1880 3417 2087 3489 ptione,
2115 3418 2469 3474 conservabo.
2517 3418 2584 3474 Et
2612 3421 2909 3493 unicuique
2950 3432 3349 3493 competentem
3399 3424 3477 3479 le-

1881 3524 2003 3581 gem
2030 3517 2086 3564 et
2105 3508 2377 3580 justitiam
2410 3511 2767 3569 conservabo.
2797 3510 2865 3568 Et
2922 3513 3017 3586 qui
3058 3512 3207 3570 illam
3254 3531 3482 3572 necesse

1881 3599 2152 3665 habuerit,
2218 3607 2272 3656 et
2330 3599 2735 3658 rationabiliter
2784 3603 3027 3675 petierit,
3099 3605 3478 3661 rationabilem

1882 3691 2315 3746 misericordiam
2347 3693 2648 3762 exhibebo;
2684 3694 2828 3751 sicut
2854 3694 3030 3752 ﬁdelis
3059 3710 3156 3753 rex
3187 3713 3315 3754 suos
3344 3698 3478 3754 ﬁde-

1878 3781 1959 3836 les
1986 3795 2086 3851 per
2133 3768 2343 3836 rectum
2383 3784 2659 3840 honorare
2704 3793 2761 3839 et
2796 3784 3030 3853 salvare,
3087 3796 3143 3843 et
3182 3789 3476 3858 unicuique

1878 3880 2279 3943 competentem
2344 3873 2520 3946 legem
2588 3883 2642 3931 et
2695 3876 2968 3947 justitiam
3026 3879 3081 3933 in
3147 3895 3477 3951 unoquoque

1877 3966 2070 4022 ordine
2108 3981 2456 4032 conservare,
2481 3975 2538 4022 et
2564 3968 2933 4039 indigentibus
2962 3978 3019 4025 et
3070 3971 3473 4028 rationabiliter

1874 4057 2184 4128 petentibus
2237 4058 2614 4114 rationabilem
2664 4060 3097 4116 misericordiam
3156 4062 3320 4118 debet
3371 4064 3473 4117 im-

1874 4151 2143 4222 pendere;
2202 4159 2256 4205 et
2305 4165 2405 4222 pro
2454 4150 2601 4206 nullo
2652 4152 2875 4208 homine
2903 4152 2973 4209 ab
3018 4154 3143 4221 hoc,
3210 4162 3476 4225 quantum

1871 4240 2096 4298 dimittit
2117 4243 2356 4299 humana
2395 4241 2683 4316 fragilitas,
2703 4259 2803 4316 per
2831 4244 3070 4301 studium
3096 4254 3192 4300 aut
3238 4246 3467 4304 malivo-

1872 4333 2095 4391 lentiam
2118 4335 2203 4391 vel
2217 4335 2447 4407 alicujus
2462 4337 2763 4393 indebitum
2779 4336 3189 4393 hortamentum
3206 4338 3360 4394 devia
3370 4340 3463 4406 bo,

1870 4437 2134 4501 quantum
2178 4430 2311 4485 mihi
2362 4428 2505 4486 Deus
2556 4428 2894 4486 intellectum
2945 4438 3003 4485 et
3050 4429 3470 4503 possibilitatem

1870 4521 2173 4577 donaverit.
2202 4519 2353 4577 Etsi
2395 4536 2493 4592 per
2520 4520 2873 4594 fragilitatem
2923 4529 3118 4576 contra
3172 4521 3276 4577 hoc
3327 4521 3463 4578 mihi

1868 4614 2184 4685 subreptum
2212 4611 2395 4681 fuerit,
2456 4629 2580 4669 cum
2609 4614 2715 4669 hoc
2755 4627 3130 4685 recognovero
3157 4613 3471 4670 voluntarie

1872 4707 2003 4763 illud
2019 4706 2311 4764 emendare
2334 4707 2557 4764 curabo.
2594 4727 2615 4762 ι
2648 4705 2756 4764 Sed
2792 4715 2849 4764 et
2878 4707 2985 4763 alia
3029 4722 3098 4764 ex
3131 4707 3237 4765 hoc
3279 4705 3472 4764 ﬁrma-

1870 4803 1992 4868 stis,
2034 4816 2155 4874 quae
2182 4803 2274 4858 hic
2326 4817 2435 4858 non
2469 4803 2646 4873 posui.

1940 4894 2009 4950 Et
2039 4894 2307 4967 posthaec
2358 4895 2561 4960 omnia,
2625 4903 2682 4951 et
2706 4894 2853 4969 alia,
2883 4910 3006 4966 qua:
3047 4878 3192 4965 saepe
3221 4893 3473 4953 ﬁdelibus

1870 4987 2085 5053 vestris,
2126 4995 2184 5042 et
2209 4986 2375 5042 etiam
2426 4987 2481 5042 in
2532 4986 2833 5054 Carisiaco,
2883 4985 3101 5059 quando
3128 4988 3342 5043 veniam
3376 5004 3472 5060 pe-

1873 5084 2065 5143 tentes,
2117 5076 2184 5133 ab
2218 5076 2486 5148 episcopis
2534 5077 2627 5148 qui
2665 5075 2956 5132 adfuerunt
2984 5091 3176 5133 manus
3243 5077 3470 5150 imposi-

1875 5171 2077 5225 tionem
2116 5170 2419 5243 accepistis,
2452 5170 2584 5242 quin
2623 5178 2678 5225 et
2703 5168 2757 5224 in
2786 5168 2914 5224 villa
2954 5166 3185 5238 Breoua,
3214 5170 3468 5240 promisi-

1872 5266 1971 5322 stis
2007 5281 2190 5322 :nunc
2248 5272 2457 5321 tantam
2516 5263 2893 5321 Laudunensis
2943 5262 3210 5335 Ecclesia,
3261 5267 3372 5322 imo
3408 5267 3465 5326 in

1873 5376 1937 5417 ea
1971 5361 2150 5417 omnis
2179 5359 2420 5416 Ecclesia
2437 5346 2713 5428 jacturam
2761 5357 2985 5428 patitur,
3041 5367 3102 5413 ut
3128 5359 3273 5431 quod
3304 5368 3470 5418 antea

1871 5453 2175 5510 inauditum
2243 5460 2345 5516 est,
2417 5449 2631 5505 titulum
2707 5450 3123 5523 proscriptionis
3173 5452 3466 5522 sustineat,

1871 5556 2061 5603 contra
2092 5544 2308 5601 decreta
2332 5543 2574 5599 omnium
2605 5551 2921 5599 sanctorum
2967 5544 3345 5615 episcoporum
3373 5545 3468 5616 qui

1871 5638 1984 5694 sedi
2014 5633 2327 5708 apostolica:
2374 5632 2781 5705 praesederunt;
2815 5649 3044 5703 quorum
3084 5635 3325 5689 omnium
3363 5634 3465 5692 de-

1871 5738 2019 5788 creta
2054 5729 2144 5783 hic
2179 5727 2342 5782 nimis
2370 5734 2456 5783 est
2479 5726 2696 5798 longum
2724 5727 2990 5783 inserere.
3020 5724 3177 5783 Unde
3214 5727 3463 5800 quaedam

1870 5839 2034 5883 causa
2074 5820 2383 5893 compendii
2414 5820 2597 5877 studui
2644 5834 2869 5890 ponere.

1941 5917 2033 5974 Ait
2060 5915 2206 5986 enim
2252 5921 2472 5972 sancti»
2502 5912 2755 5971 Urbanus
2800 5928 2941 6003 papa
2965 5923 3025 5972 et
3072 5924 3305 6003 martyr,
3332 5914 3461 5977 hinc
