4010 6330
500 432 647 514 ints

1306 446 1638 506 HINCMARI
1676 448 1889 505 RHEM.
1929 410 2243 506 ARCHlEP.
2288 448 2648 506 OPUSCULA
2691 432 2920 507 VARIA.

3653 445 3802 501 105!

499 575 643 630 inter
670 578 863 626 caetera
887 568 1113 639 loquens
1143 585 1155 620 :
1186 584 1205 619 ι
1246 564 1583 624 innitendum
1630 574 1713 623 est
1755 554 2006 621 omnibus
2033 573 2088 621 et
2117 569 2165 628 Λ
2193 567 2502 622 consiurrat
2524 566 2860 637 judicatque,
2894 572 3182 620 serventur
3208 579 3221 617 :
3248 578 3366 635 qua:
3392 563 3559 620 etiam
3583 566 3823 636 ἀπερω-

503 665 736 724 tideliter
772 660 1206 728 custodiendum,
1238 668 1294 716 et
1316 659 1475 715 ullius
1502 656 1869 732 usurpationis
1915 666 2102 715 contu-

511 758 673 817 melia
728 756 1065 830 depellenda,
1133 768 1202 809 ne
1256 753 1456 826 praedia
1505 753 1696 808 usibus
1769 758 2102 809 secretorum

510 850 810 908 cmlestium
839 848 1038 913 dicata,
1084 861 1116 901 a
1155 845 1477 918 quibusdam
1523 845 1857 902 irruentibus
1908 859 2109 901 vexen-

508 951 638 997 tur:
673 940 814 1012 quod
844 940 887 995 si
914 940 1039 1011 quis
1089 938 1303 1005 fecerit,
1334 947 1456 1009 post
1476 938 1671 994 debitae
1696 934 1916 992 ultionis
1965 935 2107 990 acri-

511 1040 775 1103 moniam,
813 1054 932 1108 quae
958 1053 1087 1109 erga
1117 1036 1412 1108 sacrilegos
1428 1036 1551 1107 jure
1579 1034 1825 1105 ponenda
1850 1041 1951 1097 est,
1984 1046 2108 1103 per-

456 1124 473 1131 “
506 1142 667 1202 petua
706 1128 1280 1194 damnetur,iufamia,
1334 1137 1388 1184 et
1438 1127 1652 1185 carceri
1701 1127 1965 1192 tradatur,
2018 1122 2114 1180 aut

507 1223 697 1280 exsilio
747 1216 1018 1295 perpetuae
1063 1219 1426 1276 damnationis
1468 1221 1782 1291 deportetur
1813 1237 1826 1273 :
1854 1217 2110 1289 quoniam

504 1312 662 1384 juxta
685 1294 1001 1384 Apostolum
1024 1311 1240 1367 tradere
1259 1318 1474 1381 oportet
1494 1308 1801 1379 hujusmodi
1827 1294 2110 1364 hominem

519 1390 752 1469 Satanae,
789 1413 847 1459 ut
879 1404 1102 1474 spiritus
1133 1401 1315 1460 salvus
1340 1405 1409 1459 sit
1435 1403 1489 1459 in
1515 1403 1599 1459 die
1620 1403 1855 1458 Domini.
1889 1421 1909 1457 ι
1981 1421 2023 1458 ο,

532 1492 535 1495 ’
583 1496 815 1552 Sanctus
840 1511 1056 1566 quoque
1075 1490 1274 1549 Lucius
1307 1492 1559 1550 omnibus
1590 1493 1863 1566 episcopis
1895 1492 1951 1547 in
1992 1478 2112 1563 par?

512 1588 660 1644 tibus
684 1585 1141 1653 Occidentalibus,
1186 1594 1294 1641 tam
1324 1586 1377 1641 in
1413 1585 1625 1654 Galliis,
1654 1594 1899 1658 quamet
1925 1585 1978 1639 in
2008 1583 2105 1639 Hi-

519 1672 727 1749 spaniis
755 1675 1180 1734 consistentibus
1203 1676 1426 1749 scripsit
1452 1677 1637 1733 dicens
1673 1696 1685 1731 :
1737 1690 1758 1729 t
1802 1674 1912 1732 Res
1937 1674 2110 1731 eccle-

514 1771 720 1827 siarum
782 1777 1113 1837 vestrarum,
1158 1777 1213 1826 et
1273 1769 1575 1827 oblationes
1644 1768 1907 1837 ﬁdelium,
1974 1783 2112 1841 quas

514 1866 861 1938 signiﬁcastis
893 1883 924 1924 a
947 1867 1273 1940 quibusdam
1315 1865 1650 1922 irruentibus
1674 1864 1888 1932 vexari,
1931 1861 2112 1920 vobis—

2210 658 2374 713 samia
2408 665 2533 713 sunt
2553 658 2760 729 judicio
2802 666 2857 712 et
2906 664 3175 728 potestate
3206 655 3496 726 pontiﬁcis,
3528 659 3617 713 cui
3664 673 3817 712 coin-

2208 754 2405 810 missus
2431 762 2511 810 est
2536 752 2798 825 populus,
2836 762 2891 810 et
2919 752 3114 808 anima:
3162 768 3283 824 qua:
3325 748 3464 808 intra
3518 752 3816 809 ecclesiam

2210 854 2625 919 congregantur.
2661 866 2679 897 ›
2713 846 2780 901 Ει
2820 847 2986 900 item:
3022 865 3039 897 ‹
3071 844 3370 915 Episc0pus
3403 842 3819 901 ecclesiastica-

2211 951 2330 991 rum
2362 938 2763 993 rerumdiabeat
2784 944 3103 1006 potestatem
3127 935 3195 990 ad
3226 935 3658 1006 dispensandum
3689 952 3816 1007 erga

2211 1048 2401 1088 omnes
2422 1032 2515 1103 qui
2537 1030 2794 1102 indigent,
2820 1046 2944 1086 cum
2965 1045 3174 1087 summa
3201 1028 3505 1085 reverentia
3532 1036 3587 1084 et
3615 1029 3819 1087 timore

2212 1123 2328 1178 Dei.
2354 1122 2647 1194 Participet
2672 1129 2853 1177 autem
2874 1130 2930 1176 et
2950 1121 3064 1192 ipse
3085 1119 3284 1191 quibus
3307 1119 3534 1193 indiget,
3555 1119 3601 1177 si
3632 1130 3817 1176 tamen

2213 1217 2439 1290 indiget,
2469 1224 2578 1272 tam
2607 1216 2744 1282 suis,
2799 1206 2961 1286 quam
3007 1214 3234 1269 fratrum
3285 1214 3377 1285 qui
3409 1215 3478 1271 ab
3528 1230 3595 1272 eo
3636 1215 3817 1271 susci-

2212 1310 2457 1382 piuntur,
2508 1306 2832 1366 necessariis
2884 1305 3071 1364 usibus
3117 1304 3417 1378 profuturis
3447 1318 3506 1376 ι..
3552 1325 3575 1358 ι
3636 1304 3709 1361 Et
3737 1321 3819 1363 re-

2212 1400 2377 1473 liqua.
2884 1392 2889 1396 “

2284 1493 2352 1548 Ει
2379 1493 2722 1566 Gangrenses
2752 1505 2987 1551 canones
3019 1490 3202 1546 dicunt
3232 1508 3246 1544 :
3284 1508 3304 1542 ι
3346 1488 3404 1546 Si
3432 1490 3563 1561 quis
3588 1488 3821 1546 oblatio-

2215 1600 2316 1643 nes
2339 1585 2580 1642 ecclesiae
2605 1594 2760 1641 extra
2780 1583 3068 1640 ecclesiam
3093 1583 3340 1653 accipere
3359 1581 3449 1638 vel
3473 1583 3615 1639 dare
3641 1583 3819 1640 volue-

2213 1678 2308 1747 rit,
2348 1687 2546 1750 pr'.eter
2574 1677 2962 1733 conscientiam
2982 1679 3240 1750 episcopi,
3263 1675 3347 1732 vel
3375 1672 3497 1749 ejus
3521 1677 3613 1732 cui
3640 1676 3821 1746 hujus-

2215 1770 2427 1827 cemodi
2454 1767 2629 1827 cilicia
2656 1770 2946 1833 commissa
2976 1776 3124 1838 sunt,
3150 1785 3253 1825 nec
3277 1782 3400 1824 cum
3441 1768 3569 1839 ejus
3594 1768 3821 1824 voluerit

2216 1875 2378 1932 agere
2400 1862 2648 1928 consilio,
2674 1860 2963 1918 anathema
2992 1861 3081 1915 sit.
3114 1880 3133 1913 ι
3182 1860 3249 1915 Et
3284 1861 3414 1916 item
3464 1875 3482 1914 :
3541 1879 3561 1913 ι
3600 1861 3661 1918 Si
3706 1861 3819 1933 quis

517 1993 624 2063 que
651 1994 715 2036 ac
743 1980 990 2037 ecclesiis
1017 1981 1216 2039 vestris
1255 1979 1478 2047 auferri,
1518 1979 1889 2037 indubitanter
1935 1978 2108 2036 maxi-
2140 1951 2187 2012 Β
2214 1952 2449 2059 dederit.
2467 1953 2550 2010 vel
2604 1952 2900 2063 ξξοεξρετίι-
2922 1952 3103 2063 οξπθῑει
3132 1961 3333 2063 [inflet
3364 1954 3819 2063 episcopumzrel

518 2088 669 2130 mum
691 2082 776 2130 est
811 2082 1115 2146 peccatum.
1157 2094 1175 2128 ι
1205 2075 1273 2130 Et
1316 2082 1441 2146 post
1463 2089 1634 2145 pauca
1678 2092 1692 2129 :
1732 2092 1752 2126 ε
1809 2073 1914 2142 Qui
1966 2072 2113 2144 rapit

516 2166 807 2238 pecuniam
827 2167 1059 2238 proximi
1091 2167 1196 2232 sui,
1220 2166 1564 2237 iniquitatem
1592 2165 1723 2221 facit
1758 2184 1770 2220 :
1804 2166 1900 2236 qui
1928 2175 2110 2222 autem

515 2259 779 2331 pecunias
832 2254 918 2315 vel
958 2273 1047 2315 res
1087 2257 1493 2315 ecclesiasticas
1530 2256 1733 2324 tulerit,
1765 2254 2111 2327 sacrilegium

519 2353 672 2411 facit.
722 2351 876 2410 Unde
917 2359 974 2409 et
1015 2350 1206 2419 ludas,
1244 2352 1337 2422 qui
1364 2352 1651 2423 pecuniam
1681 2350 1951 2407 fraudavit
1989 2364 2113 2420 qua:

515 2447 706 2503 usibus
731 2446 1018 2512 Ecclesiae,
1053 2446 1106 2501 id
1154 2454 1239 2500 est
1287 2445 1638 2515 pauperibus,
1686 2459 1823 2515 quos
1867 2443 2112 2500 Ecclesia

517 2551 746 2610 pascere
775 2536 957 2602 debet,
1004 2532 1541 2604 distribuebetjussu
1588 2534 1910 2600 Salvatoris,
1956 2532 2112 2603 cujus

518 2631 695 2688 vicem
726 2631 964 2703 episcopi
1013 2639 1222 2694 tenent,
1258 2645 1369 2686 non
1398 2628 1572 2686 solum
1604 2628 1715 2695 fur,
1776 2628 1873 2686 sed
1918 2636 1975 2685 et
2026 2627 2115 2683 fur

448 2733 463 2742 ’
529 2726 829 2797 sacrilegus
880 2732 967 2781 est
1011 2723 1257 2781 eifectus.
1289 2743 1307 2775 ι
1356 2723 1426 2780 Et
1478 2723 1608 2779 item
1632 2730 1757 2794 post
1798 2721 2111 2792 aliquanta:

530 2833 553 2869 ι
571 2814 710 2872 'Haec
736 2815 855 2873 ﬁeri
883 2816 1185 2887 prophetae,
1208 2814 1325 2871 haec
1350 2814 1600 2885 apostoli,
1630 2813 1748 2869 haec
1770 2826 2115 2869 successores

524 2921 755 2975 eorum,
813 2915 870 2964 et
921 2909 1164 2965 omnium
1218 2907 1608 2963 catholicorum
1652 2904 1875 2960 Patrum
1934 2909 2118 2959 vetant

524 3002 764 3067 decreta,
791 3009 848 3057 et
872 3000 1008 3056 tales
1032 3000 1482 3070 praesumptiones
1536 2996 1819 3068 sacrilegia
1871 3009 1992 3051 esse
2029 2994 2118 3062 ju-

527 3092 732 3149 dicant.
756 3091 1001 3160 Quorum
1030 3106 1129 3147 nos
1152 3100 1442 3162 sequentes
1469 3088 1737 3159 exempla,
1766 3100 1957 3144 omnes
1982 3084 2118 3142 tales

523 3192 968 3258 praesumptores,
1006 3191 1062 3238 et
1087 3184 1344 3240 Ecclesiae
1385 3193 1658 3254 raptores,
1697 3191 1862 3254 atque
1892 3196 2113 3238 suarum

528 3276 845 3333 facultatum
877 3272 1221 3343 alienatores,
1275 3291 1380 3332 una
1430 3276 1708 3332 vobiscum
1760 3290 1791 3330 a
1840 3272 2117 3330 liminibus

529 3378 731 3429 sancta:
759 3371 951 3428 matris
990 3370 1245 3428 Ecclesiae
1291 3354 1776 3427 anathematizatos
1816 3366 2114 3441 apostolica

531 3464 853 3539 auctoritate
873 3460 1147 3536 pellimus,
1170 3471 1225 3520 et
1262 3462 1605 3531 damnamus,
1635 3472 1799 3535 atque
1828 3460 2122 3532 sacrilegos

528 3572 651 3613 esse
696 3555 1026 3626 iudicamus.
1058 3550 1127 3610 Et
1156 3571 1262 3612 non
1310 3555 1484 3612 solum
1518 3570 1630 3620 eos,
1680 3555 1775 3612 sed
1827 3562 1886 3610 et
1932 3567 2123 3610 omnes

538 3656 944 3705 consentientes
971 3638 1072 3712 eis,
1126 3640 1253 3719 quia
1295 3663 1403 3703 non
1434 3647 1607 3702 solum
1636 3647 1727 3717 qui
1757 3644 1985 3712 faciunt,
2041 3645 2121 3701 rei

528 3738 862 3810 iudicantur,
892 3737 988 3796 sed
1024 3738 1190 3794 etiam
1239 3738 1333 3810 qui
1384 3737 1706 3795 facientibus
1753 3737 2122 3795 consentiunt.

533 3831 641 3899 Par
687 3832 833 3887 enim
867 3845 1029 3903 pinna
1077 3838 1133 3887 et
1178 3840 1399 3903 agentes
1424 3840 1480 3888 et
1524 3830 1924 3888 consentientes
1971 3834 2123 3886 eom-

533 3922 843 3995 prehendit.
886 3941 908 3976 ι

603 4017 672 4072 Et
694 4022 916 4073 sanctus
959 4008 1268 4085 Stephanus
1312 4029 1455 4087 papa
1494 4023 1551 4072 et
1579 4024 1790 4086 martyr
1830 4028 1844 4068 :
1880 4031 1899 4065 ι
1950 4010 2121 4081 Quid-

530 4108 658 4181 quid
711 4109 769 4164 in
797 4107 1029 4165 sacratis
1086 4109 1198 4164 Deo
1248 4108 1436 4174 rebus,
1486 4116 1542 4162 et
1598 4105 1866 4179 episcopis
1924 4105 2124 4176 injuste

533 4202 733 4276 agitur,
761 4215 861 4273 pro
885 4198 1173 4273 sacrilegio
1199 4201 1561 4272 reputabitur.
1609 4218 1627 4253 ι

602 4293 672 4348 Ει
697 4294 827 4365 quia
855 4292 1117 4364 scriptum
1142 4301 1232 4348 est
1262 4310 1275 4347 :
1309 4290 1380 4346 In
1431 4308 1520 4346 ore
1565 4292 1795 4346 duorum
1851 4290 1928 4346 vel
1963 4292 2123 4346 trium

530 4383 742 4441 testium
772 4383 927 4440 stabit
964 4400 1116 4440 omne
1139 4385 1349 4439 verbum
1380 4382 1597 4455 (Matth.
1653 4382 1833 4456 xvm),
1867 4398 1966 4454 pro
2002 4398 2125 4459 rom-

532 4475 684 4530 nium
718 4468 825 4532 hoc
863 4472 1115 4531 similiter
1168 4473 1576 4530 decernentium
1630 4474 1777 4529 sedis
1817 4472 2126 4544 apostoliccc

533 4564 850 4636 pontiﬁcum
867 4565 1100 4621 decretis
1116 4565 1216 4620 ista
1239 4567 1338 4621 tria
1355 4565 1645 4620 luminaria
1673 4566 1743 4620 ad
1770 4558 2123 4621 illuminanda

534 4656 703 4712 corda
749 4671 937 4712 eorum
988 4656 1082 4727 qui
1125 4657 1180 4711 in
1226 4656 1396 4712 Deum
1423 4657 1654 4712 credunt
1676 4666 1731 4712 et
1750 4655 1905 4724 jussa
1956 4665 2121 4729 atque

534 4742 793 4803 mandata
830 4740 972 4803 illius
999 4746 1280 4803 custodire
1310 4744 1643 4813 desiderant,
1688 4745 1933 4803 sufﬁcere
1962 4763 2122 4819 posse

533 4849 809 4927 putamus.
840 4841 1121 4915 Episcopis
1151 4852 1329 4899 autem
1360 4860 1447 4900 res
1474 4861 1539 4901 ac
1560 4843 1847 4901 facultates
1867 4844 2125 4902 ecclesia-

534 4928 722 5019 sticas,
752 4928 964 4991 Domini
988 4944 1043 4992 et
1072 4936 1439 5009 apostolorum
1470 4937 1586 5008 ejus
1612 4937 1923 5003 traditione,
1954 4935 2126 5008 ipsius

538 5039 742 5084 sancta:
768 5038 824 5085 et
859 5028 1049 5101 prima:
1099 5028 1243 5088 sedis
1282 5046 1472 5087 omnes
1506 5030 1791 5102 pontifices
1834 5031 2127 5087 commise-

538 5127 684 5174 runt.
713 5114 790 5174 De
818 5120 1012 5192 quibus
1038 5130 1259 5193 propter
1285 5121 1652 5194 prolixitatem
1683 5123 1884 5195 operis,
1913 5132 1968 5178 et
1997 5125 2121 5179 bre-

538 5220 766 5268 v1tatem
793 5214 1079 5287 temporis,
1101 5224 1158 5269 et
1176 5213 1568 5279 festinantiam,
1599 5214 1703 5269 hac
1729 5214 1797 5270 ad
1831 5231 1928 5271 vos
1952 5224 2131 5271 trans-

538 5302 817 5362 missionis
846 5302 1185 5374 collectione,
1242 5307 1333 5364 hic
1385 5308 1543 5365 omisi
1591 5316 1940 5377 connectere,
1967 5319 2022 5365 et
2076 5310 2129 5366 in

539 5395 655 5453 suis
704 5395 864 5466 locis,
927 5397 973 5453 si
1038 5398 1194 5454 vobis
1257 5396 1454 5470 placet,
1505 5384 1741 5472 potestis
1800 5416 1869 5457 ex
1923 5400 2134 5474 integro

544 5487 749 5564 legere.

614 5578 725 5639 Sed
756 5590 813 5639 et
843 5582 1164 5641 Antiochenl
1193 5599 1448 5651 canones,
1489 5589 1565 5643 ita
1599 5588 1723 5645 inde
1768 5589 2129 5661 praecipiunt:

459 5737 462 5741 .
548 5687 570 5722 ι
602 5670 732 5740 Qum
757 5683 882 5729 sunt
911 5672 1174 5745 ecclesiae,
1221 5676 1322 5733 sub
1345 5678 1492 5735 omni
1526 5676 1887 5737 sollicitudine
1925 5689 1981 5739 et
2004 5697 2134 5739 con-

462 5812 474 5829 ,“
546 5762 773 5818 scientia
791 5766 953 5833 bona,
1002 5778 1059 5823 et
1093 5768 1197 5825 fide
1222 5784 1342 5840 quae
1371 5771 1424 5825 in
1452 5768 1623 5828 Deum
1663 5782 1764 5841 est,
1795 5772 1887 5844 qui
1937 5784 2131 5830 cuncta

450 5862 514 5973 ίξ
622 5906 649 5973 ει
690 5894 1134 5973 Antioch.
1159 5920 1249 5959 an.
1281 5905 1408 5969 δυ,
1436 5921 1557 5961 can.
1587 5908 1659 5961 et
1693 5909 1865 5964 διεδ.

468 5964 510 5991 ·“
625 5964 653 6005 ι)
694 5965 861 6021 Cone.
888 5965 1212 6037 Gangrens.,
1242 5990 1331 6029 an.
1361 5964 1486 6042 5‘25,
1513 5992 1633 6033 can.
1670 5979 1699 6031 7
1733 5987 1788 6034 et
1810 5981 1861 6039 8.

2153 4707 2203 4767 D

2212 2061 2336 2102 eum
2359 2046 2450 2117 qui
2474 2045 2800 2103 constitutus
2822 2054 2907 2101 est
2927 2046 2995 2100 ab
3020 2060 3086 2100 eo
3115 2044 3182 2100 ad
3205 2044 3638 2115 dispensandam
3672 2047 3821 2102 mise-

2213 2135 2504 2193 ricordiam
2527 2137 2889 2209 pauperibus;
2916 2144 2971 2192 et
2996 2135 3088 2208 qui
3112 2135 3226 2202 dat,
3248 2144 3305 2193 et
3325 2136 3423 2210 qui
3449 2137 3676 2213 accipit,
3702 2152 3821 2192 ana-

2215 2230 2398 2287 thema
2428 2232 2500 2287 sit
2526 2230 2579 2285 ι).
2618 2248 2638 2284 ι

2284 2323 2354 2379 Et
2368 2324 2506 2380 adeo
2521 2337 2609 2382 res
2635 2332 2691 2380 et
2712 2322 2997 2381 facultates
3018 2320 3261 2381 ecclesia:
3274 2322 3540 2396 potestati
3568 2322 3818 2394 episcopi,

2216 2425 2405 2473 sancto
2432 2416 2638 2489 Spiritu
2660 2416 2986 2475 decernente
3005 2417 3423 2475 committuntur
3447 2435 3462 2471 :
3493 2425 3607 2471 uta
3637 2432 3817 2486 magna

2216 2507 2424 2581 synodo
2454 2507 2902 2576 Chalcedonensi,
2933 2509 3096 2565 etiam
3136 2515 3258 2580 post
3289 2516 3533 2565 mortem
3563 2507 3818 2579 episcopi,

2218 2601 2460 2659 redditus
2485 2602 2733 2659 ecclesia:
2750 2602 2985 2659 viduatae
3002 2601 3184 2659 futuro
3205 2602 3465 2674 episcopo
3486 2616 3665 2672 penes
3684 2615 3820 2673 mro-

2217 2711 2441 2751 nomum
2464 2694 2706 2766 ejusdem
2735 2694 2976 2753 ecclesiae
3009 2696 3220 2766 integre
3255 2696 3575 2751 conservari
3608 2694 3822 2764 jubean-

2217 2797 2308 2845 tur
2341 2801 2388 2845 ο.
2442 2787 2518 2845 De
2562 2789 2759 2861 quibus
2796 2790 2910 2845 sive
2954 2788 3203 2864 vivente,
3255 2787 3370 2843 sive
3419 2784 3684 2842 defuncto
3716 2784 3821 2856 epi~

2220 2897 2402 2953 scopo,
2435 2881 2744 2953 quicunque
2773 2896 3097 2952 quocunque
3132 2880 3375 2951 ingenio,
3400 2879 3548 2934 unde
3569 2890 3823 2950 gravetur

2221 2972 2473 3039 ecclesia,
2506 2988 2603 3042 per
2628 2973 2879 3046 angarias
2910 2970 2995 3029 vel
3046 2972 3315 3029 indebitas
3364 2970 3664 3043 pensiones
3708 2969 3817 3024 exi.

2220 3075 2375 3139 gunt,
2402 3068 2520 3123 sine
2545 3067 2740 3122 timore
2766 3082 2834 3121 ne
2859 3064 3200 3137 sacrilegium
3228 3063 3529 3120 admittant
3557 3078 3682 3119 esse
3716 3077 3821 3116 non

2222 3144 2487 3229 posSunt:
2524 3159 2739 3215 etiamsi
2786 3158 3051 3215 violenter
3094 3174 3201 3213 non
3233 3158 3469 3227 rapiant,
3524 3158 3621 3212 sed
3671 3154 3821 3226 quasi

2222 3250 2473 3322 prudenti
2490 3252 2706 3324 ingenio
2732 3248 2930 3323 injuste
2953 3250 3253 3320 accipiant;
3279 3265 3404 3306 cum
3421 3264 3521 3305 eos
3546 3250 3822 3308 conscien-

2146 3329 2195 3396 C
2228 3346 2299 3401 tia
2319 3358 2642 3417 quacunque
2656 3344 2875 3401 sinistra
2892 3345 3189 3400 intentione
3214 3344 3267 3399 in
3285 3352 3584 3416 conspectu
3611 3340 3816 3397 Domini

2224 3444 2322 3492 eor
2350 3437 2611 3492 intuentis
2633 3446 2870 3492 accuset.
2894 3434 3201 3492 Praesertim
3225 3450 3347 3490 cum
3371 3432 3620 3490 Joannes
3642 3434 3813 3489 dicat:

2230 3549 2251 3584 ι
2277 3528 2336 3587 Si
2360 3547 2451 3585 cor
2470 3539 2705 3586 nostrum
2727 3546 2831 3585 non
2854 3530 3239 3600 reprehenderit
3275 3545 3365 3585 nos
3387 3527 3578 3600 major
3597 3537 3672 3582 est
3692 3526 3819 3581 Deus

2224 3623 2378 3678 corde
2401 3632 2603 3689 nostra,
2627 3632 2675 3678 et
2702 3624 2841 3677 novit
2869 3622 3045 3677 omnia
3077 3621 3128 3695 (l
3152 3622 3313 3676 Joan.
3336 3620 3442 3693 in).
3480 3620 3550 3675 Et
3585 3616 3817 3675 Paulus:

2227 3714 2380 3771 Nihil
2408 3717 2535 3772 mihi
2558 3712 2797 3771 conscius
2825 3731 2961 3782 sum,
2997 3714 3088 3770 sed
3115 3730 3219 3769 non
3260 3714 3314 3768 in
3362 3713 3459 3768 hoc
3492 3713 3823 3785 jastiﬁcatu

2223 3825 2352 3863 sum.
2393 3808 2497 3876 Qui
2525 3818 2700 3864 autem
2730 3808 3059 3877 iudicatote,
3082 3802 3338 3861 Dominus
3362 3815 3438 3860 est
3483 3803 3533 3876 (1
3570 3804 3698 3861 Cor.
3725 3806 3820 3877 tv).

2227 3898 2285 3956 Si
2316 3900 2535 3970 quidem
2559 3899 2771 3956 dicente
2799 3897 2968 3955 Paulo
2995 3918 3008 3954 :
3057 3898 3365 3964 Sustinctis,
3399 3898 3448 3952 si
3494 3899 3611 3968 quis
3638 3898 3824 3967 accipit

2227 3990 2313 4064 (11
2341 3992 2464 4047 Cor.
2494 3992 2598 4064 Il),
2621 3992 2891 4064 accipere,
2916 3998 2975 4045 ut
3024 3990 3249 4061 exponit
3291 3988 3613 4063 Gregorius,
3660 3991 3824 4045 inter-

2227 4087 2353 4161 dum
2408 4080 2991 4156 intelligitur'rapere,
3052 4082 3193 4140 unde
3245 4092 3301 4141 et
3355 4100 3485 4139 aves
3538 4081 3647 4139 illa:
3710 4097 3824 4155 quia

2230 4180 2502 4252 rapicndis
2554 4187 2681 4236 sunt
2734 4178 2925 4236 avibus
2975 4179 3146 4236 avida:
3177 4221 3193 4249 ,
3267 4179 3558 4252 accipitres
3626 4194 3821 4236 vocan-

2231 4280 2334 4328 tur.
2382 4289 2401 4324 ι

2298 4363 2480 4421 Claret
2507 4379 2742 4436 namque
2768 4378 2835 4421 ex
2881 4364 3090 4438 legibus
3123 4354 3281 4439 “quas
3324 4367 3522 4438 probat
3563 4360 3821 4433 Ecclﬁia,

2228 4456 2345 4529 ejus
2394 4458 2747 4528 inspiratione
2801 4457 3072 4529 prolatis,
3126 4476 3223 4531 per
3276 4475 3442 4532 quem
3512 4461 3821 4518 conditores

2228 4550 2407 4623 legum
2431 4550 2576 4619 justa
2604 4552 2924 4619 decernunt,
2956 4556 3011 4608 et
3036 4568 3103 4609 ex
3141 4554 3312 4608 sacris
3343 4554 3671 4623 canonibus,
3703 4555 3820 4625 quia

2228 4637 2417 4699 contra
2444 4645 2623 4700 divina
2647 4644 2799 4714 juSsa
2822 4656 2923 4714 est,
2951 4640 3265 4718 episcopum
3290 4662 3414 4702 cum
3448 4646 3619 4704 rebus
3660 4656 3712 4703 et
3750 4646 3821 4701 [a-

2229 4736 2518 4793 cultatibus
2544 4737 2787 4793 ecclesia:
2810 4754 2919 4815 sum
2936 4739 3093 4795 titulo
3119 4739 3531 4811 proscriptionis
3557 4740 3820 4804 damnari,

2231 4832 2323 4905 qui
2354 4833 2495 4888 hanc
2541 4840 2863 4903 potestatem
2917 4832 3174 4888 divinitus
3215 4848 3315 4905 per
3363 4844 3554 4890 sacros
3594 4848 3820 4889 canones

2233 4925 2416 4991 habet,
2452 4925 2507 4979 in
2538 4924 2734 4996 quibus
2755 4925 3033 4981 decretum
3062 4932 3145 4979 est
3175 4943 3187 4979 :
3221 4942 3238 4976 ι
3270 4922 3328 4979 Si
3350 4924 3475 4995 quis
3495 4924 3563 4980 de
3591 4925 3819 4996 potenti-

2232 5017 2334 5073 bus
2354 5017 2635 5083 clericum,
2683 5026 2777 5073 aut
2809 5017 3105 5089 quemlibet
3136 5019 3541 5090 pauperiorem,
3573 5027 3665 5071 aut
3705 5018 3821 5070 reti.

2234 5111 2445 5182 giOsum
2461 5111 2863 5181 exspoliaverit,
2893 5120 2947 5165 et
2966 5111 3305 5165 mandaverit
3330 5109 3398 5164 ad
3427 5110 3607 5181 ipsum
3623 5109 3821 5180 episco-

2236 5220 2338 5276 pus
2372 5212 2431 5258 ut
2453 5219 2576 5260 eum
2603 5203 2809 5269 audiat,
2838 5212 2894 5258 et
2923 5203 3011 5257 nic
3048 5203 3403 5272 contempsit;
3440 5202 3670 5258 invicem
3702 5214 3817 5255 mox

2237 5300 2436 5368 scripta
2505 5306 2829 5367 percurrent
2879 5313 2978 5369 per
3034 5313 3221 5353 omnes
3274 5297 3571 5369 provincia:
3618 5295 3818 5365 episco-

2234 5406 2372 5464 pos,
2436 5399 2491 5448 et
2537 5406 2887 5463 quoscunque
2939 5390 3089 5448 adire
3137 5388 3424 5463 potuerit,
3494 5400 3556 5444 ut
3609 5403 3819 5445 excom-

2239 5486 2875 5553 municatusghabeatur,
2923 5485 3098 5543 donec
3143 5485 3327 5541 audiat
3355 5494 3411 5540 et
3441 5472 3658 5540 'reddat
3700 5481 3821 5536 alie-

2239 5596 2307 5636 na
2336 5578 2386 5635 ἀ.
2430 5601 2448 5633 ι
2734 5563 2744 5573 ’

2308 5675 2409 5743 Qui
2434 5690 2559 5732 vero
2588 5676 2875 5749 episcopus
2906 5676 3131 5749 quilibet
3154 5648 3220 5733 ex
3241 5675 3432 5733 ordine
3455 5672 3818 5741 ecclesiastico

2236 5766 2388 5834 cleri,
2418 5770 2607 5826 relicto
2634 5769 3005 5827 ecclesiastico
3030 5770 3237 5843 judicio
3273 5772 3339 5827 ad
3379 5769 3596 5841 publica
3622 5766 3815 5839 judicia

2314 5916 2336 5945 ο
2377 5904 2545 5962 Cone.
2576 5906 2929 5975 Chalcedon.,
2964 5923 3086 5963 can.
3119 5909 3211 5965 25.

2309 5975 2336 6016 ἀ
2375 5977 2540 6035 Conc.
2573 5976 2770 6049 Tolet.,
2800 5994 2889 6035 an.
2918 5980 3191 6047 400.cau.
3218 5979 3306 6037 ll.
