4010 6330
248 375 391 437 1045

1116 367 1265 429 uno
1303 366 1660 430 ECCLESLE
1698 354 2142 462 LIaEn'rayun
2186 366 2636 428 nersusronn.

3383 373 3525 432 1046

239 488 322 543 ire
353 499 461 541 non
503 482 717 550 debeat,
764 481 963 538 Paulus
1003 476 1278 554 apostolus
1326 482 1590 554 Spiritum
1617 481 1830 538 Domini
1858 484 1910 547 Α
1937 482 2059 547 sati,
2087 482 2201 537 sive
2222 480 2313 538 ille
2339 483 2586 539 sublimis
2608 483 2694 539 vir
2714 482 2958 552 honoris,-
2986 485 3102 542 sire
3126 485 3287 543 ullius
3304 486 3530 544 alterius

238 574 449 633 habens
474 570 694 632 Chris'to
725 568 780 630 in
805 589 862 631 se
885 573 1137 646 loquente
1159 572 1375 631 fortiter
1398 574 1677 648 perhibet;
1727 588 1834 645 qua

236 670 501 728 nimirum
526 667 849 723 auctoritate
878 682 1115 725 canones
1139 668 1618 739 Carthaginienses
1643 665 1836 737 pracci-

234 762 399 834 piunt
425 760 709 816 dicentes:
767 777 786 810 r
821 758 1075 831 Quisquis
1117 760 1515 832 episcoporum,
1559 758 1837 831 presbyte-

238 866 449 931 rorum,
474 858 530 905 et
553 848 926 916 diaconorum,
947 867 1041 908 seu
1068 850 1413 918 clericorum,
1437 867 1561 908 cum
1585 852 1640 907 in
1662 842 1836 907 eccle-

238 942 321 998 sia
361 942 410 998 ei
460 941 625 998 fuerit
675 944 881 999 crimen
940 944 1269 1013 institutum,
1316 944 1401 1001 vel
1447 942 1624 1002 divilis
1667 956 1832 1002 causa

238 1032 724 1100 fueritcommota,
766 1035 811 1089 si
855 1033 1046 1091 relicto
1089 1034 1705 1105 ecclesiasticojndicio,
1734 1046 1834 1105 pu-

233 1122 398 1180 blicis
447 1123 667 1195 judiciis
718 1140 955 1199 purgare
1004 1126 1255 1194 voluerit,
1315 1126 1529 1185 etiamsi
1581 1142 1680 1200 pro
1714 1124 1833 1200 ipso

232 1213 405 1271 fuerit
425 1216 634 1287 prolata
658 1218 950 1288 sententia,
985 1219 1163 1277 locum
1191 1234 1347 1277 suum
1376 1218 1610 1288 amittat,
1647 1220 1703 1277 et
1728 1222 1831 1277 hoc

232 1298 291 1362 in
319 1308 621 1378 criminali';
670 1311 723 1367 in
769 1304 913 1368 civili
965 1314 1095 1370 vero
1122 1316 1333 1386 perdat,
1366 1315 1511 1387 quod
1560 1312 1744 1381 evicit,
1781 1314 1828 1370 sl

230 1400 417 1457 locum
454 1419 610 1462 suum
653 1405 901 1463 obtinere
943 1408 1277 1465 maluerit‘n.
1332 1428 1352 1463 ι
1401 1408 1471 1465 Ει
1509 1402 1828 1465 Africanum

228 1494 529 1553 concilium
586 1518 599 1554 :
659 1519 678 1553 ι
716 1499 1034 1574 Quicunque
1082 1503 1312 1577 (scilicet
1358 1502 1722 1578 clericorum),
1758 1505 1826 1560 ab

227 1586 566 1660 imperatore
593 1594 956 1668 cognitionem
987 1597 1314 1670 judiciorum
1346 1597 1684 1670 publicorum
1731 1600 1827 1669 pe-

230 1681 406 1750 tierit,
434 1683 640 1742 honore
664 1689 884 1761 proprio
920 1690 1193 1761 privetur;
1228 1691 1273 1747 si
1310 1700 1491 1748 autem
1520 1691 1824 1763 episcOpale

1942 574 2239 646 dignitatis,
2271 575 2363 645 qui
2394 577 2498 632 hoc
2527 591 2697 648 genus
2738 576 3066 635 illaudabilis
3100 579 3417 637 intentionis
3438 596 3528 638 ar-

1941 665 2123 736 ripiet,
2156 668 2371 724 noverit
2405 668 2648 725 docenda
2692 668 3123 741 probationibus,
3169 674 3527 731 monstranda

1939 758 2281 815 documentis
2309 773 2369 815 se
2391 760 2588 817 debere
2614 760 2837 818 inferre.
2886 762 2944 818 Si
2987 764 3115 835 quis
3163 772 3296 835 ergo
3336 772 3533 824 contra

1939 851 2249 921 hujusmodi
2279 866 2541 922 personas
2568 868 2676 909 non
2704 855 2982 924 probanda
3024 856 3303 923 detulerit,-
3332 865 3525 913 aucto-

1937 942 2098 998 ritate
2141 942 2301 1014 hujus
2342 943 2639 999 sanctionis
2685 945 2948 1017 intelligat
2990 962 3050 1003 se
3094 946 3324 1017 iacturae
3368 946 3528 1003 famae

1936 1034 2169 1104 propria
2199 1033 2521 1105 subjaeere:
2560 1041 2620 1090 ut
2666 1033 2866 1092 danmo
2891 1037 3116 1107 pudoris
3163 1039 3527 1095 existimatio-

1936 1126 2130 1199 nisque
2178 1129 2460 1200 dispendio
2494 1127 2668 1184 discat
2716 1127 2818 1184 sibi
2845 1129 3035 1184 alienm
3064 1131 3403 1187 verecundia!
3430 1130 3532 1186 im-

1936 1232 2081 1291 pune
2107 1220 2376 1285 insidiari,
2399 1220 2591 1276 saltem
2618 1220 2688 1276 de
2715 1226 2934 1285 caetero,
2966 1228 3076 1277 non
3118 1220 3302 1277 licere.
3342 1240 3362 1275 t
3394 1220 3531 1291 Qum

1937 1311 2027 1367 sit.
2047 1319 2227 1369 autem
2248 1312 2462 1382 jactura
2501 1314 2742 1371 infamia!
2774 1315 3033 1385 propria,
3082 1330 3204 1387 qua
3255 1314 3364 1371 sint
3398 1329 3527 1385 per-

1936 1422 2083 1463 sonae
2121 1407 2373 1473 infames,
2428 1407 2576 1480 leges
2603 1420 2862 1476 romana,
2907 1422 2975 1465 ac
3010 1410 3271 1474 canones,
3318 1406 3418 1463 sed
3469 1412 3529 1461 et

1935 1499 2154 1554 decreta
2180 1499 2324 1554 sedis
2354 1510 2612 1568 romanae,
2638 1499 2957 1571 pontiﬁcum
2978 1499 3258 1556 muheties
3282 1496 3412 1554 inde
3441 1493 3529 1553 le-

1931 1597 2161 1660 quentes
2188 1594 2481 1660 exponunt.

2003 1682 2150 1739 Inter
2177 1695 2315 1754 quos
2336 1684 2529 1739 beatus
2568 1682 2881 1754 Stephanus
2918 1690 3112 1741 saneto
3147 1682 3358 1740 llilario
3382 1681 3527 1739 scri-

217 1770 497 1847 judicium
542 1780 609 1834 ab
638 1780 963 1850 imperatore
1008 1782 1400 1854 postulaverit,
1450 1784 1587 1841 nihil
1623 1783 1675 1841 ei
1721 1782 1821 1842 ob-

1935 1777 2086 1846 hens,
2114 1778 2188 1834 ita
2217 1776 2391 1834 dicit:
2427 1793 2446 1830 ι
2479 1778 2636 1845 Quod
2669 1792 2800 1835 vero
2820 1778 3142 1835 consuluisti
3170 1779 3357 1835 sedem
3392 1789 3527 1848 apo-

226 1865 310 1922 sit
339 1865 390 1922 ιι.
440 1888 460 1922 ι

307 1958 459 2029 Quod
483 1962 729 2051 etleges,
767 1966 963 2038 quibus
986 1984 1109 2027 cum
1144 1971 1315 2053 sacris
1364 1970 1666 2031 canonibus
1705 1974 1830 2031 san-

222 2057 319 2107 cta
378 2052 692 2113 moderatur
734 2052 996 2131 Ecclesia,
1028 2062 1103 2118 ita
1146 2064 1199 2119 in
1245 2060 1455 2122 decimo
1507 2062 1660 2124 sexto
1689 2064 1830 2124 libro

223 2134 625 2206 Theudosianas
678 2146 814 2225 legis
859 2155 1205 2225 conﬁrmant,
1239 2159 1519 2217 sanciente
1565 2161 1830 2219 Constan-
1868 2216 1873 2227 ,

226 2240 370 2307 tino,
393 2240 637 2300 dicentes
662 2260 677 2300 :
709 2265 727 2298 ι
757 2245 1208 2319 Mansuetudinis,
1240 2252 1438 2323 inquit,
1481 2262 1683 2310 nostra:
1712 2254 1828 2326 lege

220 2335 600 2406 prohibemus,
631 2339 684 2395 in
708 2337 931 2411 judiciis
957 2343 1242 2418 episcopos
1264 2347 1544 2414 accusari;
1576 2364 1666 2415 ne,
1699 2349 1826 2404 dum

220 2426 296 2480 ad
331 2426 512 2486 futura
565 2431 805 2507 ipsorum
836 2434 1102 2494 beneflcio
1147 2438 1444 2510 impunitas
1498 2443 1825 2511 aestimatur,

219 2519 399 2577 libera
431 2520 501 2606 sit
531 2522 596 2580 ad
636 2529 942 2601 arguendos
971 2546 1065 2587 eos
1096 2532 1293 2589 animis
1337 2530 1622 2590 furialibus
1648 2535 1822 2606 copia.

219 2608 287 2666 Si
323 2604 453 2683 quid
481 2624 562 2669 εει
586 2616 749 2689 igitur
772 2616 1138 2689 querelarum,
1158 2623 1299 2693 quod
1321 2624 1590 2695 quispiam
1615 2604 1822 2691 defert;

215 2705 371 2777 apud
396 2707 532 2764 alios
553 2706 900 2780 potissimum
921 2713 1203 2784 episcopos
1232 2717 1488 2771 convenit
1519 2717 1824 2787 explorari:

218 2797 287 2854 ut
316 2809 624 2871 opportuna
662 2796 825 2874 atque
849 2806 1135 2860 commoda
1160 2816 1478 2862 cunctorum
1511 2808 1826 2878 quazstioni-

215 2890 327 2947 bus
378 2893 653 2950 audientia
705 2897 1092 2955 commodctur.
1137 2919 1156 2952 ι
1182 2899 1250 2956 Ει
1279 2901 1655 2973 interpretatio
1682 2904 1826 2975 ejus-

216 2984 352 3040 dem
400 2984 531 3059 legis
561 3007 572 3043 :
618 3007 637 3041 ‹
670 2988 992 3059 Specialiter
1017 2993 1355 3066 prohibetur,
1390 3012 1457 3051 ne
1484 2996 1606 3068 quis
1628 2998 1824 3054 audeat

217 3080 369 3152 apud
390 3079 602 3150 jndices
652 3084 892 3154 publicos
942 3087 1256 3159 episcopum
1303 3105 1581 3157 accusare,
1630 3092 1721 3147 sed
1769 3092 1823 3148 in

222 3170 605 3241 episcoporum
638 3174 967 3230 audientiam
998 3176 1241 3248 perferre
1269 3194 1378 3234 non
1423 3178 1634 3236 differat
1663 3180 1822 3252 quid-

1853 1869 1904 1930 B
1932 1871 2200 1939 stolicam;
2230 1873 2322 1942 qui
2358 1871 2468 1928 sint
2495 1871 2748 1941 infames,
2780 1882 2874 1930 aut
2898 1874 2993 1945 qui
3024 1875 3093 1930 ad
3119 1873 3321 1945 gradus
3343 1870 3523 1929 eccledi

1933 1965 2185 2022 siasticos
2216 1980 2325 2021 non
2351 1964 2463 2021 sint
2484 1966 2830 2033 admittendi,
2860 1974 2917 2022 et
2955 1980 3118 2022 nosse
3144 1973 3201 2021 te
3232 1963 3533 2027 credimm

1931 2067 1989 2116 et
2013 2070 2113 2130 pro
2141 2058 2466 2114 auctoritate
2499 2057 2643 2115 sedis
2675 2057 2977 2129 apostoiica
3007 2067 3060 2113 te
3089 2055 3387 2112 informare
3418 2060 3533 2111 non

1932 2153 2281 2225 denegamus.
2316 2150 2553 2209 lufames
2596 2150 2783 2208 autem
2810 2164 2905 2206 eas
2931 2162 3055 2206 esse
3080 2154 3346 2219 personas
3387 2143 3532 2201 diei-

1931 2262 2073 2313 mus,
2105 2260 2227 2318 quae
2250 2248 2350 2317 pro
2387 2243 2566 2315 aliqua
2594 2244 2753 2314 culpa
2793 2250 3053 2299 notantur
3073 2238 3320 2303 infamia,
3349 2237 3403 2294 id
3421 2244 3531 2303 est.

1931 2354 2125 2396 omnes
2155 2339 2247 2408 qui
2276 2337 2593 2394 christiana:
2613 2336 2749 2406 legis
2783 2348 3033 2391 normam
3057 2331 3323 2403 objiciunt
3340 2338 3399 2387 et
3417 2338 3533 2386 sta-

1933 2440 2047 2488 tuta
2092 2430 2463 2487 ecclesiastica
2492 2432 2869 2485 contemnunt.
2916 2426 3178 2483 Similiter
3211 2424 3385 2490 fures.
3436 2437 3529 2479 sas

1932 2525 2188 2595 crilegos,
2221 2532 2278 2578 et
2316 2526 2508 2578 omnes
2536 2520 2865 2592 capitalibus
2892 2518 3219 2589 criminibus
3263 2515 3529 2582 irretitus,
3610 2536 3615 2541 λ

1931 2615 2410 2688 sepulcrorumque
2459 2600 2751 2669 violatores
2774 2646 2789 2677 ,
2849 2618 2906 2665 et
2954 2608 3318 2681 apostolorum
3368 2614 3532 2676 atque

1931 2708 2309 2768 successorum
2358 2720 2567 2770 eorum,
2605 2714 2664 2763 et
2707 2704 3044 2777 reliquorum
3072 2709 3386 2759 sanctorum
3425 2698 3528 2754 Pa.

1932 2812 2076 2859 trum
2122 2804 2325 2858 statdta
2370 2800 2600 2856 libenter
2645 2799 2952 2865 violantes;
2983 2804 3041 2852 et
3065 2810 3259 2852 omnes
3297 2793 3388 2864 qui
3431 2791 3529 2848 ad-

1928 2902 2123 2953 versus
2151 2901 2335 2967 patres
2364 2902 2671 2963 armantur,
2691 2893 2785 2965 qui
2814 2893 2870 2949 in
2897 2891 3045 2948 omni
3070 2890 3272 2947 mundo
3302 2886 3529 2944 infamia

1930 2998 2208 3052 notantur.
2257 2991 2520 3048 Similiter
2552 2998 2608 3047 et
2647 2991 3017 3056 incestuosos,
3052 2983 3374 3050 homicidas,
3405 2996 3531 3054 per-

1923 3090 2100 3162 juros,
2142 3090 2409 3159 raptores,
2442 3083 2737 3149 maleﬁcos,
2787 3082 3080 3148 veneﬁcos,
3127 3076 3427 3143 adulteros,
3459 3077 3529 3134 de

1928 3181 2071 3238 bello
2106 3181 2393 3252 fugientes,
2422 3186 2479 3235 et
2506 3177 2597 3249 qui
2635 3176 2855 3249 indigna
2881 3175 2983 3232 sibi
3015 3179 3205 3245 petunt
3230 3172 3351 3228 loca
3374 3178 3527 3227 teneo

225 3258 358 3342 quid
380 3260 480 3316 sibi
500 3275 600 3332 pro
623 3263 885 3335 qualitate
906 3267 1109 3339 negotii
1130 3275 1287 3339 putat
1310 3283 1473 3339 posse
1496 3281 1823 3342 competere,
1854 3258 1901 3329 C
1932 3291 2016 3341 re,
2068 3280 2163 3328 aut
2199 3271 2487 3327 facultates
2528 3269 2786 3325 Ecclesiae
2829 3260 3155 3324 abstrahunt
3202 3263 3439 3334 iniurato;
3468 3270 3527 3318 et

225 3354 287 3408 ut
321 3340 373 3407 iii
401 3352 776 3426 episcoporum
807 3355 1034 3412 aliorum
1058 3359 1287 3431 judicio,
1320 3375 1441 3432 qua:
1470 3340 1667 3418 asserit
1695 3340 1823 3419 con?

226 3454 315 3501 tra
345 3432 673 3521 episcOpum,
706 3444 942 3505 debeant
967 3448 1207 3508 dilllniri.
1247 3474 1267 3506 ι

299 3540 368 3595 Et
419 3540 548 3600 item
595 3542 835 3612 Valens,
890 3544 1185 3605 Gratianus
1235 3557 1290 3605 et
1338 3548 1750 3608 Valentinianus
1807 3569 1820 3607 :

228 3654 247 3687 ι
287 3632 392 3703 Qui
418 3651 535 3691 mos
563 3644 646 3691 cst
683 3652 968 3693 causarum
1006 3639 1244 3696 civilium
1299 3641 1444 3698 idem
1491 3644 1545 3698 in
1592 3644 1824 3717 negotiis

221 3727 610 3784 ecclesiasticis
636 3729 961 3786 obtinendos
986 3739 1089 3798 est,
1121 3740 1180 3787 ut
1215 3731 1260 3788 si
1286 3749 1390 3811 qua
1432 3743 1559 3790 sunt
1588 3750 1654 3791 ex
1700 3736 1823 3807 qui-

221 3820 454 3876 busdam
481 3816 910 3875 dissensionibus
955 3822 1271 3894 levihusque
1302 3824 1532 3892 delictis,
1584 3826 1650 3880 ad
1700 3826 1826 3882 reli-

217 3911 406 3984 gionis
434 3912 835 3969 observantiam
862 3915 1213 3986 pertinentia,
1244 3916 1378 3973 locis
1420 3918 1533 3974 suis
1562 3926 1620 3973 et
1648 3935 1677 3974 a
1714 3935 1827 3976 suae

218 4007 529 4063 dioeceseos
552 4000 780 4079 ’synodis
809 4008 1116 4065 audiantur.
1152 4030 1172 4063 ι
1205 4010 1273 4066 Ει
1299 4009 1527 4083 reliqua.
1563 4010 1629 4067 Et
1660 4011 1827 4070 inter-

217 4097 463 4170 pretatio
488 4095 730 4168 ejusdem
754 4096 889 4169 legis
917 4118 928 4154 :
964 4118 983 4151 ‹
1018 4101 1243 4168 Quoties
1288 4119 1355 4158 ex
1396 4094 1639 4176 qualibet
1668 4119 1727 4161 re
1758 4092 1826 4160 ad

222 4190 545 4263 religionem
571 4191 874 4263 pertinente
914 4194 1057 4249 inter
1080 4194 1308 4253 clericos
1348 4195 1511 4253 fuerit
1538 4205 1666 4253 nata
1696 4214 1827 4254 con-

225 4285 435 4352 tentio:
480 4284 534 4341 id
581 4285 892 4357 specialiter
917 4289 1257 4356 observetur,
1305 4298 1365 4345 ut
1411 4291 1722 4347 convocatis
1758 4292 1826 4347 ab

216 4364 482 4445 episcopo
523 4374 847 4432 dioecesanis
890 4378 1225 4451 presbyteris
1258 4420 1273 4446 ,
1313 4397 1434 4453 qua:
1469 4381 1549 4450 ,in
1603 4390 1827 4439 conten-

227 4466 432 4522 tionem
479 4468 729 4523 venerint
760 4468 967 4541 judicio
1013 4470 1391 4528 terminentur.
1430 4494 1451 4527 ›
1487 4472 1554 4529 Et
1578 4474 1821 4546 'reliqua.

297 4558 366 4615 Et
394 4554 733 4618 Theodosius
757 4561 1243 4622 christianissimus
1268 4566 1587 4640 imperator,
1603 4575 1657 4625 et
1680 4564 1825 4626 beati

222 4659 518 4728 Ambrosii,
556 4660 666 4718 imo
695 4678 793 4733 per
833 4677 956 4719 eum
1005 4662 1100 4720 Dei
1145 4664 1477 4724 humillimus
1513 4668 1729 4724 auditor
1757 4667 1823 4725 ad

224 4752 484 4825 Optatum
512 4754 865 4830 Augustalem
892 4757 1078 4813 inlata
1110 4757 1248 4831 lege,
1282 4760 1350 4815 ad
1380 4760 1561 4817 locum
1593 4779 1607 4817 :
1640 4781 1658 4812 ι
1688 4760 1825 4833 Con—

1927 3366 2019 3437 qul
2062 3364 2261 3420 fratres
2288 3360 2689 3419 calumniantur
2739 3368 2834 3416 aut
2860 3367 3119 3415 accusant
3164 3364 3355 3413 etnon
3400 3368 3524 3425 pro—

1928 3456 2096 3526 bant;
2136 3459 2221 3515 vel
2263 3457 2355 3529 qui
2387 3464 2576 3513 contra
2621 3457 2944 3511 innocentes
2971 3451 3278 3525 principum
3311 3448 3525 3506 animos

1929 3551 1998 3608 ad
2060 3549 2396 3606 iracundiam
2454 3555 2791 3620 provocant;
2822 3548 2877 3602 et
2927 3556 3118 3601 omnes
3162 3536 3525 3597 anathemath

1929 3652 2098 3708 satos,
2128 3644 2212 3698 vel
2242 3648 2344 3714 pro
2380 3643 2494 3699 suis
2532 3640 2831 3697 sceleribus
2859 3638 2926 3694 ab
2956 3632 3195 3693 Ecclesia
3225 3633 3411 3704 pulsus
3430 3648 3447 3694 :
3469 3644 3525 3687 et

1928 3746 2119 3793 omnes
2163 3746 2301 3805 quos
2346 3733 2731 3790 ecclesiasticae
2772 3731 2857 3787 vel
2905 3729 3089 3787 saeculi
3116 3728 3263 3801 leges
3291 3724 3525 3783 infames

1925 3831 2302 3904 pronuntiant.
2353 3827 2465 3885 Hos
2502 3842 2633 3884 vero
2672 3840 2779 3882 non
2807 3825 2876 3881 ad
2916 3838 3106 3880 sacros
3146 3820 3372 3879 ordines
3398 3820 3526 3877 licet

1928 3937 2270 3997 promovere,
2317 3920 2420 3978 nec
2461 3934 2648 3978 servos
2679 3927 2807 3973 ante
2848 3913 3521 3985 lcgitimam'iibertatemt

1928 4032 2029 4074 nec
2057 4015 2411 4088 pueuitentes,
2436 4028 2538 4069 nec
2567 4011 2836 4083 digamos,
2864 4014 2969 4063 ne‘c
2996 4018 3090 4063 eos
3115 4005 3207 4075 qui
3235 4004 3404 4060 curia
3430 4003 3525 4059 det

1929 4108 2193 4176 Serviunt,
2218 4107 2303 4163 vel
2323 4106 2413 4176 qui
2438 4118 2542 4160 non
2574 4112 2703 4159 sunt
2723 4099 2919 4172 integri
2944 4102 3194 4168 corpore,
3211 4100 3307 4150 aut
3328 4102 3525 4151 sanant

1929 4221 2037 4261 non
2068 4204 2270 4259 habent
2296 4210 2532 4257 mentem
2556 4182 3016 4271 velinttéllectum,
3042 4188 3525 4247 autlholiediemes

1928 4304 2240 4353 sanctorum
2292 4290 2525 4348 decretis
2568 4286 2810 4345 existunt
2847 4326 2864 4353 ,
2900 4292 2995 4340 aut
3041 4282 3234 4339 furiosi
3293 4276 3526 4337 manife-

1928 4396 2164 4444 stantur.
2220 4386 2288 4444 ili
2344 4400 2535 4443 omnes
2589 4399 2690 4442 nec
2738 4382 2808 4440 ad
2860 4386 3049 4440 sacres
3077 4380 3278 4454 gradus
3324 4376 3524 4435 debent

1927 4479 2190 4554 provehi;
2220 4495 2320 4537 nec
2362 4478 2478 4546 isti,
2523 4493 2625 4535 nec
2658 4460 2859 4543 liberti,
2909 4482 3090 4546 neque
3117 4466 3380 4543 suspecti,
3421 4474 3525 4525 nec

1927 4580 2135 4629 rectam
2168 4568 2352 4639 iidem,
2394 4569 2479 4625 vel
2510 4562 3237 4640 dignam‘cnnversatlone’m
3282 4562 3391 4617 non
3428 4557 3526 4614 ha-

1851 4628 1904 4695 D
1930 4664 2141 4729 hentes,
2184 4628 2426 4719 summos
2475 4628 2787 4716 sacerdotes
2814 4662 3043 4728 possunt
3083 4652 3365 4709 adcdsare.
3394 4654 3422 4702 ὀ
3456 4648 3525 4703 Et

1928 4757 2230 4814 secundum
2277 4752 2478 4810 Africa:
2524 4765 2784 4818 canones,
2843 4746 3145 4813 criminosi,
3197 4756 3336 4817 quos
3389 4740 3525 4797 dicit

224 4845 376 4901 tinua
401 4844 518 4919 lege
543 4848 843 4915 sancimus,
867 4849 1088 4904 nomina
1104 4851 1503 4921 episcoporum,
1526 4851 1608 4907 vel
1632 4868 1818 4909 eorum
1924 4846 2191 4904 Dominus
2225 4852 2294 4901 ex
2336 4844 2424 4900 his
2470 4859 2591 4914 quae
2629 4840 2698 4900 de
2726 4842 2895 4898 corde
2940 4835 3245 4909 procedunt
3274 4832 3523 4921 cointu-

224 4940 319 5013 qui
349 4928 609 4997 Ecclesiae
639 4941 1058 4997 necessitatibus
1088 4920 1352 5010 serviunt,
1404 4958 1471 4998 ne
1509 4943 1577 4997 ad
1618 4941 1820 5013 judicia
1926 4951 2084 4998 natos
2112 4958 2127 5008 ;
2156 4951 2401 5011 quosque
2430 4937 2588 4994 docet
2615 4934 2908 5007 Apostolus
2932 4940 2963 4985 a
2994 4938 3163 5001 regno
3207 4923 3305 4981 Dei
3330 4920 3520 4980 exelu-

222 5032 343 5092 sive
373 5032 774 5088 ordinariorum
807 5033 921 5089 sive
970 5033 1533 5090 extraordinariorum
1575 5032 1820 5105 judicum
1927 5051 2019 5091 sos
2053 5054 2066 5090 :
2100 5032 2559 5090 excommunicati
2590 5031 2776 5095 etiam,
2810 5036 2865 5085 et
2891 5036 3081 5081 omnes
3119 5019 3359 5077 infamia:
3403 5028 3520 5074 ma-

218 5124 638 5196 pertrahantur.
671 5125 882 5182 [labent
903 5124 976 5180 illi
992 5123 1203 5194 iudices
1227 5141 1375 5195 suos,
1402 5143 1501 5184 nec
1528 5127 1823 5200 quidquam

224 5218 312 5273 his
341 5217 574 5288 publicis
604 5232 891 5276 commune
939 5234 1065 5276 cum
1106 5216 1335 5293 legibus.
1381 5241 1399 5274 ι
1466 5220 1534 5277 Et
1592 5220 1820 5293 reliqua.

219 5308 293 5389 Et
348 5308 475 5365 item
524 5309 667 5366 idem
722 5324 739 5367 :
792 5328 812 5362 ι
870 5306 1111 5366 Clericos
1151 5325 1260 5366 non
1305 5308 1408 5366 nisi
1449 5309 1588 5381 apud
1613 5310 1822 5381 episco-

216 5415 324 5477 pos
365 5403 612 5459 accusari
649 5403 920 5459 convenit.
965 5401 1131 5475 Igitur
1180 5404 1226 5460 si
1269 5395 1552 5476 episcopus
1587 5412 1822 5477 autpre-

220 5497 432 5575 ‘shyter,
459 5497 718 5581 diaconus
763 5507 817 5555 et
863 5498 1173 5571 quicunque
1214 5500 1485 5556 inferioris
1534 5501 1638 5557 loci
1676 5501 1819 5559 chri-

222 5589 417 5645 stianae
470 5586 604 5664 legis
657 5591 945 5661 minister,
1000 5595 1142 5665 apud
1193 5594 1494 5667 episcopos,
1548 5595 1817 5667 siquidem

224 5679 351 5736 alibi
380 5697 487 5737 non
514 5692 746 5755 oportet,
775 5699 806 5740 a
853 5684 1094 5756 qualibet
1136 5700 1371 5759 persona
1409 5686 1613 5745 fuerint
1658 5703 1820 5749 accu-

299 5848 325 5879 α
362 5828 531 5897 'Conc.
560 5839 754 5909 Afric.,
787 5855 908 5898 can.
933 5840 1020 5898 15.

1936 5128 2072 5184 culis
2099 5126 2332 5198 aspersi,
2365 5139 2664 5196 omnesque
2692 5128 2828 5193 quos
2859 5118 2926 5175 ad
2967 5114 3276 5174 accusanda
3302 5110 3521 5187 publice

1932 5219 2163 5278 crimina
2194 5217 2340 5290 leges
2363 5216 2594 5290 publicae
2638 5226 2746 5270 non
2774 5209 3089 5278 admittunt,
3120 5204 3522 5263 ecclesiasticos

1931 5308 2291 5369 elericosnisi
2344 5311 2401 5366 in
2446 5305 2680 5378 propriis
2723 5302 2923 5370 causis,
2972 5308 3234 5358 accusare
3265 5310 3523 5368 nonpos-

1931 5412 2077 5471 sunt,
2108 5419 2210 5460 nec
2239 5402 2307 5459 ad
2340 5396 2708 5457 testimonium
2739 5392 3003 5452 adversus
3026 5406 3122 5450 eos
3157 5390 3518 5464 recipiuntur.

2002 5494 2140 5566 Quia
2172 5508 2299 5549 vero
2330 5491 2625 5548 Christiani
2656 5505 2721 5547 ac
2767 5487 3012 5561 religiosi
3056 5485 3333 5558 principes
3378 5483 3524 5540 sicut

1928 5598 1983 5646 et
2013 5601 2175 5658 supra
2223 5584 2582 5649 ostendimus,
2615 5581 2870 5639 Ecclesia
2918 5579 3147 5637 clericos
3194 5576 3263 5633 ad
3315 5575 3522 5648 judicia

1930 5679 2151 5753 publica
2173 5677 2318 5734 trahi
2348 5676 2430 5734 vel
2450 5675 2668 5733 invitari
2693 5673 3004 5739 noluerunt,
3021 5671 3107 5728 vel
3123 5670 3516 5742 permiserunt,

2001 5833 2026 5873 δ
2272 5846 2397 5889 can.
2448 5831 2574 5889 104.
2629 5830 2752 5888 Vid.
2795 5843 2951 5887 eoae.
2998 5827 3194 5886 Rhein.
3248 5841 3340 5884 au.
3388 5822 3514 5892 630.

2001 5921 2047 5960 il.
2153 5943 2170 5960 ο

1928 5920 2047 5962 can.
2082 5920 2170 5962 ιδ.
