4010 6330
483 348 645 441 ita.

1304 370 1649 433 unumst
1677 366 1897 431 ausu.
1916 357 2259 431 etiame.
2280 353 2655 425 ;0PUSCULA
2678 348 2923 431 usus.

3624 339 3789 397 104?».

485 497 544 553 in
578 493 757 563 edij
788 491 1012 561 Honorii
1058 498 1116 553 et
1142 487 1438 547 Theodosii
1467 487 1593 549 luce
1639 483 1849 541 clarius
1886 478 2069 537 mani-
2093 470 2478 553 Agepiscopus,
2509 467 2578 523 ab
2616 464 2738 521 aliis
2766 457 3270 563 episcopis‘debeat
3305 452 3528 558 corripi,
3563 452 3660 563 vel
3688 453 3782 521 ju-

483 591 741 657 festatur,
780 596 835 645 et
863 585 1098 658 qualiter
1126 596 1257 641 eum
1283 579 1615 644 habuerim,
1643 577 1737 649 qui
1765 576 1871 635 hoc
1914 588 2078 645 agere

486 692 681 741 contra
724 681 1013 739 Dominum
1040 675 1411 747 praesumpsit,
1441 673 1499 729 in
1534 672 1729 730 eodem
1760 669 1942 727 edicto
1982 669 2078 725 de-

406 783 417 794 ‘
486 781 797 835 monstrant
840 772 1125 829 dicentes:
1167 786 1185 820 ι
1214 764 1511 837 Privilegia,
1553 761 1913 820 ecclesiarum
1959 774 2081 816 om-

490 867 641 925 nium
669 877 791 936 quae
833 859 1029 919 saeculo
1055 865 1245 915 nostro
1272 866 1535 929 tyrannus
1580 854 1873 917 invident,
1903 866 2076 922 prona

490 958 777 1015 devotione
805 967 1166 1011 revocamus:
1198 950 1409 1008 scilicet
1436 958 1497 1009 ut
1516 961 1860 1019 quaecunque
1884 961 1917 1002 a
1938 944 2080 1003 divis

488 1048 827 1122 principibus
858 1047 1154 1104 constituta
1178 1052 1329 1109 sunt,
1355 1042 1443 1098 vel
1486 1057 1609 1113 quze
1647 1039 1844 1111 singuli
1874 1037 2079 1109 quique

412 1186 423 1192 -
490 1140 765 1199 antistites
790 1152 890 1208 pro
929 1137 1112 1195 causis
1138 1133 1525 1192 ecclesiasticis
1554 1132 1940 1202 impetrarunt,
1977 1128 2080 1186 sub

487 1243 652 1301 paena
686 1228 957 1301 sacrilegii
997 1225 1375 1299 jugivsolidata
1420 1224 1727 1281 aeternitate
1772 1230 2075 1278 serventur.

491 1321 735 1379 Clericos
753 1322 929 1389 etiam,
945 1336 1082 1392 quos
1108 1318 1446 1377 indiscretim
1470 1317 1538 1373 ad
1556 1316 1852 1375 saeculares
1866 1314 2097 1386 judices-

493 1414 697 1473 dehere
727 1413 921 1473 deduci
947 1410 1219 1468 infaustus
1244 1416 1601 1480 praesumptor
1647 1406 1926 1471 edixerat,
1970 1404 2083 1474 epi-

493 1506 698 1579 scopali
727 1505 1017 1561 audientis
1045 1518 1408 1561 reservamus.
1440 1500 1550 1557 Fas
1575 1500 1719 1557 enim
1751 1513 1860 1555 non
1892 1506 1975 1555 est
2001 1497 2082 1552 uti

495 1600 666 1658 divini
722 1600 963 1656 muneris
1008 1597 1245 1654 ministri
1303 1585 1680 1667 temporalium
1746 1600 2082 1665 potestatum

497 1694 802 1751 subdantur
829 1693 1075 1749 arbitrio.
1101 1711 1120 1744 ι
1148 1691 1300 1748 Unde
1324 1698 1548 1747 sanctus
1570 1687 1703 1753 Leo,
1727 1701 1849 1743 cum
1875 1685 2083 1756 synodo

494 1787 684 1845 Romae
705 1788 892 1844 habita
911 1785 1241 1843 Sermationi
1256 1784 1537 1842 etcatteris
1549 1782 1825 1853 episcopis
1835 1779 2080 1850 scripsit,

2176 548 2370 630 dicari,
2400 576 2641 621 canones
2658 558 2805 615 sacri
2826 557 3231 617 demonstrant;
3264 563 3400 620 quos
3425 546 3520 616 qui
3543 545 3786 615 diliget).

2177 666 2262 713 ter
2286 654 2543 721 advertit,
2574 652 2632 707 in
2663 647 2866 713 eisdem
2900 643 3101 717 regulis
3149 636 3561 712 comprehendit
3586 652 3604 690 :
3634 650 3789 704 quos

2176 757 2232 809 et
2256 762 2359 821 ego
2384 746 2476 803 hic
2498 757 2758 815 ponerem
2783 739 2830 797 si
2858 751 3082 814 necesse
3113 734 3229 790 fore
3256 742 3529 805 putarem.

2248 842 2329 898 De
2359 839 2464 897 sibi
2494 847 2679 909 autem
2714 831 3020 889 commissae
3048 826 3291 884 ecclesia:
3322 824 3483 880 rebus
3520 837 3585 879 ac
3614 836 3787 877 man-

2178 934 2358 1006 cipiis,
2388 948 2509 1003 quae
2536 930 2663 987 licet
2688 926 2956 997 legaliter,
2988 938 3113 977 nam
3143 920 3315 987 aliterj
3336 933 3439 974 non
3462 917 3699 980 debent,
3730 915 3787 968 in

2179 1029 2419 1085 bannum
2466 1023 2754 1079 mittantur
2797 1033 2812 1074 :
2861 1025 3045 1072 tamen
3080 1016 3222 1071 sicut
3253 1011 3353 1083 ipsi
3382 1009 3574 1065 melius
3596 1006 3785 1072 scitis,

2181 1117 2325 1174 sicut
2347 1130 2437 1179 res
2461 1112 2742 1170 hominum
2775 1107 3071 1163 liberorum
3102 1119 3209 1161 non
3234 1110 3460 1174 possunt
3500 1102 3553 1154 in
3579 1098 3788 1157 ﬁscum

2182 1208 2386 1280 redigi,
2429 1221 2551 1277 quae
2597 1211 2724 1261 sunt
2752 1202 2864 1259 Deo
2907 1199 3103 1264 dicata,
3149 1196 3435 1266 episcOpus
3476 1192 3789 1248 secundum

2183 1304 2331 1375 leges
2363 1314 2502 1372 quas
2530 1296 2769 1354 Ecclesia
2792 1291 3005 1364 recipit,
3037 1299 3095 1349 et
3115 1286 3498 1345 venerabiliter
3522 1297 3789 1352 compro-

2183 1396 2395 1460 bat,,et
2419 1390 2714 1448 secundum
2748 1400 2935 1445 sacros
2974 1396 3230 1451 canones,
3267 1396 3335 1439 ac.
3369 1379 3589 1435 decreta
3640 1376 3792 1433 sedis

2187 1489 2445 1545 Romanae
2492 1481 2844 1556 pontiﬁcum,
2894 1478 3212 1535 advocatum
3278 1472 3508 1546 publicis
3556 1470 3793 1541 judiciis

2187 1582 2318 1645 dare
2346 1581 2527 1637 debet.
2560 1578 2642 1635 Ex
2681 1574 2860 1645 capite
2890 1581 3067 1643 autem
3111 1584 3210 1624 suo
3241 1578 3349 1622 tam
3392 1581 3491 1637 pro
3524 1564 3787 1627 crimine,

2188 1688 2350 1747 quam
2377 1687 2478 1744 pro
2511 1669 2658 1725 civili
2685 1681 2870 1733 causa,
2899 1673 2993 1720 aut
3033 1661 3172 1732 apud
3216 1659 3419 1716 electos
3450 1655 3699 1728 iudices,
3727 1655 3790 1708 de

2189 1746 2406 1839 quibus,
2435 1774 2493 1821 et
2526 1763 2669 1819 sicut
2714 1774 2884 1817 sacra:
2930 1757 3076 1829 leges
3116 1750 3421 1816 dil'ﬁniunt,
3448 1758 3549 1805 aut
3592 1746 3713 1817 ipse
3736 1747 3793 1799 in

492 1843 718 1941 dicens:
754 1898 775 1931 ο
819 1879 1050 1935 Tantam
1091 1879 1275 1937 saeculi
1301 1843 1599 1949 potestates
1639 1843 1786 1933 circa
1831 1843 2087 1931 saec-rant
2112 1847 2161 1908 Β
2188 1860 2395 1933 synodo
2437 1871 2625 1917 coram
2664 1852 2937 1925 episcopis
2982 1849 3144 1907 debet
3188 1845 3417 1901 reddere
3458 1843 3744 1897 rationem
3773 1860 3791 1894 ;

490 1972 659 2029 talem
706 1971 954 2027 ordinem
1007 1971 1367 2027 reverentiam
1425 1968 1721 2040 praevalere
1767 1966 2083 2031 voluerunt,

493 2062 660 2119 etiam
692 2062 749 2117 lii
777 2076 917 2131 quos
970 2062 1072 2118 sub
1099 2060 1365 2132 imperiali
1422 2060 1644 2116 nomine
1691 2058 1854 2114 terris
1901 2056 2086 2112 divina

493 2154 738 2226 potentia
780 2168 1013 2225 praeesse
1053 2153 1331 2223 praecepit,
1358 2159 1421 2209 ut
1457 2150 1547 2220 jus
1587 2150 2085 2220 distringendorum

493 2247 840 2319 negotiorum
854 2246 1127 2316 episcopis
1147 2245 1371 2310 sanctis,
1392 2242 1545 2313 juxta
1574 2242 1772 2299 divalia
1787 2241 2086 2298 constituta

495 2338 865 2410 permiserint.
897 2337 1056 2405 Quod
1105 2352 1229 2393 cum
1271 2344 1327 2391 et
1346 2333 1489 2404 juris
1517 2334 1728 2405 antiqui
1772 2333 1999 2397 edictis,
2031 2341 2090 2388 et

497 2432 671 2491 illatis
700 2433 1045 2505 frequentius
1081 2434 1153 2489 sit
1182 2432 1390 2504 legibus
1410 2430 1814 2496 conﬁrmatum,
1835 2427 2090 2499 praesenti

498 2537 747 2598 tempore
794 2544 829 2583 a
874 2526 1149 2597 plerisque
1206 2524 1515 2581 invenimus
1568 2522 1749 2581 fuisse
1792 2522 2082 2578 calcatum.

494 2615 641 2677 Nam
669 2619 1040 2691 prmtermisso
1056 2616 1382 2675 sacerdotali
1402 2616 1611 2687 judicio
1637 2618 1841 2688 passim
1871 2617 1939 2673 ad
1958 2631 2091 2672 θιασ-

499 2720 628 2771 men
655 2710 997 2768 saecularium
1022 2711 1378 2768 transierunt.
1407 2708 1710 2781 Quocirca,
1721 2710 1881 2767 nobis
1908 2709 2089 2765 visum

2190 1953 2333 2011 sicut
2378 1948 2646 2017 Arcadius
2665 1987 2682 2014 ,
2728 1944 2999 2001 Honorius
3023 1949 3082 1997 et
3111 1937 3449 1995 Theodosius
3477 1936 3666 1991 edicto
3696 1951 3791 1990 suo

2190 2048 2550 2107 decreverunt
2595 2041 2836 2098 dicentes
2886 2055 2899 2091 :
2958 2058 2976 2090 ‹
3032 2034 3321 2106 Privilegia
3371 2045 3495 2103 qua
3544 2032 3799 2087 ecclesiis

2190 2146 2247 2195 et
2280 2135 2495 2192 clericis
2539 2133 2721 2203 legum
2767 2128 3009 2189 decernit
3055 2127 3389 2193 auctoritas,
3414 2127 3527 2197 hac
3570 2142 3801 2197 quoque

2189 2227 2553 2300 praeceptione
2580 2231 2771 2279 sancta
2803 2229 2858 2278 et
2898 2219 3153 2276 inviolata
3180 2233 3512 2289 permanere
3546 2217 3799 2275 decemi-

2192 2338 2334 2389 mus,
2368 2329 2530 2391 atquc
2557 2320 2661 2376 hoc
2688 2317 2789 2389 ipsi
2816 2315 3147 2387 przecipuum
3189 2320 3243 2369 et
3278 2311 3567 2385 singulare
3601 2310 3801 2366 deferi-

2192 2430 2347 2479 mus,
2376 2421 2436 2467 ut
2473 2406 2807 2483 quaecunque
2845 2409 2913 2465 de
2949 2407 3108 2463 nobis
3148 2405 3217 2462 ad
3254 2405 3552 2463 ecclesiam
3594 2413 3798 2461 tantum

2193 2506 2584 2579 pertinentium
2612 2501 2923 2576 specialiter
2968 2498 3173 2579 fuerint
3194 2566 3197 2571 ι
3218 2499 3541 2567 impetrata,
3568 2513 3685 2554 mn
3710 2514 3801 2570 per

2195 2610 2506 2666 coronatos,
2548 2601 2642 2657 sed
2684 2616 2784 2671 per
2830 2600 3143 2664 advocatos,
3194 2612 3389 2654 eorum
3431 2597 3711 2660 arbitratu
3750 2607 3801 2653 et

2189 2691 2465 2761 judicibus
2504 2692 2827 2757 innotescat,
2872 2696 2929 2745 et
2969 2689 3229 2744 sortiatur
3271 2686 3556 2745 elfectum.
3613 2687 3801 2743 Sacer-

498 2810 668 2863 estut
691 2804 837 2861 hanc
877 2811 934 2858 et
975 2817 1257 2859 sacrarum
1309 2793 1520 2873 legum,
1558 2809 1614 2859 οι
1658 2779 1834 2857 mm
1881 2800 2094 2857 οι-άίηίε
2197 2786 2351 2841 dotes
2370 2799 2498 2841 vero
2517 2784 2809 2855 provincia)
2832 2781 3224 2856 eruntsolliciti
3249 2795 3319 2836 ne
3338 2780 3443 2836 sub
3468 2780 3579 2837 hac
3599 2779 3801 2835 scilicet

498 2894 884 2953 contumeliam
908 2904 987 2953 ,et
1030 2894 1097 2951 ad
1121 2909 1364 2964 praesens
1398 2893 1947 2963 ulcisceretur.p|ena
1976 2894 2092 2951 dis.
2194 2883 2464 2956 privilegii
2489 2880 2861 2947 excusatione,
2887 2880 3054 2939 etiam
3075 2886 3265 2934 contra
3292 2890 3487 2931 eorum
3512 2874 3800 2931 utilitatem

498 2987 713 3054 trictio,‘
745 2996 803 3043 et
843 2988 1242 3051 observandam
1293 2986 1585 3043 formulam
1632 2986 1999 3044 constitueret
2032 2986 2091 3042 in
2199 2977 2403 3047 aliquid
2434 2975 2522 3033 his
2553 2975 2825 3030 inferatur
2850 2970 3273 3041 incommodum.
3304 2968 3411 3029 »111
3438 2967 3805 3034 hocqu

497 3076 767 3135 futurum.
816 3076 1117 3134 Ceusemus
1169 3078 1353 3148 itaque
1400 3085 1463 3135 ut
1504 3078 1816 3148 quicunque
1868 3084 2095 3147 prreter-
2199 3069 2435 3141 capitulo
2467 3068 2753 3126 evidenter
2778 3066 3103 3131 ostenditur,
3130 3065 3258 3134 quia
3292 3062 3365 3118 de
3398 3061 3486 3117 bis
3527 3074 3650 3130 qua
3679 3066 3805 3113 sunt

505 3171 678 3232 misso
726 3170 1012 3227 sacerdote
1060 3169 1306 3227 ecclesia:
1361 3185 1474 3226 sua:
1523 3169 1591 3225 ad
1643 3169 2092 3240 disceptationem
2134 3237 2164 3240 _
2200 3162 2480 3229 Ecclesiae,
2509 3169 2709 3231 etquae
2736 3160 2803 3216 ab
2828 3157 3268 3231 imperatoribus,
3297 3155 3351 3211 id
3380 3161 3490 3223 est,
3517 3167 3706 3208 comm
3735 3149 3801 3204 li-

502 3260 714 3318 venerit
732 3259 1092 3326 utricularium,
1135 3261 1305 3317 sacris
1333 3260 1611 3325 liminibus
1640 3237 1898 3332 expulsus
1918 3278 1950 3318 a
1975 3276 2090 3318 cm-
2119 3237 2167 3301 ο
2197 3250 2505 3319 heralitate,
2538 3267 2605 3308 ac
2633 3266 2732 3322 per
2759 3265 2951 3308 eorum
2982 3249 3127 3320 leges
3173 3246 3375 3301 collata
3402 3245 3475 3301 ad
3512 3242 3800 3300 ecclesiam

498 3354 624 3413 lesti
680 3362 938 3411 arceatur
988 3354 1207 3411 altario.
1249 3375 1268 3409 ι
1327 3354 1396 3411 Ει
1447 3354 1653 3425 reliqua
1698 3358 1822 3427 quae
1855 3357 1930 3412 ibi
1965 3357 2092 3413 inde

496 3449 871 3524 prosequitur.
900 3449 1150 3518 Episcopi
1196 3448 1467 3518 siquidem
1494 3456 1551 3503 et
1576 3449 1935 3505 ecclesiastici
1976 3448 2091 3524 cle-g

501 3540 624 3605 rici,
680 3520 983 3597 secundum
1035 3539 1392 3612 apostolicam
1448 3540 1754 3596 doctrinam
1801 3548 1858 3595 et
1906 3520 2094 3598 sacros

501 3640 747 3688 canones
772 3647 840 3688 ac
865 3632 1034 3703 leges,
1076 3646 1147 3686 ex
1175 3646 1405 3703 quarum
1450 3647 1613 3688 sensu
1655 3647 1853 3705 magna
1886 3649 2017 3705 pars
2038 3634 2094 3689 in

501 3721 731 3787 eisdem,
763 3724 862 3778 sed
887 3730 945 3778 et
972 3723 1026 3777 in
1059 3721 1294 3779 decretis
1319 3722 1464 3779 sedis
1493 3723 1753 3779 Romanae
1774 3725 2097 3796 pontiﬁcum

502 3813 575 3870 ad
627 3812 900 3885 regularia
932 3814 1278 3884 exsequenda
1322 3813 1528 3884 judicia
1584 3815 1814 3872 habetur
1866 3818 2092 3885 inserta,

499 3905 653 3963 velut
679 3906 748 3963 de
775 3905 1001 3977 singulis
1046 3906 1235 3963 subter
1277 3909 1721 3964 commemoratis
1748 3909 1953 3965 ibidem
1994 3925 2096 3980 po-

500 3996 962 4069 testisrelegere.
1005 4017 1026 4052 ι
1058 3996 1118 4055 Si
1148 4008 1499 4066 accusantur,
1539 4000 1595 4055 in
1641 3999 1722 4056 eis
1770 4000 1905 4057 locis
1954 4001 2099 4058 unde

501 4096 630 4144 sunt
690 4087 793 4158 ipsi
839 4088 1079 4143 accusati
1131 4103 1295 4144 causa
1346 4088 1585 4145 ﬁnietur.
1624 4109 1643 4143 ι
1697 4089 1807 4145 Et:
1859 4108 1878 4141 ι
1929 4089 2100 4147 Nemo

502 4195 690 4239 eorum
738 4180 903 4241 rebus
928 4180 1015 4238 vel
1049 4181 1165 4241 suis
1211 4181 1564 4237 facultatibus
1611 4181 1875 4253 spoliatus
1904 4196 1937 4238 a
1964 4196 2100 4254 quo-

509 4287 679 4341 quam
705 4272 775 4329 de
820 4288 1146 4344 quacunque
1169 4288 1334 4330 causa
1362 4273 1742 4344 interpellatus
1777 4274 1971 4331 reddet
2011 4288 2102 4331 ca-

504 4363 704 4421 nonice
729 4378 795 4419 ac
825 4363 1072 4436 legaliter
1102 4365 1395 4431 rationem,
1432 4365 1605 4421 donec
1636 4365 1762 4420 inde
1789 4365 2099 4431 revcstitus,

504 4461 559 4510 et
587 4453 935 4525 eis‘legitime
963 4470 1115 4521 usus,
1151 4462 1205 4508 et
1253 4454 1335 4511 sic
1364 4455 1584 4511 demum
1629 4454 1697 4509 ad
1720 4454 1986 4524 judicium
2006 4466 2103 4511 re-

442 4576 445 4579 -
507 4542 773 4614 gulariter
827 4545 901 4599 sit
947 4552 1225 4609 evocatus.
1261 4563 1280 4596 ›
1341 4543 1456 4599 Et:
1514 4562 1532 4593 ι
1579 4541 1697 4597 Non
1751 4543 1819 4598 de
1868 4544 2098 4599 crimine

2200 3343 2504 3414 pertinent,
2546 3338 2907 3398 ecclesiastici
2937 3335 3122 3394 clerici
3176 3333 3474 3389 advocatos
3511 3329 3801 3403 judicihus,

2198 3446 2254 3492 et
2281 3451 2387 3493 non
2413 3437 2483 3490 de
2508 3449 2567 3491 se
2603 3435 2734 3491 dare
2763 3433 2982 3493 debent.
3027 3428 3161 3486 Cum
3193 3427 3337 3483 enim
3377 3426 3559 3481 dicit:
3599 3443 3619 3476 ι
3654 3423 3804 3492 αυε-

2198 3541 2413 3599 cunque
2454 3528 2522 3582 de
2567 3525 2725 3581 nobis
2752 3524 2820 3579 ad
2847 3521 3135 3579 ecclesiam
3174 3527 3375 3574 tantum
3402 3514 3803 3588 pertinentium

2198 3618 2514 3690 specialiter
2567 3616 2771 3671 fuerint
2820 3615 3147 3689 impetrata,
3207 3630 3225 3661 ι
3280 3624 3388 3664 non
3438 3604 3803 3662 ecclesiastici

2200 3712 2411 3778 clerici,
2433 3711 2657 3767 minime
2679 3716 2859 3764 autem
2889 3714 3052 3781 caput
3072 3703 3335 3777 episcopi,
3363 3698 3800 3771 comprehendit,

2201 3803 2290 3858 cui
2340 3800 2526 3857 tuendi
2577 3800 2809 3857 clericos
2856 3814 3045 3856 curam
3093 3794 3403 3853 committit.
3430 3792 3503 3848 Et
3530 3793 3589 3847 in
3621 3791 3800 3863 primo

2199 3892 2339 3948 libro
2368 3890 2726 3965 capitulorum
2774 3899 3085 3945 nostrorum
3130 3888 3548 3959 imperatorum,
3586 3890 3800 3939 vestru-

2200 4001 2322 4041 rum
2355 3994 2536 4043 autem
2558 3984 2988 4058 progenitorum,
3012 3982 3367 4054 praecipitur:
3400 3996 3417 4031 ι
3455 3974 3533 4032 Ut
3560 3973 3801 4047 episcopi

2201 4075 2526 4149 suifraganei
2562 4076 2629 4131 ad
2661 4073 3134 4148 metropolitanum
3160 4071 3481 4144 reSpiciant.
3521 4088 3541 4122 ι
3569 4068 3661 4132 Et,
3698 4066 3803 4121 cle-

2202 4169 2303 4226 rici
2342 4167 2699 4227 ecclesiastici
2732 4169 2776 4224 si
2818 4168 3033 4239 culpam
3063 4165 3421 4229 incurrerint,
3442 4163 3531 4218 vel
3577 4162 3720 4216 inter
3745 4175 3802 4216 se

2203 4263 2478 4333 negotium
2513 4260 2732 4335 aliquod
2763 4261 3081 4325 habuerint,
3113 4257 3253 4328 apud
3285 4255 3697 4312 ecclesiasticos
3718 4252 3803 4320 ju-

2204 4357 2480 4422 dicentur,
2511 4371 2620 4412 non
2661 4354 2803 4426 apud
2832 4352 3140 4410 saeculares.
3170 4350 3237 4405 Et
3268 4348 3328 4405 S.
3372 4362 3515 4419 papa
3560 4344 3801 4404 Gelasius

2204 4448 2259 4502 in
2287 4444 2522 4503 decretis
2540 4445 2662 4501 ‘suis
2691 4445 2758 4500 ad
2781 4445 3065 4516 episcopos
3089 4439 3552 4514 parvipendentes
3573 4437 3799 4493 fratrum

2204 4537 2544 4605 vexationes,
2572 4526 2695 4592 cum
2723 4535 2886 4608 digna
2931 4533 3304 4606 increpatione
3338 4531 3535 4587 scribit
3579 4531 3795 4589 dicens:

507 4649 690 4705 neque
716 4634 785 4693 de
808 4633 952 4691 civili
977 4649 1141 4695 causa
1171 4635 1313 4705 apud
1338 4634 1628 4690 saeculares
1655 4631 1890 4703 jtuiicari
1919 4649 2098 4704 neque
2120 4603 2177 4667 D
2209 4616 2229 4682 ἆ
2264 4627 2375 4683 Cur
2419 4603 2538 4684 non
2580 4603 2849 4699 compassi
2892 4625 3025 4682 estis
3056 4603 3224 4681 tantis
3256 4622 3529 4678 fratribus
3574 4618 3801 4678 vestris?

506 4727 580 4783 ad
621 4724 907 4783 saecularia
951 4724 1153 4795 judicia
1183 4726 1381 4783 debent
1418 4725 1637 4781 invitari
1679 4725 1767 4782 vel
1812 4725 1974 4792 trahi,
2024 4726 2099 4783 si-

509 4826 606 4876 cut
631 4826 758 4875 tunc
794 4817 1055 4888 temporis
1082 4817 1250 4875 tiebat
1301 4817 1517 4888 quando
1559 4816 1764 4875 Christi
1804 4833 2001 4874 nomen
2027 4818 2100 4875 ab

501 4910 819 4968 inﬁdelibus
860 4925 971 4968 non
1038 4910 1406 4967 reverebatur.
1442 4930 1461 4964 ι
1499 4898 1927 4967 UndeJacobus
1969 4925 2100 4982 apo-

504 5003 682 5063 stolus
705 5004 925 5076 scripsit
951 5004 1202 5063 ﬁdelibus
1233 5022 1247 5058 :
1280 5003 1471 5060 Nonne
1496 5004 1678 5059 divites
1703 5020 1799 5075 per
1815 5005 2100 5075 potentiam

504 5097 809 5169 imprimunt
835 5113 921 5153 vos
958 5107 1007 5152 et
1037 5098 1137 5169 ipsi
1183 5097 1397 5157 trahunt
1445 5111 1533 5152 vos
1587 5097 1656 5151 ad
1693 5095 1902 5166 judicia
1955 5096 2099 5165 (Jac.

510 5115 537 5151 ο
570 5115 809 5169 primum
835 5115 921 5153 1308
958 5115 1007 5152 ει
1037 5115 1137 5169 ψει
1183 5115 1397 5157 tranant
1445 5115 1533 5152 vos
1587 5115 1653 5151 aa
1693 5115 1902 5166 ,ηιαιεια
1955 5115 2099 5165 (Jac.

510 5115 601 5263 ὧ.
625 5190 739 5249 Nec
763 5190 1016 5259 clericus,
1046 5191 1269 5257 minime
1312 5197 1495 5259 autem
1535 5189 1842 5261 episcopus.
1875 5188 2106 5259 publicis

503 5282 811 5354 judiciisse
835 5290 1021 5354 potest
1056 5296 1308 5355 purgare,
1337 5281 1465 5351 quia
1493 5296 1601 5337 non
1630 5289 1819 5351 potest,
1835 5279 1996 5334 ullius
2026 5280 2105 5336 al-

508 5379 690 5438 terius
732 5378 843 5435 nisi
864 5379 1249 5453 episcoporum
1297 5386 1353 5435 et
1378 5390 1605 5434 suorum
1640 5374 1974 5446 regularium
2015 5374 2139 5445 ju-t

509 5471 699 5533 dicum
719 5471 873 5530 subdi
896 5470 983 5528 vel
1007 5471 1181 5528 teneri
1200 5468 1425 5540 judicio.
1468 5468 1655 5540 Neque
1690 5468 1942 5539 cuiquam
1976 5465 2105 5523 licet

509 5562 848 5633 episcopum,
888 5558 972 5616 vel
1014 5556 1238 5628 alicujus
1288 5557 1495 5615 ordinis
1560 5556 1815 5613 clericum
1862 5553 2104 5631 quolibet

512 5652 675 5707 modo
712 5652 995 5718 damnare,
1027 5649 1135 5706 nisi
1183 5650 1450 5707 canonico
1492 5650 1868 5719 episcoporum
1894 5646 2103 5717 iudica,-

514 5752 632 5799 tum
658 5742 893 5812 judicio,
914 5743 1000 5800 vel
1042 5743 1295 5811 sipcausa
1334 5743 1599 5812 exegerit,
1641 5741 1875 5815 regulari
1913 5756 2105 5797 eorum

514 5833 799 5926 petitione.
846 5834 1004 5908 Quod
1050 5843 1232 5893 autem
1278 5842 1336 5892 et
1384 5833 1584 5905 quibus
1616 5834 1793 5893 modis
1833 5833 2105 5898 excedens

2204 4721 2315 4778 Cur
2361 4736 2467 4776 non
2516 4720 2706 4776 adistis
2761 4718 3181 4791 imperatorem?
3224 4715 3334 4773 Cur
3382 4730 3494 4771 non
3547 4713 3801 4771 Ecclesia:

2206 4829 2447 4881 causam,
2480 4821 2535 4870 et
2566 4812 2908 4869 sacerdotum
2945 4802 3313 4867 miserabilem
3341 4807 3799 4865 decoloratiouem

2208 4906 2536 4963 continuatis
2577 4905 2800 4960 vocibus
2832 4902 3155 4968 (iOiiOV'iSllS,
3191 4899 3491 4973 allegantes
3527 4910 3798 4971 nunquam

2210 5002 2275 5057 de
2299 5000 2643 5073 pontiﬁcibus
2666 4999 2770 5055 nisi
2792 4998 3092 5054 Ecclesiam
3113 4994 3426 5065 judicasse?
3454 4992 3578 5051 Non
3608 4991 3797 5048 estlin-

2209 5110 2491 5150 tnanarum
2521 5095 2698 5166 legum
2737 5091 2803 5148 de
2832 5090 3026 5147 talibus
3067 5089 3211 5145 ferre
3239 5086 3571 5144 sententiam
3603 5085 3794 5152 absque

2207 5185 2463 5244 Ecclesiae
2490 5188 2864 5259 principaliter
2890 5186 3202 5244 constitutis
3234 5182 3609 5256 pontificibus.
3639 5178 3794 5237 Obse-

2209 5279 2300 5350 qui
2345 5278 2520 5335 solere
2560 5278 2837 5348 principes
2879 5277 3208 5333 christianos
3251 5273 3492 5331 decretis
3521 5271 3794 5334 Ecclesia,

2198 5356 2318 5424 non
2367 5384 2519 5425 suam
2548 5383 2867 5439 praeponere
2912 5374 3235 5440 potestatem
3269 5379 3283 5423 :
3326 5365 3600 5437 episcopis
3646 5370 3799 5433 caput

2211 5461 2444 5519 subdere
2479 5460 2781 5531 principem
2811 5459 3059 5526 solitum,
3084 5474 3191 5515 non
3222 5458 3291 5513 de
3314 5455 3798 5527 eorumcapitibus

2203 5550 2472 5621 judicare.
2509 5549 2663 5607 Unde
2710 5558 2926 5607 constat
2963 5550 3090 5620 Quia
3136 5550 3184 5605 si
3217 5564 3324 5621 non
3372 5547 3501 5603 licet
3545 5543 3793 5617 principi,

2210 5658 2310 5698 nec
2339 5644 2590 5714 cuiquam
2632 5643 2784 5698 alteri
2814 5642 2961 5702 licet.
2988 5643 3091 5697 nisi
3117 5640 3384 5713 episcopis
3426 5640 3495 5696 de
3519 5640 3795 5710 episcopo-

2212 5749 2333 5790 rum
2378 5734 2644 5804 capitibus
2679 5733 2946 5805 judicare.
2980 5732 3120 5803 Quin
3147 5732 3312 5793 etiam
3342 5732 3473 5803 ipsa:
3519 5729 3667 5801 leges
3692 5740 3788 5797 pll-

2210 5828 2367 5887 blicm
2400 5828 2782 5886 ecclesiasticis
2818 5827 3019 5900 regulis
3045 5827 3406 5909 obsequentes
3440 5823 3577 5881 tales
3606 5832 3788 5894 pet-suc
