  <div class='ocr_page' id='page_1' title='image "/cluster/home/n/w/nwhite01/storage/ocr_20150623/125/hvd.32044015471667/530.png"; bbox 0 0 4010 6330; ppageno 0'>
   <div class='ocr_carea' id='block_1_1' title="bbox 199 401 355 458">
    <p class='ocr_par' dir='ltr' id='par_1_1' title="bbox 199 401 355 458">
     <span class='ocr_line' id='line_1_1' title="bbox 199 401 355 458; baseline -0.013 0"><span class='ocrx_word' id='word_1_1' title='bbox 199 404 222 458; x_wconf 77' lang='grc'>1</span> <span class='ocrx_word' id='word_1_2' title='bbox 237 401 355 456; x_wconf 73' lang='grc'><strong>049</strong></span> 
     </span>
    </p>
   </div>
   <div class='ocr_carea' id='block_1_2' title="bbox 1087 395 2604 461">
    <p class='ocr_par' dir='ltr' id='par_1_2' title="bbox 1087 395 2604 461">
     <span class='ocr_line' id='line_1_2' title="bbox 1087 395 2604 461; baseline 0.005 -9"><span class='ocrx_word' id='word_1_3' title='bbox 1087 397 1226 456; x_wconf 81' lang='lat' dir='ltr'><strong>PRO</strong></span> <span class='ocrx_word' id='word_1_4' title='bbox 1262 395 1639 454; x_wconf 61' lang='lat' dir='ltr'><strong>ECCLESle.</strong></span> <span class='ocrx_word' id='word_1_5' title='bbox 1663 398 2108 458; x_wconf 67' lang='lat' dir='ltr'><strong>LIIBERTATUM</strong></span> <span class='ocrx_word' id='word_1_6' title='bbox 2152 402 2604 461; x_wconf 76' lang='lat' dir='ltr'><strong>DEFENSIONE.</strong></span> 
     </span>
    </p>
   </div>
   <div class='ocr_carea' id='block_1_3' title="bbox 3339 413 3476 471">
    <p class='ocr_par' dir='ltr' id='par_1_3' title="bbox 3339 413 3476 471">
     <span class='ocr_line' id='line_1_3' title="bbox 3339 413 3476 471; baseline -0.007 -1"><span class='ocrx_word' id='word_1_7' title='bbox 3339 413 3476 471; x_wconf 70' lang='lat'><strong>1050</strong></span> 
     </span>
    </p>
   </div>
   <div class='ocr_carea' id='block_1_4' title="bbox 177 513 3478 596">
    <p class='ocr_par' dir='ltr' id='par_1_4' title="bbox 177 513 3478 596">
     <span class='ocr_line' id='line_1_4' title="bbox 177 513 3478 596; baseline 0.005 -24"><span class='ocrx_word' id='word_1_8' title='bbox 177 532 300 572; x_wconf 84' lang='lat' dir='ltr'><strong>nas</strong></span> <span class='ocrx_word' id='word_1_9' title='bbox 350 530 457 570; x_wconf 93' lang='lat' dir='ltr'><strong>non</strong></span> <span class='ocrx_word' id='word_1_10' title='bbox 496 514 602 569; x_wconf 87' lang='lat' dir='ltr'><strong>nisi</strong></span> <span class='ocrx_word' id='word_1_11' title='bbox 633 513 700 568; x_wconf 90' lang='lat' dir='ltr'><strong>ab</strong></span> <span class='ocrx_word' id='word_1_12' title='bbox 739 513 1009 584; x_wconf 82' lang='lat' dir='ltr'><strong>episcopis</strong></span> <span class='ocrx_word' id='word_1_13' title='bbox 1049 523 1346 569; x_wconf 82' lang='lat' dir='ltr'><strong>sanxerunt</strong></span> <span class='ocrx_word' id='word_1_14' title='bbox 1387 513 1640 583; x_wconf 90' lang='lat' dir='ltr'><strong>judicari.</strong></span> <span class='ocrx_word' id='word_1_15' title='bbox 1673 533 1693 566; x_wconf 70' lang='grc' dir='ltr'><strong><em>ι</em></strong></span> <span class='ocrx_word' id='word_1_16' title='bbox 1721 515 1789 570; x_wconf 86' lang='lat' dir='ltr'><strong>Et</strong></span> <span class='ocrx_word' id='word_1_17' title='bbox 1812 521 1866 582; x_wconf 75' lang='grc' dir='ltr'>Α</span> <span class='ocrx_word' id='word_1_18' title='bbox 1890 529 2029 584; x_wconf 89' lang='lat' dir='ltr'><strong>cret,</strong></span> <span class='ocrx_word' id='word_1_19' title='bbox 2065 522 2157 590; x_wconf 87' lang='lat' dir='ltr'><strong>qui</strong></span> <span class='ocrx_word' id='word_1_20' title='bbox 2193 521 2359 588; x_wconf 81' lang='lat' dir='ltr'><strong>dixit;</strong></span> <span class='ocrx_word' id='word_1_21' title='bbox 2397 523 2509 578; x_wconf 72' lang='lat' dir='ltr'><strong>lucc</strong></span> <span class='ocrx_word' id='word_1_22' title='bbox 2539 523 2968 596; x_wconf 87' lang='lat' dir='ltr'><strong>quotiescunque</strong></span> <span class='ocrx_word' id='word_1_23' title='bbox 2995 525 3253 596; x_wconf 74' lang='lat' dir='ltr'><strong>feceritis,</strong></span> <span class='ocrx_word' id='word_1_24' title='bbox 3287 531 3340 586; x_wconf 90' lang='lat' dir='ltr'><strong>in</strong></span> <span class='ocrx_word' id='word_1_25' title='bbox 3374 537 3478 590; x_wconf 89' lang='lat' dir='ltr'><strong>mei</strong></span> 
     </span>
    </p>
   </div>
   <div class='ocr_carea' id='block_1_5' title="bbox 178 605 1787 677">
    <p class='ocr_par' dir='ltr' id='par_1_5' title="bbox 178 605 1787 677">
     <span class='ocr_line' id='line_1_5' title="bbox 178 605 1787 677; baseline -0.001 -13"><span class='ocrx_word' id='word_1_26' title='bbox 178 612 330 664; x_wconf 91' lang='lat' dir='ltr'><strong>item</strong></span> <span class='ocrx_word' id='word_1_27' title='bbox 363 607 612 664; x_wconf 86' lang='lat' dir='ltr'><strong>Gclasius</strong></span> <span class='ocrx_word' id='word_1_28' title='bbox 660 608 727 660; x_wconf 87' lang='lat' dir='ltr'><strong>ad</strong></span> <span class='ocrx_word' id='word_1_29' title='bbox 759 605 1104 660; x_wconf 79' lang='lat' dir='ltr'><strong>Anastasium</strong></span> <span class='ocrx_word' id='word_1_30' title='bbox 1140 606 1520 677; x_wconf 84' lang='lat' dir='ltr'><strong>imperatorem</strong></span> <span class='ocrx_word' id='word_1_31' title='bbox 1554 623 1569 660; x_wconf 88' lang='lat'><strong>:</strong></span> <span class='ocrx_word' id='word_1_32' title='bbox 1607 625 1626 658; x_wconf 84' lang='grc'><em>‹</em></span> <span class='ocrx_word' id='word_1_33' title='bbox 1671 607 1787 662; x_wconf 89' lang='lat' dir='ltr'><strong>Duo</strong></span> 
     </span>
    </p>
   </div>
   <div class='ocr_carea' id='block_1_6' title="bbox 1895 613 3480 696">
    <p class='ocr_par' dir='ltr' id='par_1_6' title="bbox 1895 613 3480 696">
     <span class='ocr_line' id='line_1_6' title="bbox 1895 613 3480 696; baseline 0.012 -32"><span class='ocrx_word' id='word_1_34' title='bbox 1895 613 2212 667; x_wconf 83' lang='lat' dir='ltr'><strong>memoriam</strong></span> <span class='ocrx_word' id='word_1_35' title='bbox 2234 614 2464 681; x_wconf 82' lang='lat' dir='ltr'><strong>facietis,</strong></span> <span class='ocrx_word' id='word_1_36' title='bbox 2490 615 2605 688; x_wconf 89' lang='lat' dir='ltr'><strong>ipse</strong></span> <span class='ocrx_word' id='word_1_37' title='bbox 2629 625 2714 672; x_wconf 90' lang='lat' dir='ltr'><strong>est</strong></span> <span class='ocrx_word' id='word_1_38' title='bbox 2733 619 2824 688; x_wconf 87' lang='lat' dir='ltr'><strong>qui</strong></span> <span class='ocrx_word' id='word_1_39' title='bbox 2847 631 3150 676; x_wconf 82' lang='lat' dir='ltr'><strong>consecrat.</strong></span> <span class='ocrx_word' id='word_1_40' title='bbox 3174 621 3290 680; x_wconf 85' lang='lat' dir='ltr'><strong>Non</strong></span> <span class='ocrx_word' id='word_1_41' title='bbox 3315 625 3480 696; x_wconf 86' lang='lat' dir='ltr'><strong>igitur</strong></span> 
     </span>
    </p>
   </div>
   <div class='ocr_carea' id='block_1_7' title="bbox 177 695 3474 780">
    <p class='ocr_par' dir='ltr' id='par_1_7' title="bbox 177 695 3474 780">
     <span class='ocr_line' id='line_1_7' title="bbox 177 695 3474 780; baseline 0.006 -27"><span class='ocrx_word' id='word_1_42' title='bbox 177 708 347 763; x_wconf 85' lang='lat' dir='ltr'><strong>sunt,</strong></span> <span class='ocrx_word' id='word_1_43' title='bbox 374 698 566 768; x_wconf 75' lang='lat' dir='ltr'><strong>inquit,</strong></span> <span class='ocrx_word' id='word_1_44' title='bbox 596 697 892 766; x_wconf 85' lang='lat' dir='ltr'><strong>imperator</strong></span> <span class='ocrx_word' id='word_1_45' title='bbox 911 695 1172 766; x_wconf 84' lang='lat' dir='ltr'><strong>Auguste,</strong></span> <span class='ocrx_word' id='word_1_46' title='bbox 1196 697 1392 765; x_wconf 91' lang='lat' dir='ltr'><strong>quibus</strong></span> <span class='ocrx_word' id='word_1_47' title='bbox 1418 697 1792 768; x_wconf 79' lang='lat' dir='ltr'><strong>principaliter</strong></span> <span class='ocrx_word' id='word_1_48' title='bbox 1890 701 2276 773; x_wconf 90' lang='lat' dir='ltr'><strong>vilipendatis,</strong></span> <span class='ocrx_word' id='word_1_49' title='bbox 2330 705 2373 759; x_wconf 91' lang='lat' dir='ltr'><strong>si</strong></span> <span class='ocrx_word' id='word_1_50' title='bbox 2425 706 2478 760; x_wconf 91' lang='lat' dir='ltr'><strong>in</strong></span> <span class='ocrx_word' id='word_1_51' title='bbox 2532 708 2690 764; x_wconf 91' lang='lat' dir='ltr'><strong>nobis</strong></span> <span class='ocrx_word' id='word_1_52' title='bbox 2736 711 3184 780; x_wconf 85' lang='lat' dir='ltr'><strong>reprehensibilia</strong></span> <span class='ocrx_word' id='word_1_53' title='bbox 3236 695 3474 774; x_wconf 84' lang='lat' dir='ltr'><strong>videtis:</strong></span> 
     </span>
    </p>
   </div>
   <div class='ocr_carea' id='block_1_8' title="bbox 178 788 1789 861">
    <p class='ocr_par' dir='ltr' id='par_1_8' title="bbox 178 788 1789 861">
     <span class='ocr_line' id='line_1_8' title="bbox 178 788 1789 861; baseline 0.001 -17"><span class='ocrx_word' id='word_1_54' title='bbox 178 789 432 845; x_wconf 83' lang='lat' dir='ltr'><strong>mundus</strong></span> <span class='ocrx_word' id='word_1_55' title='bbox 459 788 546 843; x_wconf 90' lang='lat' dir='ltr'><strong>hic</strong></span> <span class='ocrx_word' id='word_1_56' title='bbox 575 788 797 858; x_wconf 87' lang='lat' dir='ltr'><strong>regitur,</strong></span> <span class='ocrx_word' id='word_1_57' title='bbox 837 789 1134 843; x_wconf 85' lang='lat' dir='ltr'><strong>auctoritas</strong></span> <span class='ocrx_word' id='word_1_58' title='bbox 1167 803 1322 844; x_wconf 89' lang='lat' dir='ltr'><strong>sacra</strong></span> <span class='ocrx_word' id='word_1_59' title='bbox 1365 791 1700 861; x_wconf 88' lang='lat' dir='ltr'><strong>pontiﬁcum,</strong></span> <span class='ocrx_word' id='word_1_60' title='bbox 1734 797 1789 846; x_wconf 90' lang='lat' dir='ltr'><strong>et</strong></span> 
     </span>
    </p>
   </div>
   <div class='ocr_carea' id='block_1_9' title="bbox 175 879 1787 954">
    <p class='ocr_par' dir='ltr' id='par_1_9' title="bbox 175 879 1787 954">
     <span class='ocr_line' id='line_1_9' title="bbox 175 879 1787 954; baseline 0 -16"><span class='ocrx_word' id='word_1_61' title='bbox 175 881 396 954; x_wconf 84' lang='lat' dir='ltr'><strong>regalis</strong></span> <span class='ocrx_word' id='word_1_62' title='bbox 421 887 694 950; x_wconf 87' lang='lat' dir='ltr'><strong>potestas;</strong></span> <span class='ocrx_word' id='word_1_63' title='bbox 729 879 782 934; x_wconf 93' lang='lat' dir='ltr'><strong>in</strong></span> <span class='ocrx_word' id='word_1_64' title='bbox 808 879 1005 950; x_wconf 89' lang='lat' dir='ltr'><strong>quibus</strong></span> <span class='ocrx_word' id='word_1_65' title='bbox 1030 888 1178 936; x_wconf 91' lang='lat' dir='ltr'><strong>tanto</strong></span> <span class='ocrx_word' id='word_1_66' title='bbox 1209 881 1428 952; x_wconf 83' lang='lat' dir='ltr'><strong>gravius</strong></span> <span class='ocrx_word' id='word_1_67' title='bbox 1454 883 1662 952; x_wconf 90' lang='lat' dir='ltr'><strong>pondus</strong></span> <span class='ocrx_word' id='word_1_68' title='bbox 1703 891 1787 939; x_wconf 90' lang='lat' dir='ltr'><strong>est</strong></span> 
     </span>
    </p>
   </div>
   <div class='ocr_carea' id='block_1_10' title="bbox 176 970 1783 1044">
    <p class='ocr_par' dir='ltr' id='par_1_10' title="bbox 176 970 1783 1044">
     <span class='ocr_line' id='line_1_10' title="bbox 176 970 1783 1044; baseline -0.001 -15"><span class='ocrx_word' id='word_1_69' title='bbox 176 973 566 1037; x_wconf 84' lang='lat' dir='ltr'><strong>sacerdotum,</strong></span> <span class='ocrx_word' id='word_1_70' title='bbox 595 978 799 1042; x_wconf 90' lang='lat' dir='ltr'><strong>quanto</strong></span> <span class='ocrx_word' id='word_1_71' title='bbox 823 970 987 1025; x_wconf 88' lang='lat' dir='ltr'><strong>etiam</strong></span> <span class='ocrx_word' id='word_1_72' title='bbox 1025 987 1123 1040; x_wconf 92' lang='lat' dir='ltr'><strong>pro</strong></span> <span class='ocrx_word' id='word_1_73' title='bbox 1155 973 1372 1044; x_wconf 80' lang='lat' dir='ltr'><strong>regibus</strong></span> <span class='ocrx_word' id='word_1_74' title='bbox 1394 973 1694 1037; x_wconf 84' lang='lat' dir='ltr'><strong>hominum,</strong></span> <span class='ocrx_word' id='word_1_75' title='bbox 1730 974 1783 1029; x_wconf 91' lang='lat' dir='ltr'><strong>in</strong></span> 
     </span>
    </p>
   </div>
   <div class='ocr_carea' id='block_1_11' title="bbox 176 1063 1783 1122">
    <p class='ocr_par' dir='ltr' id='par_1_11' title="bbox 176 1063 1783 1122">
     <span class='ocr_line' id='line_1_11' title="bbox 176 1063 1783 1122; baseline 0 0"><span class='ocrx_word' id='word_1_76' title='bbox 176 1066 379 1122; x_wconf 85' lang='lat' dir='ltr'><strong>divino</strong></span> <span class='ocrx_word' id='word_1_77' title='bbox 431 1063 693 1120; x_wconf 85' lang='lat' dir='ltr'><strong>reddituri</strong></span> <span class='ocrx_word' id='word_1_78' title='bbox 735 1073 861 1119; x_wconf 91' lang='lat' dir='ltr'><strong>sunt</strong></span> <span class='ocrx_word' id='word_1_79' title='bbox 906 1064 1158 1120; x_wconf 86' lang='lat' dir='ltr'><strong>examine</strong></span> <span class='ocrx_word' id='word_1_80' title='bbox 1190 1065 1476 1120; x_wconf 87' lang='lat' dir='ltr'><strong>rationem.</strong></span> <span class='ocrx_word' id='word_1_81' title='bbox 1509 1064 1660 1120; x_wconf 84' lang='lat' dir='ltr'><strong>Nosti</strong></span> <span class='ocrx_word' id='word_1_82' title='bbox 1703 1076 1783 1122; x_wconf 91' lang='lat' dir='ltr'><strong>et-</strong></span> 
     </span>
    </p>
   </div>
   <div class='ocr_carea' id='block_1_12' title="bbox 173 1156 1783 1228">
    <p class='ocr_par' dir='ltr' id='par_1_12' title="bbox 173 1156 1783 1228">
     <span class='ocr_line' id='line_1_12' title="bbox 173 1156 1783 1228; baseline 0.001 -15"><span class='ocrx_word' id='word_1_83' title='bbox 173 1161 358 1224; x_wconf 89' lang='lat' dir='ltr'><strong>enim,</strong></span> <span class='ocrx_word' id='word_1_84' title='bbox 411 1156 485 1211; x_wconf 92' lang='lat' dir='ltr'><strong>ﬁli</strong></span> <span class='ocrx_word' id='word_1_85' title='bbox 530 1156 982 1224; x_wconf 89' lang='lat' dir='ltr'><strong>clementissime,</strong></span> <span class='ocrx_word' id='word_1_86' title='bbox 1013 1157 1267 1228; x_wconf 89' lang='lat' dir='ltr'><strong>quoniam</strong></span> <span class='ocrx_word' id='word_1_87' title='bbox 1319 1157 1445 1213; x_wconf 90' lang='lat' dir='ltr'><strong>licet</strong></span> <span class='ocrx_word' id='word_1_88' title='bbox 1490 1157 1783 1228; x_wconf 72' lang='lat' dir='ltr'><strong>praesideas</strong></span> 
     </span>
    </p>
   </div>
   <div class='ocr_carea' id='block_1_13' title="bbox 176 1248 1780 1322">
    <p class='ocr_par' dir='ltr' id='par_1_13' title="bbox 176 1248 1780 1322">
     <span class='ocr_line' id='line_1_13' title="bbox 176 1248 1780 1322; baseline 0.002 -18"><span class='ocrx_word' id='word_1_89' title='bbox 176 1251 430 1304; x_wconf 89' lang='lat' dir='ltr'><strong>humano</strong></span> <span class='ocrx_word' id='word_1_90' title='bbox 459 1249 644 1319; x_wconf 90' lang='lat' dir='ltr'><strong>generi</strong></span> <span class='ocrx_word' id='word_1_91' title='bbox 689 1248 950 1320; x_wconf 80' lang='lat' dir='ltr'><strong>dignitate</strong></span> <span class='ocrx_word' id='word_1_92' title='bbox 990 1262 1195 1316; x_wconf 89' lang='lat' dir='ltr'><strong>rerum,</strong></span> <span class='ocrx_word' id='word_1_93' title='bbox 1228 1258 1410 1306; x_wconf 90' lang='lat' dir='ltr'><strong>tamen</strong></span> <span class='ocrx_word' id='word_1_94' title='bbox 1460 1251 1780 1322; x_wconf 75' lang='lat' dir='ltr'><strong>przesulibus</strong></span> 
     </span>
    </p>
   </div>
   <div class='ocr_carea' id='block_1_14' title="bbox 171 1340 1779 1416">
    <p class='ocr_par' dir='ltr' id='par_1_14' title="bbox 171 1340 1779 1416">
     <span class='ocr_line' id='line_1_14' title="bbox 171 1340 1779 1416; baseline 0.002 -19"><span class='ocrx_word' id='word_1_95' title='bbox 171 1340 487 1397; x_wconf 80' lang='lat' dir='ltr'><strong>divinitatis</strong></span> <span class='ocrx_word' id='word_1_96' title='bbox 520 1341 715 1398; x_wconf 88' lang='lat' dir='ltr'><strong>intuitu</strong></span> <span class='ocrx_word' id='word_1_97' title='bbox 740 1342 964 1398; x_wconf 89' lang='lat' dir='ltr'><strong>devotus</strong></span> <span class='ocrx_word' id='word_1_98' title='bbox 1008 1343 1147 1398; x_wconf 90' lang='lat' dir='ltr'><strong>colla</strong></span> <span class='ocrx_word' id='word_1_99' title='bbox 1172 1345 1476 1411; x_wconf 87' lang='lat' dir='ltr'><strong>submittis,</strong></span> <span class='ocrx_word' id='word_1_100' title='bbox 1522 1355 1683 1416; x_wconf 88' lang='lat' dir='ltr'><strong>atque</strong></span> <span class='ocrx_word' id='word_1_101' title='bbox 1709 1347 1779 1401; x_wconf 90' lang='lat' dir='ltr'><strong>ab</strong></span> 
     </span>
    </p>
   </div>
   <div class='ocr_carea' id='block_1_15' title="bbox 171 1433 1778 1506">
    <p class='ocr_par' dir='ltr' id='par_1_15' title="bbox 171 1433 1778 1506">
     <span class='ocr_line' id='line_1_15' title="bbox 171 1433 1778 1506; baseline 0.004 -18"><span class='ocrx_word' id='word_1_102' title='bbox 171 1435 263 1488; x_wconf 89' lang='lat' dir='ltr'><strong>eis</strong></span> <span class='ocrx_word' id='word_1_103' title='bbox 293 1448 488 1488; x_wconf 87' lang='lat' dir='ltr'><strong>causas</strong></span> <span class='ocrx_word' id='word_1_104' title='bbox 517 1441 620 1488; x_wconf 77' lang='lat' dir='ltr'><strong>tua:</strong></span> <span class='ocrx_word' id='word_1_105' title='bbox 657 1433 848 1490; x_wconf 87' lang='lat' dir='ltr'><strong>salutis</strong></span> <span class='ocrx_word' id='word_1_106' title='bbox 882 1437 1094 1505; x_wconf 77' lang='lat' dir='ltr'><strong>expetis</strong></span> <span class='ocrx_word' id='word_1_107' title='bbox 1133 1454 1144 1489; x_wconf 93' lang='lat'>:</span> <span class='ocrx_word' id='word_1_108' title='bbox 1177 1436 1340 1506; x_wconf 90' lang='lat' dir='ltr'><strong>inque</strong></span> <span class='ocrx_word' id='word_1_109' title='bbox 1363 1438 1642 1493; x_wconf 90' lang='lat' dir='ltr'><strong>sumendis</strong></span> <span class='ocrx_word' id='word_1_110' title='bbox 1667 1453 1778 1494; x_wconf 66' lang='lat' dir='ltr'><strong>cos-</strong></span> 
     </span>
    </p>
   </div>
   <div class='ocr_carea' id='block_1_16' title="bbox 170 1525 1776 1600">
    <p class='ocr_par' dir='ltr' id='par_1_16' title="bbox 170 1525 1776 1600">
     <span class='ocr_line' id='line_1_16' title="bbox 170 1525 1776 1600; baseline 0.004 -22"><span class='ocrx_word' id='word_1_111' title='bbox 170 1525 416 1581; x_wconf 85' lang='lat' dir='ltr'><strong>lestibus</strong></span> <span class='ocrx_word' id='word_1_112' title='bbox 443 1527 824 1592; x_wconf 87' lang='lat' dir='ltr'><strong>sacramentis,</strong></span> <span class='ocrx_word' id='word_1_113' title='bbox 867 1528 1056 1598; x_wconf 92' lang='lat' dir='ltr'><strong>eisque</strong></span> <span class='ocrx_word' id='word_1_114' title='bbox 1078 1538 1137 1584; x_wconf 91' lang='lat' dir='ltr'><strong>ut</strong></span> <span class='ocrx_word' id='word_1_115' title='bbox 1172 1530 1451 1599; x_wconf 86' lang='lat' dir='ltr'><strong>competit,</strong></span> <span class='ocrx_word' id='word_1_116' title='bbox 1481 1530 1776 1600; x_wconf 91' lang='lat' dir='ltr'><strong>disponen-</strong></span> 
     </span>
    </p>
   </div>
   <div class='ocr_carea' id='block_1_17' title="bbox 168 1619 1774 1694">
    <p class='ocr_par' dir='ltr' id='par_1_17' title="bbox 168 1619 1774 1694">
     <span class='ocr_line' id='line_1_17' title="bbox 168 1619 1774 1694; baseline 0.004 -22"><span class='ocrx_word' id='word_1_117' title='bbox 168 1619 298 1681; x_wconf 89' lang='lat' dir='ltr'><strong>dis,</strong></span> <span class='ocrx_word' id='word_1_118' title='bbox 353 1620 509 1674; x_wconf 86' lang='lat' dir='ltr'><strong>subdi</strong></span> <span class='ocrx_word' id='word_1_119' title='bbox 563 1629 614 1674; x_wconf 92' lang='lat' dir='ltr'><strong>te</strong></span> <span class='ocrx_word' id='word_1_120' title='bbox 661 1620 858 1676; x_wconf 87' lang='lat' dir='ltr'><strong>debere</strong></span> <span class='ocrx_word' id='word_1_121' title='bbox 915 1623 1198 1693; x_wconf 80' lang='lat' dir='ltr'><strong>cognoscis</strong></span> <span class='ocrx_word' id='word_1_122' title='bbox 1259 1623 1534 1694; x_wconf 73' lang='lat' dir='ltr'><strong>religionis</strong></span> <span class='ocrx_word' id='word_1_123' title='bbox 1584 1625 1774 1679; x_wconf 90' lang='lat' dir='ltr'><strong>ordine</strong></span> 
     </span>
    </p>
   </div>
   <div class='ocr_carea' id='block_1_18' title="bbox 168 1710 1772 1784">
    <p class='ocr_par' dir='ltr' id='par_1_18' title="bbox 168 1710 1772 1784">
     <span class='ocr_line' id='line_1_18' title="bbox 168 1710 1772 1784; baseline 0.004 -21"><span class='ocrx_word' id='word_1_124' title='bbox 168 1710 362 1780; x_wconf 84' lang='lat' dir='ltr'><strong>potius</strong></span> <span class='ocrx_word' id='word_1_125' title='bbox 387 1727 550 1782; x_wconf 91' lang='lat' dir='ltr'><strong>quam</strong></span> <span class='ocrx_word' id='word_1_126' title='bbox 579 1726 830 1782; x_wconf 64' lang='lat' dir='ltr'><strong>praeesse.</strong></span> <span class='ocrx_word' id='word_1_127' title='bbox 878 1711 1065 1784; x_wconf 84' lang='lat' dir='ltr'><strong>Itaque</strong></span> <span class='ocrx_word' id='word_1_128' title='bbox 1115 1714 1257 1770; x_wconf 92' lang='lat' dir='ltr'><strong>inter</strong></span> <span class='ocrx_word' id='word_1_129' title='bbox 1291 1715 1408 1770; x_wconf 66' lang='lat' dir='ltr'><strong>haec</strong></span> <span class='ocrx_word' id='word_1_130' title='bbox 1449 1715 1667 1770; x_wconf 91' lang='lat' dir='ltr'><strong>illorum</strong></span> <span class='ocrx_word' id='word_1_131' title='bbox 1719 1725 1772 1771; x_wconf 91' lang='lat' dir='ltr'><strong>te</strong></span> 
     </span>
    </p>
   </div>
   <div class='ocr_carea' id='block_1_19' title="bbox 167 1801 1770 1878">
    <p class='ocr_par' dir='ltr' id='par_1_19' title="bbox 167 1801 1770 1878">
     <span class='ocr_line' id='line_1_19' title="bbox 167 1801 1770 1878; baseline 0.004 -23"><span class='ocrx_word' id='word_1_132' title='bbox 167 1802 422 1872; x_wconf 87' lang='lat' dir='ltr'><strong>pendere</strong></span> <span class='ocrx_word' id='word_1_133' title='bbox 459 1801 685 1872; x_wconf 90' lang='lat' dir='ltr'><strong>judicio,</strong></span> <span class='ocrx_word' id='word_1_134' title='bbox 731 1819 838 1858; x_wconf 90' lang='lat' dir='ltr'><strong>non</strong></span> <span class='ocrx_word' id='word_1_135' title='bbox 881 1804 1001 1861; x_wconf 91' lang='lat' dir='ltr'><strong>illos</strong></span> <span class='ocrx_word' id='word_1_136' title='bbox 1028 1806 1094 1860; x_wconf 89' lang='lat' dir='ltr'><strong>ad</strong></span> <span class='ocrx_word' id='word_1_137' title='bbox 1134 1815 1280 1860; x_wconf 90' lang='lat' dir='ltr'><strong>tuam</strong></span> <span class='ocrx_word' id='word_1_138' title='bbox 1315 1805 1452 1862; x_wconf 82' lang='lat' dir='ltr'><strong>velle</strong></span> <span class='ocrx_word' id='word_1_139' title='bbox 1481 1807 1649 1878; x_wconf 87' lang='lat' dir='ltr'><strong>redigi</strong></span> <span class='ocrx_word' id='word_1_140' title='bbox 1675 1822 1770 1861; x_wconf 88' lang='lat' dir='ltr'><strong>vo-</strong></span> 
     </span>
    </p>
   </div>
   <div class='ocr_carea' id='block_1_20' title="bbox 1891 795 3478 876">
    <p class='ocr_par' dir='ltr' id='par_1_20' title="bbox 1891 795 3478 876">
     <span class='ocr_line' id='line_1_20' title="bbox 1891 795 3478 876; baseline 0.012 -28"><span class='ocrx_word' id='word_1_141' title='bbox 1891 795 2016 864; x_wconf 91' lang='lat' dir='ltr'><strong>quia</strong></span> <span class='ocrx_word' id='word_1_142' title='bbox 2043 797 2172 866; x_wconf 91' lang='lat' dir='ltr'><strong>quid</strong></span> <span class='ocrx_word' id='word_1_143' title='bbox 2205 798 2256 851; x_wconf 92' lang='lat' dir='ltr'><strong>in</strong></span> <span class='ocrx_word' id='word_1_144' title='bbox 2285 809 2497 856; x_wconf 90' lang='lat' dir='ltr'><strong>secreto</strong></span> <span class='ocrx_word' id='word_1_145' title='bbox 2525 815 2638 857; x_wconf 63' lang='lat' dir='ltr'><strong>suae</strong></span> <span class='ocrx_word' id='word_1_146' title='bbox 2664 804 2961 862; x_wconf 88' lang='lat' dir='ltr'><strong>divinitatis</strong></span> <span class='ocrx_word' id='word_1_147' title='bbox 2989 807 3055 862; x_wconf 92' lang='lat' dir='ltr'><strong>de</strong></span> <span class='ocrx_word' id='word_1_148' title='bbox 3079 809 3235 864; x_wconf 91' lang='lat' dir='ltr'><strong>nobis</strong></span> <span class='ocrx_word' id='word_1_149' title='bbox 3255 851 3270 876; x_wconf 97' lang='lat'><strong>,</strong></span> <span class='ocrx_word' id='word_1_150' title='bbox 3300 811 3381 865; x_wconf 88' lang='lat' dir='ltr'><strong>vel</strong></span> <span class='ocrx_word' id='word_1_151' title='bbox 3411 812 3478 867; x_wconf 92' lang='lat' dir='ltr'><strong>de</strong></span> 
     </span>
    </p>
   </div>
   <div class='ocr_carea' id='block_1_21' title="bbox 1887 887 3472 969">
    <p class='ocr_par' dir='ltr' id='par_1_21' title="bbox 1887 887 3472 969">
     <span class='ocr_line' id='line_1_21' title="bbox 1887 887 3472 969; baseline 0.013 -29"><span class='ocrx_word' id='word_1_152' title='bbox 1887 887 2041 942; x_wconf 90' lang='lat' dir='ltr'><strong>vobis</strong></span> <span class='ocrx_word' id='word_1_153' title='bbox 2070 889 2320 959; x_wconf 89' lang='lat' dir='ltr'><strong>disponat</strong></span> <span class='ocrx_word' id='word_1_154' title='bbox 2346 893 2607 948; x_wconf 89' lang='lat' dir='ltr'><strong>terribilis</strong></span> <span class='ocrx_word' id='word_1_155' title='bbox 2652 895 2704 949; x_wconf 88' lang='lat' dir='ltr'><strong>iu</strong></span> <span class='ocrx_word' id='word_1_156' title='bbox 2751 897 2993 953; x_wconf 90' lang='lat' dir='ltr'><strong>consiliis</strong></span> <span class='ocrx_word' id='word_1_157' title='bbox 3021 913 3186 969; x_wconf 87' lang='lat' dir='ltr'><strong>super</strong></span> <span class='ocrx_word' id='word_1_158' title='bbox 3211 899 3351 958; x_wconf 92' lang='lat' dir='ltr'><strong>ﬁlios</strong></span> <span class='ocrx_word' id='word_1_159' title='bbox 3377 902 3472 960; x_wconf 89' lang='lat' dir='ltr'><strong>ho-</strong></span> 
     </span>
    </p>
   </div>
   <div class='ocr_carea' id='block_1_22' title="bbox 1887 978 3473 1062">
    <p class='ocr_par' dir='ltr' id='par_1_22' title="bbox 1887 978 3473 1062">
     <span class='ocr_line' id='line_1_22' title="bbox 1887 978 3473 1062; baseline 0.013 -33"><span class='ocrx_word' id='word_1_160' title='bbox 1887 978 2113 1043; x_wconf 91' lang='lat' dir='ltr'><strong>minum,</strong></span> <span class='ocrx_word' id='word_1_161' title='bbox 2152 981 2430 1050; x_wconf 78' lang='lat' dir='ltr'><strong>ignoratis.</strong></span> <span class='ocrx_word' id='word_1_162' title='bbox 2475 983 2768 1041; x_wconf 85' lang='lat' dir='ltr'><strong>Recordari</strong></span> <span class='ocrx_word' id='word_1_163' title='bbox 2819 989 3052 1060; x_wconf 90' lang='lat' dir='ltr'><strong>denique</strong></span> <span class='ocrx_word' id='word_1_164' title='bbox 3103 994 3328 1062; x_wconf 87' lang='lat' dir='ltr'><strong>potestis</strong></span> <span class='ocrx_word' id='word_1_165' title='bbox 3373 1009 3473 1050; x_wconf 88' lang='lat' dir='ltr'><strong>vos</strong></span> 
     </span>
    </p>
   </div>
   <div class='ocr_carea' id='block_1_23' title="bbox 1883 1072 3473 1148">
    <p class='ocr_par' dir='ltr' id='par_1_23' title="bbox 1883 1072 3473 1148">
     <span class='ocr_line' id='line_1_23' title="bbox 1883 1072 3473 1148; baseline 0.012 -24"><span class='ocrx_word' id='word_1_166' title='bbox 1883 1072 2014 1126; x_wconf 91' lang='lat' dir='ltr'><strong>mihi</strong></span> <span class='ocrx_word' id='word_1_167' title='bbox 2044 1073 2264 1139; x_wconf 85' lang='lat' dir='ltr'><strong>dixisse,</strong></span> <span class='ocrx_word' id='word_1_168' title='bbox 2298 1076 2422 1146; x_wconf 89' lang='lat' dir='ltr'><strong>quia</strong></span> <span class='ocrx_word' id='word_1_169' title='bbox 2453 1077 2591 1132; x_wconf 89' lang='lat' dir='ltr'><strong>sicut</strong></span> <span class='ocrx_word' id='word_1_170' title='bbox 2613 1081 2766 1135; x_wconf 83' lang='lat' dir='ltr'><strong>vobis</strong></span> <span class='ocrx_word' id='word_1_171' title='bbox 2792 1081 3056 1148; x_wconf 79' lang='lat' dir='ltr'><strong>dixeram,</strong></span> <span class='ocrx_word' id='word_1_172' title='bbox 3087 1085 3331 1142; x_wconf 89' lang='lat' dir='ltr'><strong>ordinem</strong></span> <span class='ocrx_word' id='word_1_173' title='bbox 3365 1087 3473 1142; x_wconf 82' lang='lat' dir='ltr'><strong>dis-</strong></span> 
     </span>
    </p>
   </div>
   <div class='ocr_carea' id='block_1_24' title="bbox 1883 1163 3472 1248">
    <p class='ocr_par' dir='ltr' id='par_1_24' title="bbox 1883 1163 3472 1248">
     <span class='ocr_line' id='line_1_24' title="bbox 1883 1163 3472 1248; baseline 0.012 -34"><span class='ocrx_word' id='word_1_174' title='bbox 1883 1163 2184 1229; x_wconf 87' lang='lat' dir='ltr'><strong>cussionis,</strong></span> <span class='ocrx_word' id='word_1_175' title='bbox 2233 1167 2450 1236; x_wconf 85' lang='lat' dir='ltr'><strong>quando</strong></span> <span class='ocrx_word' id='word_1_176' title='bbox 2499 1169 2619 1237; x_wconf 91' lang='lat' dir='ltr'><strong>quis</strong></span> <span class='ocrx_word' id='word_1_177' title='bbox 2665 1170 2731 1224; x_wconf 90' lang='lat' dir='ltr'><strong>de</strong></span> <span class='ocrx_word' id='word_1_178' title='bbox 2794 1171 3060 1228; x_wconf 88' lang='lat' dir='ltr'><strong>beneﬁcio</strong></span> <span class='ocrx_word' id='word_1_179' title='bbox 3105 1176 3174 1230; x_wconf 91' lang='lat' dir='ltr'><strong>ab</strong></span> <span class='ocrx_word' id='word_1_180' title='bbox 3219 1177 3472 1248; x_wconf 89' lang='lat' dir='ltr'><strong>episcopo</strong></span> 
     </span>
    </p>
   </div>
   <div class='ocr_carea' id='block_1_25' title="bbox 1883 1254 3470 1336">
    <p class='ocr_par' dir='ltr' id='par_1_25' title="bbox 1883 1254 3470 1336">
     <span class='ocr_line' id='line_1_25' title="bbox 1883 1254 3470 1336; baseline 0.011 -29"><span class='ocrx_word' id='word_1_181' title='bbox 1883 1254 2018 1309; x_wconf 91' lang='lat' dir='ltr'><strong>tnlto</strong></span> <span class='ocrx_word' id='word_1_182' title='bbox 2041 1257 2108 1310; x_wconf 91' lang='lat' dir='ltr'><strong>ad</strong></span> <span class='ocrx_word' id='word_1_183' title='bbox 2129 1272 2226 1313; x_wconf 91' lang='lat' dir='ltr'><strong>vos</strong></span> <span class='ocrx_word' id='word_1_184' title='bbox 2254 1273 2312 1313; x_wconf 90' lang='lat' dir='ltr'><strong>se</strong></span> <span class='ocrx_word' id='word_1_185' title='bbox 2335 1259 2734 1327; x_wconf 88' lang='lat' dir='ltr'><strong>reclamaverit,</strong></span> <span class='ocrx_word' id='word_1_186' title='bbox 2755 1263 2990 1332; x_wconf 89' lang='lat' dir='ltr'><strong>qualiter</strong></span> <span class='ocrx_word' id='word_1_187' title='bbox 3011 1265 3183 1336; x_wconf 90' lang='lat' dir='ltr'><strong>ipsam</strong></span> <span class='ocrx_word' id='word_1_188' title='bbox 3205 1270 3470 1324; x_wconf 89' lang='lat' dir='ltr'><strong>rationem</strong></span> 
     </span>
    </p>
   </div>
   <div class='ocr_carea' id='block_1_26' title="bbox 1863 1346 3472 1429">
    <p class='ocr_par' dir='ltr' id='par_1_26' title="bbox 1863 1346 3472 1429">
     <span class='ocr_line' id='line_1_26' title="bbox 1863 1346 3472 1429; baseline 0.011 -31"><span class='ocrx_word' id='word_1_189' title='bbox 1863 1346 2074 1420; x_wconf 85' lang='lat' dir='ltr'><strong>discuti</strong></span> <span class='ocrx_word' id='word_1_190' title='bbox 2119 1347 2312 1416; x_wconf 85' lang='lat' dir='ltr'><strong>jubere</strong></span> <span class='ocrx_word' id='word_1_191' title='bbox 2353 1350 2622 1406; x_wconf 89' lang='lat' dir='ltr'><strong>deberetis</strong></span> <span class='ocrx_word' id='word_1_192' title='bbox 2657 1370 2669 1405; x_wconf 92' lang='lat'>:</span> <span class='ocrx_word' id='word_1_193' title='bbox 2705 1353 2777 1407; x_wconf 87' lang='lat' dir='ltr'><strong>ita</strong></span> <span class='ocrx_word' id='word_1_194' title='bbox 2820 1362 2876 1408; x_wconf 90' lang='lat' dir='ltr'><strong>et</strong></span> <span class='ocrx_word' id='word_1_195' title='bbox 2922 1363 3109 1424; x_wconf 90' lang='lat' dir='ltr'><strong>postea</strong></span> <span class='ocrx_word' id='word_1_196' title='bbox 3152 1356 3349 1429; x_wconf 88' lang='lat' dir='ltr'><strong>legisse</strong></span> <span class='ocrx_word' id='word_1_197' title='bbox 3372 1375 3472 1416; x_wconf 84' lang='lat' dir='ltr'><strong>vos</strong></span> 
     </span>
    </p>
   </div>
   <div class='ocr_carea' id='block_1_27' title="bbox 1877 1439 3474 1519">
    <p class='ocr_par' dir='ltr' id='par_1_27' title="bbox 1877 1439 3474 1519">
     <span class='ocr_line' id='line_1_27' title="bbox 1877 1439 3474 1519; baseline 0.009 -27"><span class='ocrx_word' id='word_1_198' title='bbox 1877 1439 2122 1509; x_wconf 88' lang='lat' dir='ltr'><strong>contigit,</strong></span> <span class='ocrx_word' id='word_1_199' title='bbox 2151 1449 2206 1495; x_wconf 92' lang='lat' dir='ltr'><strong>et</strong></span> <span class='ocrx_word' id='word_1_200' title='bbox 2230 1441 2331 1496; x_wconf 92' lang='lat' dir='ltr'><strong>hoc</strong></span> <span class='ocrx_word' id='word_1_201' title='bbox 2352 1452 2745 1510; x_wconf 83' lang='lat' dir='ltr'><strong>antecessores,</strong></span> <span class='ocrx_word' id='word_1_202' title='bbox 2778 1453 2834 1501; x_wconf 90' lang='lat' dir='ltr'><strong>et</strong></span> <span class='ocrx_word' id='word_1_203' title='bbox 2861 1448 3237 1519; x_wconf 79' lang='lat' dir='ltr'><strong>progenitores</strong></span> <span class='ocrx_word' id='word_1_204' title='bbox 3265 1460 3474 1506; x_wconf 87' lang='lat' dir='ltr'><strong>vestros</strong></span> 
     </span>
    </p>
   </div>
   <div class='ocr_carea' id='block_1_28' title="bbox 1879 1530 3474 1605">
    <p class='ocr_par' dir='ltr' id='par_1_28' title="bbox 1879 1530 3474 1605">
     <span class='ocr_line' id='line_1_28' title="bbox 1879 1530 3474 1605; baseline 0.009 -22"><span class='ocrx_word' id='word_1_205' title='bbox 1879 1530 2135 1596; x_wconf 90' lang='lat' dir='ltr'><strong>tenuisse,</strong></span> <span class='ocrx_word' id='word_1_206' title='bbox 2164 1540 2218 1586; x_wconf 90' lang='lat' dir='ltr'><strong>et</strong></span> <span class='ocrx_word' id='word_1_207' title='bbox 2249 1548 2345 1588; x_wconf 88' lang='lat' dir='ltr'><strong>vos</strong></span> <span class='ocrx_word' id='word_1_208' title='bbox 2377 1534 2514 1589; x_wconf 89' lang='lat' dir='ltr'><strong>velle</strong></span> <span class='ocrx_word' id='word_1_209' title='bbox 2555 1545 2758 1592; x_wconf 89' lang='lat' dir='ltr'><strong>tenere.</strong></span> <span class='ocrx_word' id='word_1_210' title='bbox 2811 1537 2982 1605; x_wconf 90' lang='lat' dir='ltr'><strong>Quem</strong></span> <span class='ocrx_word' id='word_1_211' title='bbox 3011 1539 3256 1595; x_wconf 90' lang='lat' dir='ltr'><strong>ordinem</strong></span> <span class='ocrx_word' id='word_1_212' title='bbox 3303 1539 3347 1595; x_wconf 91' lang='lat' dir='ltr'><strong>si</strong></span> <span class='ocrx_word' id='word_1_213' title='bbox 3398 1549 3474 1597; x_wconf 83' lang='lat' dir='ltr'><strong>te-</strong></span> 
     </span>
    </p>
   </div>
   <div class='ocr_carea' id='block_1_29' title="bbox 1876 1623 3476 1700">
    <p class='ocr_par' dir='ltr' id='par_1_29' title="bbox 1876 1623 3476 1700">
     <span class='ocr_line' id='line_1_29' title="bbox 1876 1623 3476 1700; baseline 0.009 -24"><span class='ocrx_word' id='word_1_214' title='bbox 1876 1623 2135 1691; x_wconf 83' lang='lat' dir='ltr'><strong>nueritis,</strong></span> <span class='ocrx_word' id='word_1_215' title='bbox 2160 1637 2215 1680; x_wconf 91' lang='lat' dir='ltr'><strong>et</strong></span> <span class='ocrx_word' id='word_1_216' title='bbox 2258 1627 2544 1684; x_wconf 91' lang='lat' dir='ltr'><strong>Dominum</strong></span> <span class='ocrx_word' id='word_1_217' title='bbox 2578 1630 2632 1685; x_wconf 92' lang='lat' dir='ltr'><strong>in</strong></span> <span class='ocrx_word' id='word_1_218' title='bbox 2664 1640 2844 1686; x_wconf 90' lang='lat' dir='ltr'><strong>vestra</strong></span> <span class='ocrx_word' id='word_1_219' title='bbox 2875 1631 3122 1700; x_wconf 89' lang='lat' dir='ltr'><strong>jussione</strong></span> <span class='ocrx_word' id='word_1_220' title='bbox 3157 1649 3263 1688; x_wconf 89' lang='lat' dir='ltr'><strong>non</strong></span> <span class='ocrx_word' id='word_1_221' title='bbox 3307 1634 3476 1691; x_wconf 84' lang='lat' dir='ltr'><strong>oﬁ&#39;en-</strong></span> 
     </span>
    </p>
   </div>
   <div class='ocr_carea' id='block_1_30' title="bbox 1875 1716 3473 1792">
    <p class='ocr_par' dir='ltr' id='par_1_30' title="bbox 1875 1716 3473 1792">
     <span class='ocr_line' id='line_1_30' title="bbox 1875 1716 3473 1792; baseline 0.008 -22"><span class='ocrx_word' id='word_1_222' title='bbox 1875 1716 2043 1784; x_wconf 91' lang='lat' dir='ltr'><strong>detis,</strong></span> <span class='ocrx_word' id='word_1_223' title='bbox 2074 1727 2129 1774; x_wconf 90' lang='lat' dir='ltr'><strong>et</strong></span> <span class='ocrx_word' id='word_1_224' title='bbox 2159 1720 2589 1778; x_wconf 85' lang='lat' dir='ltr'><strong>ecclesiasticam</strong></span> <span class='ocrx_word' id='word_1_225' title='bbox 2635 1725 3014 1781; x_wconf 86' lang='lat' dir='ltr'><strong>auctoritatem</strong></span> <span class='ocrx_word' id='word_1_226' title='bbox 3057 1727 3374 1792; x_wconf 89' lang='lat' dir='ltr'><strong>servabitis,</strong></span> <span class='ocrx_word' id='word_1_227' title='bbox 3418 1737 3473 1782; x_wconf 90' lang='lat' dir='ltr'><strong>et</strong></span> 
     </span>
    </p>
   </div>
   <div class='ocr_carea' id='block_1_31' title="bbox 1876 1809 3470 1889">
    <p class='ocr_par' dir='ltr' id='par_1_31' title="bbox 1876 1809 3470 1889">
     <span class='ocr_line' id='line_1_31' title="bbox 1876 1809 3470 1889; baseline 0.007 -27"><span class='ocrx_word' id='word_1_228' title='bbox 1876 1809 2192 1878; x_wconf 85' lang='lat' dir='ltr'><strong>dignitatem</strong></span> <span class='ocrx_word' id='word_1_229' title='bbox 2223 1822 2462 1868; x_wconf 87' lang='lat' dir='ltr'><strong>vestram</strong></span> <span class='ocrx_word' id='word_1_230' title='bbox 2491 1815 2848 1880; x_wconf 70' lang='lat' dir='ltr'><strong>honor-abitis,</strong></span> <span class='ocrx_word' id='word_1_231' title='bbox 2877 1823 2932 1871; x_wconf 89' lang='lat' dir='ltr'><strong>et</strong></span> <span class='ocrx_word' id='word_1_232' title='bbox 2967 1816 3277 1886; x_wconf 82' lang='lat' dir='ltr'><strong>aequitatem</strong></span> <span class='ocrx_word' id='word_1_233' title='bbox 3306 1825 3470 1889; x_wconf 85' lang='lat' dir='ltr'><strong>atque</strong></span> 
     </span>
    </p>
   </div>
   <div class='ocr_carea' id='block_1_32' title="bbox 166 1893 3468 1979">
    <p class='ocr_par' dir='ltr' id='par_1_32' title="bbox 166 1893 3468 1979">
     <span class='ocr_line' id='line_1_32' title="bbox 166 1893 3468 1979; baseline 0.005 -31"><span class='ocrx_word' id='word_1_234' title='bbox 166 1894 468 1951; x_wconf 88' lang='lat' dir='ltr'><strong>luntatem.</strong></span> <span class='ocrx_word' id='word_1_235' title='bbox 528 1896 583 1951; x_wconf 91' lang='lat' dir='ltr'><strong>Si</strong></span> <span class='ocrx_word' id='word_1_236' title='bbox 621 1898 766 1952; x_wconf 90' lang='lat' dir='ltr'><strong>enim</strong></span> <span class='ocrx_word' id='word_1_237' title='bbox 815 1907 1077 1968; x_wconf 89' lang='lat' dir='ltr'><strong>quantum</strong></span> <span class='ocrx_word' id='word_1_238' title='bbox 1128 1900 1196 1954; x_wconf 90' lang='lat' dir='ltr'><strong>ad</strong></span> <span class='ocrx_word' id='word_1_239' title='bbox 1247 1901 1494 1955; x_wconf 88' lang='lat' dir='ltr'><strong>ordinem</strong></span> <span class='ocrx_word' id='word_1_240' title='bbox 1541 1899 1770 1970; x_wconf 71' lang='lat' dir='ltr'><strong>publica:</strong></span> <span class='ocrx_word' id='word_1_241' title='bbox 1799 1893 1845 1952; x_wconf 90' lang='lat' dir='ltr'><strong>B</strong></span> <span class='ocrx_word' id='word_1_242' title='bbox 1867 1897 2134 1970; x_wconf 84' lang='lat' dir='ltr'><strong>justitiam</strong></span> <span class='ocrx_word' id='word_1_243' title='bbox 2165 1919 2292 1975; x_wconf 85' lang='lat' dir='ltr'><strong>erga</strong></span> <span class='ocrx_word' id='word_1_244' title='bbox 2319 1921 2442 1961; x_wconf 90' lang='lat' dir='ltr'><strong>eum</strong></span> <span class='ocrx_word' id='word_1_245' title='bbox 2482 1906 2548 1961; x_wconf 91' lang='lat' dir='ltr'><strong>de</strong></span> <span class='ocrx_word' id='word_1_246' title='bbox 2576 1921 2685 1976; x_wconf 92' lang='lat' dir='ltr'><strong>quo</strong></span> <span class='ocrx_word' id='word_1_247' title='bbox 2725 1907 3070 1973; x_wconf 87' lang='lat' dir='ltr'><strong>reclamatur,</strong></span> <span class='ocrx_word' id='word_1_248' title='bbox 3111 1917 3165 1962; x_wconf 89' lang='lat' dir='ltr'><strong>et</strong></span> <span class='ocrx_word' id='word_1_249' title='bbox 3193 1924 3322 1979; x_wconf 86' lang='lat' dir='ltr'><strong>erga</strong></span> <span class='ocrx_word' id='word_1_250' title='bbox 3345 1924 3468 1963; x_wconf 92' lang='lat' dir='ltr'><strong>eum</strong></span> 
     </span>
    </p>
   </div>
   <div class='ocr_carea' id='block_1_33' title="bbox 163 1988 1771 2063">
    <p class='ocr_par' dir='ltr' id='par_1_33' title="bbox 163 1988 1771 2063">
     <span class='ocr_line' id='line_1_33' title="bbox 163 1988 1771 2063; baseline 0.002 -19"><span class='ocrx_word' id='word_1_251' title='bbox 163 1988 413 2058; x_wconf 83' lang='lat' dir='ltr'><strong>pertinet</strong></span> <span class='ocrx_word' id='word_1_252' title='bbox 452 1989 767 2060; x_wconf 72' lang='lat' dir='ltr'><strong>disciplima,</strong></span> <span class='ocrx_word' id='word_1_253' title='bbox 797 2000 1184 2062; x_wconf 84' lang='lat' dir='ltr'><strong>cognoscentes</strong></span> <span class='ocrx_word' id='word_1_254' title='bbox 1233 1991 1518 2063; x_wconf 89' lang='lat' dir='ltr'><strong>imperium</strong></span> <span class='ocrx_word' id='word_1_255' title='bbox 1554 1993 1647 2048; x_wconf 91' lang='lat' dir='ltr'><strong>tibi</strong></span> <span class='ocrx_word' id='word_1_256' title='bbox 1681 2009 1771 2048; x_wconf 89' lang='lat' dir='ltr'><strong>su-</strong></span> 
     </span>
    </p>
   </div>
   <div class='ocr_carea' id='block_1_34' title="bbox 164 2079 1770 2155">
    <p class='ocr_par' dir='ltr' id='par_1_34' title="bbox 164 2079 1770 2155">
     <span class='ocr_line' id='line_1_34' title="bbox 164 2079 1770 2155; baseline 0.005 -22"><span class='ocrx_word' id='word_1_257' title='bbox 164 2095 347 2150; x_wconf 88' lang='lat' dir='ltr'><strong>perna</strong></span> <span class='ocrx_word' id='word_1_258' title='bbox 369 2080 721 2151; x_wconf 89' lang='lat' dir='ltr'><strong>dispositione</strong></span> <span class='ocrx_word' id='word_1_259' title='bbox 749 2079 1025 2148; x_wconf 90' lang='lat' dir='ltr'><strong>collatum,</strong></span> <span class='ocrx_word' id='word_1_260' title='bbox 1053 2081 1262 2154; x_wconf 84' lang='lat' dir='ltr'><strong>legibus</strong></span> <span class='ocrx_word' id='word_1_261' title='bbox 1295 2084 1399 2138; x_wconf 91' lang='lat' dir='ltr'><strong>tuis</strong></span> <span class='ocrx_word' id='word_1_262' title='bbox 1428 2084 1526 2154; x_wconf 82' lang='lat' dir='ltr'><strong>ipSI</strong></span> <span class='ocrx_word' id='word_1_263' title='bbox 1554 2099 1770 2155; x_wconf 88' lang='lat' dir='ltr'><strong>quoque</strong></span> 
     </span>
    </p>
   </div>
   <div class='ocr_carea' id='block_1_35' title="bbox 165 2173 1769 2245">
    <p class='ocr_par' dir='ltr' id='par_1_35' title="bbox 165 2173 1769 2245">
     <span class='ocr_line' id='line_1_35' title="bbox 165 2173 1769 2245; baseline 0.005 -19"><span class='ocrx_word' id='word_1_264' title='bbox 165 2183 371 2241; x_wconf 86' lang='lat' dir='ltr'><strong>parent</strong></span> <span class='ocrx_word' id='word_1_265' title='bbox 395 2173 670 2245; x_wconf 88' lang='lat' dir='ltr'><strong>religionis</strong></span> <span class='ocrx_word' id='word_1_266' title='bbox 698 2174 1004 2242; x_wconf 85' lang='lat' dir='ltr'><strong>antistites,</strong></span> <span class='ocrx_word' id='word_1_267' title='bbox 1036 2191 1105 2232; x_wconf 90' lang='lat' dir='ltr'><strong>ne</strong></span> <span class='ocrx_word' id='word_1_268' title='bbox 1135 2176 1220 2230; x_wconf 89' lang='lat' dir='ltr'><strong>vel</strong></span> <span class='ocrx_word' id='word_1_269' title='bbox 1249 2177 1304 2232; x_wconf 92' lang='lat' dir='ltr'><strong>in</strong></span> <span class='ocrx_word' id='word_1_270' title='bbox 1341 2177 1502 2233; x_wconf 88' lang='lat' dir='ltr'><strong>rebus</strong></span> <span class='ocrx_word' id='word_1_271' title='bbox 1541 2179 1769 2234; x_wconf 89' lang='lat' dir='ltr'><strong>munda-</strong></span> 
     </span>
    </p>
   </div>
   <div class='ocr_carea' id='block_1_36' title="bbox 165 2269 1768 2343">
    <p class='ocr_par' dir='ltr' id='par_1_36' title="bbox 165 2269 1768 2343">
     <span class='ocr_line' id='line_1_36' title="bbox 165 2269 1768 2343; baseline 0.004 -20"><span class='ocrx_word' id='word_1_272' title='bbox 165 2269 260 2323; x_wconf 86' lang='lat' dir='ltr'><strong>nis</strong></span> <span class='ocrx_word' id='word_1_273' title='bbox 285 2269 519 2325; x_wconf 80' lang='lat' dir='ltr'><strong>exclusac</strong></span> <span class='ocrx_word' id='word_1_274' title='bbox 552 2270 841 2326; x_wconf 90' lang='lat' dir='ltr'><strong>videantur</strong></span> <span class='ocrx_word' id='word_1_275' title='bbox 885 2272 1105 2328; x_wconf 88' lang='lat' dir='ltr'><strong>obviare</strong></span> <span class='ocrx_word' id='word_1_276' title='bbox 1151 2273 1464 2339; x_wconf 71' lang='lat' dir='ltr'><strong>sementim;</strong></span> <span class='ocrx_word' id='word_1_277' title='bbox 1511 2289 1638 2343; x_wconf 91' lang='lat' dir='ltr'><strong>quo,</strong></span> <span class='ocrx_word' id='word_1_278' title='bbox 1672 2289 1768 2330; x_wconf 93' lang='lat' dir='ltr'><strong>oro</strong></span> 
     </span>
    </p>
   </div>
   <div class='ocr_carea' id='block_1_37' title="bbox 168 2362 1767 2439">
    <p class='ocr_par' dir='ltr' id='par_1_37' title="bbox 168 2362 1767 2439">
     <span class='ocr_line' id='line_1_37' title="bbox 168 2362 1767 2439; baseline 0.006 -24"><span class='ocrx_word' id='word_1_279' title='bbox 168 2372 243 2423; x_wconf 90' lang='lat' dir='ltr'><strong>te,</strong></span> <span class='ocrx_word' id='word_1_280' title='bbox 276 2363 431 2417; x_wconf 89' lang='lat' dir='ltr'><strong>decet</strong></span> <span class='ocrx_word' id='word_1_281' title='bbox 456 2362 651 2419; x_wconf 68' lang='lat' dir='ltr'><strong>affectu</strong></span> <span class='ocrx_word' id='word_1_282' title='bbox 687 2373 742 2418; x_wconf 92' lang='lat' dir='ltr'><strong>et</strong></span> <span class='ocrx_word' id='word_1_283' title='bbox 770 2365 1026 2419; x_wconf 85' lang='lat' dir='ltr'><strong>convenit</strong></span> <span class='ocrx_word' id='word_1_284' title='bbox 1058 2365 1138 2420; x_wconf 90' lang='lat' dir='ltr'><strong>eis</strong></span> <span class='ocrx_word' id='word_1_285' title='bbox 1165 2366 1406 2431; x_wconf 85' lang='lat' dir='ltr'><strong>obedire,</strong></span> <span class='ocrx_word' id='word_1_286' title='bbox 1440 2367 1529 2438; x_wconf 90' lang='lat' dir='ltr'><strong>qui</strong></span> <span class='ocrx_word' id='word_1_287' title='bbox 1561 2381 1767 2439; x_wconf 65' lang='lat' dir='ltr'><strong>praero-</strong></span> 
     </span>
    </p>
   </div>
   <div class='ocr_carea' id='block_1_38' title="bbox 164 2454 1768 2530">
    <p class='ocr_par' dir='ltr' id='par_1_38' title="bbox 164 2454 1768 2530">
     <span class='ocr_line' id='line_1_38' title="bbox 164 2454 1768 2530; baseline 0.005 -23"><span class='ocrx_word' id='word_1_288' title='bbox 164 2454 368 2524; x_wconf 89' lang='lat' dir='ltr'><strong>gandis</strong></span> <span class='ocrx_word' id='word_1_289' title='bbox 408 2455 806 2512; x_wconf 86' lang='lat' dir='ltr'><strong>venerabilibus</strong></span> <span class='ocrx_word' id='word_1_290' title='bbox 837 2467 961 2512; x_wconf 92' lang='lat' dir='ltr'><strong>sunt</strong></span> <span class='ocrx_word' id='word_1_291' title='bbox 995 2459 1239 2513; x_wconf 89' lang='lat' dir='ltr'><strong>attributi</strong></span> <span class='ocrx_word' id='word_1_292' title='bbox 1282 2459 1591 2530; x_wconf 86' lang='lat' dir='ltr'><strong>mysteriis?</strong></span> <span class='ocrx_word' id='word_1_293' title='bbox 1635 2459 1768 2515; x_wconf 83' lang='lat' dir='ltr'><strong>Pro-</strong></span> 
     </span>
    </p>
   </div>
   <div class='ocr_carea' id='block_1_39' title="bbox 163 2546 1766 2621">
    <p class='ocr_par' dir='ltr' id='par_1_39' title="bbox 163 2546 1766 2621">
     <span class='ocr_line' id='line_1_39' title="bbox 163 2546 1766 2621; baseline 0.006 -20"><span class='ocrx_word' id='word_1_294' title='bbox 163 2546 295 2602; x_wconf 89' lang='lat' dir='ltr'><strong>inde</strong></span> <span class='ocrx_word' id='word_1_295' title='bbox 325 2547 467 2603; x_wconf 91' lang='lat' dir='ltr'><strong>sicut</strong></span> <span class='ocrx_word' id='word_1_296' title='bbox 493 2564 600 2604; x_wconf 91' lang='lat' dir='ltr'><strong>non</strong></span> <span class='ocrx_word' id='word_1_297' title='bbox 638 2549 757 2604; x_wconf 83' lang='lat' dir='ltr'><strong>leve</strong></span> <span class='ocrx_word' id='word_1_298' title='bbox 791 2551 1082 2606; x_wconf 88' lang='lat' dir='ltr'><strong>discrimen</strong></span> <span class='ocrx_word' id='word_1_299' title='bbox 1111 2553 1374 2608; x_wconf 86' lang='lat' dir='ltr'><strong>incumbit</strong></span> <span class='ocrx_word' id='word_1_300' title='bbox 1416 2553 1766 2621; x_wconf 88' lang='lat' dir='ltr'><strong>pontiﬁcibus</strong></span> 
     </span>
    </p>
   </div>
   <div class='ocr_carea' id='block_1_40' title="bbox 162 2640 1760 2715">
    <p class='ocr_par' dir='ltr' id='par_1_40' title="bbox 162 2640 1760 2715">
     <span class='ocr_line' id='line_1_40' title="bbox 162 2640 1760 2715; baseline 0.006 -21"><span class='ocrx_word' id='word_1_301' title='bbox 162 2640 384 2696; x_wconf 88' lang='lat' dir='ltr'><strong>siluisse</strong></span> <span class='ocrx_word' id='word_1_302' title='bbox 420 2657 518 2713; x_wconf 91' lang='lat' dir='ltr'><strong>pro</strong></span> <span class='ocrx_word' id='word_1_303' title='bbox 554 2643 851 2698; x_wconf 84' lang='lat' dir='ltr'><strong>divinitatis</strong></span> <span class='ocrx_word' id='word_1_304' title='bbox 891 2644 1042 2699; x_wconf 92' lang='lat' dir='ltr'><strong>cultu</strong></span> <span class='ocrx_word' id='word_1_305' title='bbox 1073 2647 1216 2715; x_wconf 89' lang='lat' dir='ltr'><strong>quod</strong></span> <span class='ocrx_word' id='word_1_306' title='bbox 1245 2647 1516 2713; x_wconf 84' lang='lat' dir='ltr'><strong>congruit,</strong></span> <span class='ocrx_word' id='word_1_307' title='bbox 1545 2647 1619 2702; x_wconf 89' lang='lat' dir='ltr'><strong>ita</strong></span> <span class='ocrx_word' id='word_1_308' title='bbox 1653 2648 1760 2713; x_wconf 91' lang='lat' dir='ltr'><strong>his,</strong></span> 
     </span>
    </p>
   </div>
   <div class='ocr_carea' id='block_1_41' title="bbox 163 2736 1763 2813">
    <p class='ocr_par' dir='ltr' id='par_1_41' title="bbox 163 2736 1763 2813">
     <span class='ocr_line' id='line_1_41' title="bbox 163 2736 1763 2813; baseline 0.006 -24"><span class='ocrx_word' id='word_1_309' title='bbox 163 2736 312 2806; x_wconf 90' lang='lat' dir='ltr'><strong>quod</strong></span> <span class='ocrx_word' id='word_1_310' title='bbox 346 2737 517 2804; x_wconf 89' lang='lat' dir='ltr'><strong>absit,</strong></span> <span class='ocrx_word' id='word_1_311' title='bbox 553 2753 657 2793; x_wconf 92' lang='lat' dir='ltr'><strong>non</strong></span> <span class='ocrx_word' id='word_1_312' title='bbox 709 2737 982 2794; x_wconf 86' lang='lat' dir='ltr'><strong>mediocre</strong></span> <span class='ocrx_word' id='word_1_313' title='bbox 1030 2740 1330 2810; x_wconf 88' lang='lat' dir='ltr'><strong>periculum</strong></span> <span class='ocrx_word' id='word_1_314' title='bbox 1365 2749 1482 2807; x_wconf 89' lang='lat' dir='ltr'><strong>est,</strong></span> <span class='ocrx_word' id='word_1_315' title='bbox 1514 2743 1604 2813; x_wconf 92' lang='lat' dir='ltr'><strong>qui</strong></span> <span class='ocrx_word' id='word_1_316' title='bbox 1640 2757 1763 2798; x_wconf 90' lang='lat' dir='ltr'><strong>cum</strong></span> 
     </span>
    </p>
   </div>
   <div class='ocr_carea' id='block_1_42' title="bbox 163 2827 1019 2898">
    <p class='ocr_par' dir='ltr' id='par_1_42' title="bbox 163 2827 1019 2898">
     <span class='ocr_line' id='line_1_42' title="bbox 163 2827 1019 2898; baseline 0.002 -18"><span class='ocrx_word' id='word_1_317' title='bbox 163 2827 366 2881; x_wconf 80' lang='lat' dir='ltr'><strong>debent</strong></span> <span class='ocrx_word' id='word_1_318' title='bbox 392 2844 603 2898; x_wconf 85' lang='lat' dir='ltr'><strong>parere,</strong></span> <span class='ocrx_word' id='word_1_319' title='bbox 637 2829 962 2898; x_wconf 87' lang='lat' dir='ltr'><strong>despiciunt.</strong></span> <span class='ocrx_word' id='word_1_320' title='bbox 1000 2850 1019 2882; x_wconf 71' lang='grc' dir='ltr'><strong><em>ι</em></strong></span> 
     </span>
    </p>
   </div>
   <div class='ocr_carea' id='block_1_43' title="bbox 239 2919 1764 2986">
    <p class='ocr_par' dir='ltr' id='par_1_43' title="bbox 239 2919 1764 2986">
     <span class='ocr_line' id='line_1_43' title="bbox 239 2919 1764 2986; baseline 0.007 -11"><span class='ocrx_word' id='word_1_321' title='bbox 239 2919 418 2984; x_wconf 85' lang='lat' dir='ltr'><strong>Unde,</strong></span> <span class='ocrx_word' id='word_1_322' title='bbox 452 2921 835 2976; x_wconf 87' lang='lat' dir='ltr'><strong>charissimum</strong></span> <span class='ocrx_word' id='word_1_323' title='bbox 864 2931 919 2978; x_wconf 89' lang='lat' dir='ltr'><strong>et</strong></span> <span class='ocrx_word' id='word_1_324' title='bbox 949 2925 1474 2982; x_wconf 81' lang='lat' dir='ltr'><strong>venerabilissimum</strong></span> <span class='ocrx_word' id='word_1_325' title='bbox 1507 2927 1641 2984; x_wconf 86' lang='lat' dir='ltr'><strong>mihi</strong></span> <span class='ocrx_word' id='word_1_326' title='bbox 1674 2945 1764 2986; x_wconf 90' lang='lat' dir='ltr'><strong>ca-</strong></span> 
     </span>
    </p>
   </div>
   <div class='ocr_carea' id='block_1_44' title="bbox 161 3009 1764 3090">
    <p class='ocr_par' dir='ltr' id='par_1_44' title="bbox 161 3009 1764 3090">
     <span class='ocr_line' id='line_1_44' title="bbox 161 3009 1764 3090; baseline 0.007 -24"><span class='ocrx_word' id='word_1_327' title='bbox 161 3020 282 3082; x_wconf 90' lang='lat' dir='ltr'><strong>put,</strong></span> <span class='ocrx_word' id='word_1_328' title='bbox 306 3009 488 3066; x_wconf 89' lang='lat' dir='ltr'><strong>verbis</strong></span> <span class='ocrx_word' id='word_1_329' title='bbox 516 3011 576 3066; x_wconf 88' lang='lat' dir='ltr'><strong>B.</strong></span> <span class='ocrx_word' id='word_1_330' title='bbox 608 3013 856 3085; x_wconf 83' lang='lat' dir='ltr'><strong>Gregorii</strong></span> <span class='ocrx_word' id='word_1_331' title='bbox 881 3030 949 3071; x_wconf 85' lang='lat' dir='ltr'><strong>ex</strong></span> <span class='ocrx_word' id='word_1_332' title='bbox 983 3017 1204 3072; x_wconf 90' lang='lat' dir='ltr'><strong>bomilia</strong></span> <span class='ocrx_word' id='word_1_333' title='bbox 1228 3018 1506 3090; x_wconf 87' lang='lat' dir='ltr'><strong>Evangelii</strong></span> <span class='ocrx_word' id='word_1_334' title='bbox 1529 3021 1764 3078; x_wconf 86' lang='lat' dir='ltr'><strong>devotis-</strong></span> 
     </span>
    </p>
   </div>
   <div class='ocr_carea' id='block_1_45' title="bbox 160 3103 1756 3184">
    <p class='ocr_par' dir='ltr' id='par_1_45' title="bbox 160 3103 1756 3184">
     <span class='ocr_line' id='line_1_45' title="bbox 160 3103 1756 3184; baseline 0.008 -26"><span class='ocrx_word' id='word_1_335' title='bbox 160 3105 361 3184; x_wconf 81' lang='lat' dir='ltr'><strong>simam</strong></span> <span class='ocrx_word' id='word_1_336' title='bbox 391 3103 854 3163; x_wconf 81' lang='lat' dir='ltr'><strong>Cbristlanitatem</strong></span> <span class='ocrx_word' id='word_1_337' title='bbox 907 3118 1150 3166; x_wconf 81' lang='lat' dir='ltr'><strong>vestram</strong></span> <span class='ocrx_word' id='word_1_338' title='bbox 1199 3111 1478 3182; x_wconf 87' lang='lat' dir='ltr'><strong>alloquar,</strong></span> <span class='ocrx_word' id='word_1_339' title='bbox 1523 3114 1756 3170; x_wconf 90' lang='lat' dir='ltr'><strong>dicens:</strong></span> 
     </span>
    </p>
   </div>
   <div class='ocr_carea' id='block_1_46' title="bbox 167 3195 1758 3276">
    <p class='ocr_par' dir='ltr' id='par_1_46' title="bbox 167 3195 1758 3276">
     <span class='ocr_line' id='line_1_46' title="bbox 167 3195 1758 3276; baseline 0.011 -28"><span class='ocrx_word' id='word_1_340' title='bbox 167 3216 186 3247; x_wconf 84' lang='grc'><strong><em>‹</em></strong></span> <span class='ocrx_word' id='word_1_341' title='bbox 223 3195 283 3250; x_wconf 89' lang='lat' dir='ltr'><strong>Si</strong></span> <span class='ocrx_word' id='word_1_342' title='bbox 318 3211 416 3252; x_wconf 93' lang='lat' dir='ltr'><strong>nos</strong></span> <span class='ocrx_word' id='word_1_343' title='bbox 443 3197 694 3270; x_wconf 88' lang='lat' dir='ltr'><strong>indignos</strong></span> <span class='ocrx_word' id='word_1_344' title='bbox 737 3211 793 3257; x_wconf 89' lang='lat' dir='ltr'><strong>et</strong></span> <span class='ocrx_word' id='word_1_345' title='bbox 837 3203 1244 3276; x_wconf 87' lang='lat' dir='ltr'><strong>qualescunque</strong></span> <span class='ocrx_word' id='word_1_346' title='bbox 1297 3195 1606 3264; x_wconf 74' lang='lat' dir='ltr'><strong>sacerdotes</strong></span> <span class='ocrx_word' id='word_1_347' title='bbox 1646 3208 1758 3264; x_wconf 83' lang='lat' dir='ltr'><strong>for-</strong></span> 
     </span>
    </p>
   </div>
   <div class='ocr_carea' id='block_1_47' title="bbox 1873 1997 3469 2070">
    <p class='ocr_par' dir='ltr' id='par_1_47' title="bbox 1873 1997 3469 2070">
     <span class='ocr_line' id='line_1_47' title="bbox 1873 1997 3469 2070; baseline 0.003 -19"><span class='ocrx_word' id='word_1_348' title='bbox 1873 1997 1966 2064; x_wconf 89' lang='lat' dir='ltr'><strong>qui</strong></span> <span class='ocrx_word' id='word_1_349' title='bbox 2013 2013 2072 2054; x_wconf 88' lang='lat' dir='ltr'><strong>se</strong></span> <span class='ocrx_word' id='word_1_350' title='bbox 2097 1999 2509 2066; x_wconf 88' lang='lat' dir='ltr'><strong>reclamaverit,</strong></span> <span class='ocrx_word' id='word_1_351' title='bbox 2541 2002 2935 2070; x_wconf 83' lang='lat' dir='ltr'><strong>exsequemini.</strong></span> <span class='ocrx_word' id='word_1_352' title='bbox 2966 2001 3032 2056; x_wconf 86' lang='lat' dir='ltr'><strong>Et</strong></span> <span class='ocrx_word' id='word_1_353' title='bbox 3056 2003 3159 2056; x_wconf 90' lang='lat' dir='ltr'><strong>hoc</strong></span> <span class='ocrx_word' id='word_1_354' title='bbox 3187 2002 3384 2068; x_wconf 89' lang='lat' dir='ltr'><strong>sancti,</strong></span> <span class='ocrx_word' id='word_1_355' title='bbox 3414 2010 3469 2058; x_wconf 91' lang='lat' dir='ltr'><strong>et</strong></span> 
     </span>
    </p>
   </div>
   <div class='ocr_carea' id='block_1_48' title="bbox 1863 2087 3468 2168">
    <p class='ocr_par' dir='ltr' id='par_1_48' title="bbox 1863 2087 3468 2168">
     <span class='ocr_line' id='line_1_48' title="bbox 1863 2087 3468 2168; baseline 0.004 -26"><span class='ocrx_word' id='word_1_356' title='bbox 1863 2087 2158 2168; x_wconf 11' lang='lat' dir='ltr'><strong>lclarissimi</strong></span> <span class='ocrx_word' id='word_1_357' title='bbox 2202 2091 2580 2162; x_wconf 81' lang='lat' dir='ltr'><strong>progenitores</strong></span> <span class='ocrx_word' id='word_1_358' title='bbox 2610 2093 2778 2147; x_wconf 89' lang='lat' dir='ltr'><strong>vestri</strong></span> <span class='ocrx_word' id='word_1_359' title='bbox 2817 2093 3088 2158; x_wconf 90' lang='lat' dir='ltr'><strong>viderunt,</strong></span> <span class='ocrx_word' id='word_1_360' title='bbox 3118 2101 3173 2148; x_wconf 92' lang='lat' dir='ltr'><strong>et</strong></span> <span class='ocrx_word' id='word_1_361' title='bbox 3215 2107 3468 2148; x_wconf 86' lang='lat' dir='ltr'><strong>servave-</strong></span> 
     </span>
    </p>
   </div>
   <div class='ocr_carea' id='block_1_49' title="bbox 1872 2181 3472 2255">
    <p class='ocr_par' dir='ltr' id='par_1_49' title="bbox 1872 2181 3472 2255">
     <span class='ocr_line' id='line_1_49' title="bbox 1872 2181 3472 2255; baseline 0.005 -21"><span class='ocrx_word' id='word_1_362' title='bbox 1872 2188 2017 2235; x_wconf 90' lang='lat' dir='ltr'><strong>runt.</strong></span> <span class='ocrx_word' id='word_1_363' title='bbox 2053 2181 2120 2236; x_wconf 90' lang='lat' dir='ltr'><strong>Et</strong></span> <span class='ocrx_word' id='word_1_364' title='bbox 2161 2197 2257 2238; x_wconf 89' lang='lat' dir='ltr'><strong>vos</strong></span> <span class='ocrx_word' id='word_1_365' title='bbox 2301 2182 2638 2238; x_wconf 91' lang='lat' dir='ltr'><strong>adulantium</strong></span> <span class='ocrx_word' id='word_1_366' title='bbox 2661 2225 2676 2250; x_wconf 92' lang='lat'><strong>,</strong></span> <span class='ocrx_word' id='word_1_367' title='bbox 2702 2193 2756 2239; x_wconf 90' lang='lat' dir='ltr'><strong>et</strong></span> <span class='ocrx_word' id='word_1_368' title='bbox 2785 2184 2925 2239; x_wconf 84' lang='lat' dir='ltr'><strong>forte</strong></span> <span class='ocrx_word' id='word_1_369' title='bbox 2945 2184 3104 2240; x_wconf 90' lang='lat' dir='ltr'><strong>aliter</strong></span> <span class='ocrx_word' id='word_1_370' title='bbox 3128 2200 3289 2255; x_wconf 92' lang='lat' dir='ltr'><strong>quam</strong></span> <span class='ocrx_word' id='word_1_371' title='bbox 3321 2200 3472 2242; x_wconf 84' lang='lat' dir='ltr'><strong>seve-</strong></span> 
     </span>
    </p>
   </div>
   <div class='ocr_carea' id='block_1_50' title="bbox 1871 2276 3472 2352">
    <p class='ocr_par' dir='ltr' id='par_1_50' title="bbox 1871 2276 3472 2352">
     <span class='ocr_line' id='line_1_50' title="bbox 1871 2276 3472 2352; baseline 0.002 -23"><span class='ocrx_word' id='word_1_372' title='bbox 1871 2276 2004 2331; x_wconf 90' lang='lat' dir='ltr'><strong>ritas</strong></span> <span class='ocrx_word' id='word_1_373' title='bbox 2031 2277 2230 2333; x_wconf 86' lang='lat' dir='ltr'><strong>habeat</strong></span> <span class='ocrx_word' id='word_1_374' title='bbox 2254 2278 2409 2334; x_wconf 90' lang='lat' dir='ltr'><strong>vobis</strong></span> <span class='ocrx_word' id='word_1_375' title='bbox 2433 2278 2837 2350; x_wconf 86' lang='lat' dir='ltr'><strong>suggerentium</strong></span> <span class='ocrx_word' id='word_1_376' title='bbox 2861 2278 3057 2352; x_wconf 88' lang='lat' dir='ltr'><strong>linguis</strong></span> <span class='ocrx_word' id='word_1_377' title='bbox 3093 2277 3252 2334; x_wconf 81' lang='lat' dir='ltr'><strong>facile</strong></span> <span class='ocrx_word' id='word_1_378' title='bbox 3289 2293 3472 2332; x_wconf 88' lang='lat' dir='ltr'><strong>assen-</strong></span> 
     </span>
    </p>
   </div>
   <div class='ocr_carea' id='block_1_51' title="bbox 1870 2371 3471 2441">
    <p class='ocr_par' dir='ltr' id='par_1_51' title="bbox 1870 2371 3471 2441">
     <span class='ocr_line' id='line_1_51' title="bbox 1870 2371 3471 2441; baseline 0.002 -19"><span class='ocrx_word' id='word_1_379' title='bbox 1870 2382 1988 2422; x_wconf 86' lang='lat' dir='ltr'><strong>sum</strong></span> <span class='ocrx_word' id='word_1_380' title='bbox 2013 2379 2203 2424; x_wconf 88' lang='lat' dir='ltr'><strong>contra</strong></span> <span class='ocrx_word' id='word_1_381' title='bbox 2248 2379 2510 2436; x_wconf 88' lang='lat' dir='ltr'><strong>vestram,</strong></span> <span class='ocrx_word' id='word_1_382' title='bbox 2543 2371 2686 2441; x_wconf 93' lang='lat' dir='ltr'><strong>quod</strong></span> <span class='ocrx_word' id='word_1_383' title='bbox 2729 2372 2888 2436; x_wconf 87' lang='lat' dir='ltr'><strong>absit,</strong></span> <span class='ocrx_word' id='word_1_384' title='bbox 2938 2371 3165 2426; x_wconf 90' lang='lat' dir='ltr'><strong>salutem</strong></span> <span class='ocrx_word' id='word_1_385' title='bbox 3187 2413 3202 2437; x_wconf 92' lang='lat'><strong>,</strong></span> <span class='ocrx_word' id='word_1_386' title='bbox 3227 2380 3283 2426; x_wconf 92' lang='lat' dir='ltr'><strong>et</strong></span> <span class='ocrx_word' id='word_1_387' title='bbox 3315 2371 3471 2427; x_wconf 88' lang='lat' dir='ltr'><strong>mini-</strong></span> 
     </span>
    </p>
   </div>
   <div class='ocr_carea' id='block_1_52' title="bbox 1870 2461 3466 2533">
    <p class='ocr_par' dir='ltr' id='par_1_52' title="bbox 1870 2461 3466 2533">
     <span class='ocr_line' id='line_1_52' title="bbox 1870 2461 3466 2533; baseline 0.001 -19"><span class='ocrx_word' id='word_1_388' title='bbox 1870 2461 2022 2515; x_wconf 87' lang='lat' dir='ltr'><strong>sterii</strong></span> <span class='ocrx_word' id='word_1_389' title='bbox 2053 2461 2371 2532; x_wconf 84' lang='lat' dir='ltr'><strong>dignitatem</strong></span> <span class='ocrx_word' id='word_1_390' title='bbox 2420 2462 2834 2517; x_wconf 90' lang='lat' dir='ltr'><strong>accommodare</strong></span> <span class='ocrx_word' id='word_1_391' title='bbox 2871 2477 3212 2533; x_wconf 87' lang='lat' dir='ltr'><strong>nequaquam</strong></span> <span class='ocrx_word' id='word_1_392' title='bbox 3239 2463 3466 2518; x_wconf 89' lang='lat' dir='ltr'><strong>debetis.</strong></span> 
     </span>
    </p>
   </div>
   <div class='ocr_carea' id='block_1_53' title="bbox 1939 2548 3460 2621">
    <p class='ocr_par' dir='ltr' id='par_1_53' title="bbox 1939 2548 3460 2621">
     <span class='ocr_line' id='line_1_53' title="bbox 1939 2548 3460 2621; baseline 0.003 -20"><span class='ocrx_word' id='word_1_393' title='bbox 1939 2548 2109 2604; x_wconf 84' lang='lat' dir='ltr'><strong>Porro</strong></span> <span class='ocrx_word' id='word_1_394' title='bbox 2137 2550 2424 2619; x_wconf 89' lang='lat' dir='ltr'><strong>cpiscopus</strong></span> <span class='ocrx_word' id='word_1_395' title='bbox 2470 2551 2747 2621; x_wconf 89' lang='lat' dir='ltr'><strong>dispositis</strong></span> <span class='ocrx_word' id='word_1_396' title='bbox 2788 2566 2907 2620; x_wconf 69' lang='lat' dir='ltr'><strong>qua:</strong></span> <span class='ocrx_word' id='word_1_397' title='bbox 2935 2559 3062 2607; x_wconf 92' lang='lat' dir='ltr'><strong>sunt</strong></span> <span class='ocrx_word' id='word_1_398' title='bbox 3110 2551 3358 2606; x_wconf 62' lang='lat' dir='ltr'><strong>ecclesiae</strong></span> <span class='ocrx_word' id='word_1_399' title='bbox 3395 2567 3460 2606; x_wconf 89' lang='lat' dir='ltr'><strong>ac</strong></span> 
     </span>
    </p>
   </div>
   <div class='ocr_carea' id='block_1_54' title="bbox 1869 2641 3465 2714">
    <p class='ocr_par' dir='ltr' id='par_1_54' title="bbox 1869 2641 3465 2714">
     <span class='ocr_line' id='line_1_54' title="bbox 1869 2641 3465 2714; baseline 0 -18"><span class='ocrx_word' id='word_1_400' title='bbox 1869 2643 2000 2706; x_wconf 90' lang='lat' dir='ltr'><strong>suis,</strong></span> <span class='ocrx_word' id='word_1_401' title='bbox 2054 2641 2546 2698; x_wconf 88' lang='lat' dir='ltr'><strong>ecclesiasticorum</strong></span> <span class='ocrx_word' id='word_1_402' title='bbox 2608 2643 3002 2710; x_wconf 90' lang='lat' dir='ltr'><strong>nihilominus,</strong></span> <span class='ocrx_word' id='word_1_403' title='bbox 3054 2651 3110 2698; x_wconf 91' lang='lat' dir='ltr'><strong>et</strong></span> <span class='ocrx_word' id='word_1_404' title='bbox 3169 2657 3465 2714; x_wconf 87' lang='lat' dir='ltr'><strong>pauperum</strong></span> 
     </span>
    </p>
   </div>
   <div class='ocr_carea' id='block_1_55' title="bbox 1869 2733 3468 2806">
    <p class='ocr_par' dir='ltr' id='par_1_55' title="bbox 1869 2733 3468 2806">
     <span class='ocr_line' id='line_1_55' title="bbox 1869 2733 3468 2806; baseline 0.001 -18"><span class='ocrx_word' id='word_1_405' title='bbox 1869 2733 2250 2802; x_wconf 87' lang='lat' dir='ltr'><strong>hospitumque</strong></span> <span class='ocrx_word' id='word_1_406' title='bbox 2280 2734 2561 2799; x_wconf 90' lang='lat' dir='ltr'><strong>subsidiis,</strong></span> <span class='ocrx_word' id='word_1_407' title='bbox 2605 2749 2728 2789; x_wconf 88' lang='lat' dir='ltr'><strong>cum</strong></span> <span class='ocrx_word' id='word_1_408' title='bbox 2767 2735 2833 2790; x_wconf 91' lang='lat' dir='ltr'><strong>de</strong></span> <span class='ocrx_word' id='word_1_409' title='bbox 2861 2735 3022 2790; x_wconf 89' lang='lat' dir='ltr'><strong>rebus</strong></span> <span class='ocrx_word' id='word_1_410' title='bbox 3065 2735 3309 2791; x_wconf 77' lang='lat' dir='ltr'><strong>ecclesia:</strong></span> <span class='ocrx_word' id='word_1_411' title='bbox 3338 2750 3468 2806; x_wconf 83' lang='lat' dir='ltr'><strong>pro—</strong></span> 
     </span>
    </p>
   </div>
   <div class='ocr_carea' id='block_1_56' title="bbox 1869 2823 3466 2900">
    <p class='ocr_par' dir='ltr' id='par_1_56' title="bbox 1869 2823 3466 2900">
     <span class='ocr_line' id='line_1_56' title="bbox 1869 2823 3466 2900; baseline 0.003 -23"><span class='ocrx_word' id='word_1_412' title='bbox 1869 2832 1989 2896; x_wconf 86' lang='lat' dir='ltr'><strong>pter</strong></span> <span class='ocrx_word' id='word_1_413' title='bbox 2017 2823 2265 2878; x_wconf 89' lang='lat' dir='ltr'><strong>militiam</strong></span> <span class='ocrx_word' id='word_1_414' title='bbox 2293 2824 2616 2882; x_wconf 90' lang='lat' dir='ltr'><strong>beneﬁcium</strong></span> <span class='ocrx_word' id='word_1_415' title='bbox 2645 2827 2832 2894; x_wconf 90' lang='lat' dir='ltr'><strong>donat,</strong></span> <span class='ocrx_word' id='word_1_416' title='bbox 2859 2836 2953 2883; x_wconf 91' lang='lat' dir='ltr'><strong>aut</strong></span> <span class='ocrx_word' id='word_1_417' title='bbox 2981 2827 3106 2883; x_wconf 89' lang='lat' dir='ltr'><strong>ﬁliis</strong></span> <span class='ocrx_word' id='word_1_418' title='bbox 3129 2837 3342 2900; x_wconf 91' lang='lat' dir='ltr'><strong>patrum</strong></span> <span class='ocrx_word' id='word_1_419' title='bbox 3374 2829 3466 2899; x_wconf 91' lang='lat' dir='ltr'><strong>qui</strong></span> 
     </span>
    </p>
   </div>
   <div class='ocr_carea' id='block_1_57' title="bbox 1867 2921 3469 2996">
    <p class='ocr_par' dir='ltr' id='par_1_57' title="bbox 1867 2921 3469 2996">
     <span class='ocr_line' id='line_1_57' title="bbox 1867 2921 3469 2996; baseline 0.002 -20"><span class='ocrx_word' id='word_1_420' title='bbox 1867 2922 2044 2976; x_wconf 91' lang='lat' dir='ltr'><strong>cidem</strong></span> <span class='ocrx_word' id='word_1_421' title='bbox 2071 2921 2316 2976; x_wconf 69' lang='lat' dir='ltr'><strong>ecclesiae</strong></span> <span class='ocrx_word' id='word_1_422' title='bbox 2349 2921 2687 2992; x_wconf 79' lang='lat' dir='ltr'><strong>profuerunt,</strong></span> <span class='ocrx_word' id='word_1_423' title='bbox 2723 2932 2778 2979; x_wconf 90' lang='lat' dir='ltr'><strong>et</strong></span> <span class='ocrx_word' id='word_1_424' title='bbox 2821 2924 3066 2996; x_wconf 85' lang='lat' dir='ltr'><strong>patribus</strong></span> <span class='ocrx_word' id='word_1_425' title='bbox 3093 2925 3300 2979; x_wconf 88' lang='lat' dir='ltr'><strong>utiliter</strong></span> <span class='ocrx_word' id='word_1_426' title='bbox 3343 2940 3469 2980; x_wconf 85' lang='lat' dir='ltr'><strong>suc—</strong></span> 
     </span>
    </p>
   </div>
   <div class='ocr_carea' id='block_1_58' title="bbox 1867 3013 3465 3087">
    <p class='ocr_par' dir='ltr' id='par_1_58' title="bbox 1867 3013 3465 3087">
     <span class='ocr_line' id='line_1_58' title="bbox 1867 3013 3465 3087; baseline 0 -17"><span class='ocrx_word' id='word_1_427' title='bbox 1867 3013 2064 3070; x_wconf 89' lang='lat' dir='ltr'><strong>cedere</strong></span> <span class='ocrx_word' id='word_1_428' title='bbox 2089 3023 2416 3084; x_wconf 90' lang='lat' dir='ltr'><strong>potuerunt;</strong></span> <span class='ocrx_word' id='word_1_429' title='bbox 2451 3018 2727 3086; x_wconf 90' lang='lat' dir='ltr'><strong>quoniam,</strong></span> <span class='ocrx_word' id='word_1_430' title='bbox 2759 3024 2818 3071; x_wconf 93' lang='lat' dir='ltr'><strong>ut</strong></span> <span class='ocrx_word' id='word_1_431' title='bbox 2839 3017 3061 3086; x_wconf 91' lang='lat' dir='ltr'><strong>quidam</strong></span> <span class='ocrx_word' id='word_1_432' title='bbox 3090 3015 3334 3087; x_wconf 88' lang='lat' dir='ltr'><strong>scripsit,</strong></span> <span class='ocrx_word' id='word_1_433' title='bbox 3359 3015 3465 3070; x_wconf 88' lang='lat' dir='ltr'><strong>nisi</strong></span> 
     </span>
    </p>
   </div>
   <div class='ocr_carea' id='block_1_59' title="bbox 1864 3105 3460 3178">
    <p class='ocr_par' dir='ltr' id='par_1_59' title="bbox 1864 3105 3460 3178">
     <span class='ocr_line' id='line_1_59' title="bbox 1864 3105 3460 3178; baseline 0.001 -18"><span class='ocrx_word' id='word_1_434' title='bbox 1864 3105 2066 3161; x_wconf 88' lang='lat' dir='ltr'><strong>vitulus</strong></span> <span class='ocrx_word' id='word_1_435' title='bbox 2094 3107 2389 3173; x_wconf 90' lang='lat' dir='ltr'><strong>nutriatur,</strong></span> <span class='ocrx_word' id='word_1_436' title='bbox 2433 3107 2533 3164; x_wconf 89' lang='lat' dir='ltr'><strong>bos</strong></span> <span class='ocrx_word' id='word_1_437' title='bbox 2559 3116 2745 3162; x_wconf 88' lang='lat' dir='ltr'><strong>aratro</strong></span> <span class='ocrx_word' id='word_1_438' title='bbox 2772 3123 2878 3162; x_wconf 93' lang='lat' dir='ltr'><strong>non</strong></span> <span class='ocrx_word' id='word_1_439' title='bbox 2895 3106 3180 3178; x_wconf 83' lang='lat' dir='ltr'><strong>jungitur:</strong></span> <span class='ocrx_word' id='word_1_440' title='bbox 3211 3116 3304 3162; x_wconf 90' lang='lat' dir='ltr'><strong>aut</strong></span> <span class='ocrx_word' id='word_1_441' title='bbox 3335 3107 3460 3162; x_wconf 88' lang='lat' dir='ltr'><strong>tali-</strong></span> 
     </span>
    </p>
   </div>
   <div class='ocr_carea' id='block_1_60' title="bbox 1865 3195 3467 3267">
    <p class='ocr_par' dir='ltr' id='par_1_60' title="bbox 1865 3195 3467 3267">
     <span class='ocr_line' id='line_1_60' title="bbox 1865 3195 3467 3267; baseline 0.002 -17"><span class='ocrx_word' id='word_1_442' title='bbox 1865 3195 1968 3252; x_wconf 90' lang='lat' dir='ltr'><strong>bus</strong></span> <span class='ocrx_word' id='word_1_443' title='bbox 2003 3197 2136 3251; x_wconf 91' lang='lat' dir='ltr'><strong>dare</strong></span> <span class='ocrx_word' id='word_1_444' title='bbox 2171 3197 2330 3252; x_wconf 89' lang='lat' dir='ltr'><strong>debet</strong></span> <span class='ocrx_word' id='word_1_445' title='bbox 2363 3198 2456 3266; x_wconf 90' lang='lat' dir='ltr'><strong>qui</strong></span> <span class='ocrx_word' id='word_1_446' title='bbox 2493 3197 2670 3253; x_wconf 88' lang='lat' dir='ltr'><strong>idonei</strong></span> <span class='ocrx_word' id='word_1_447' title='bbox 2702 3198 2812 3252; x_wconf 88' lang='lat' dir='ltr'><strong>sint</strong></span> <span class='ocrx_word' id='word_1_448' title='bbox 2857 3198 3080 3253; x_wconf 90' lang='lat' dir='ltr'><strong>reddere</strong></span> <span class='ocrx_word' id='word_1_449' title='bbox 3113 3196 3313 3253; x_wconf 80' lang='lat' dir='ltr'><strong>Caesari</strong></span> <span class='ocrx_word' id='word_1_450' title='bbox 3346 3213 3467 3267; x_wconf 69' lang='lat' dir='ltr'><strong>qua:</strong></span> 
     </span>
    </p>
   </div>
   <div class='ocr_carea' id='block_1_61' title="bbox 159 3259 1779 3363">
    <p class='ocr_par' dir='ltr' id='par_1_61' title="bbox 159 3289 1761 3363">
     <span class='ocr_line' id='line_1_61' title="bbox 159 3289 1761 3363; baseline 0.007 -19"><span class='ocrx_word' id='word_1_451' title='bbox 159 3289 311 3344; x_wconf 91' lang='lat' dir='ltr'><strong>sitan</strong></span> <span class='ocrx_word' id='word_1_452' title='bbox 333 3289 491 3362; x_wconf 86' lang='lat' dir='ltr'><strong>digne</strong></span> <span class='ocrx_word' id='word_1_453' title='bbox 515 3293 816 3363; x_wconf 85' lang='lat' dir='ltr'><strong>despicitis,</strong></span> <span class='ocrx_word' id='word_1_454' title='bbox 849 3295 903 3350; x_wconf 93' lang='lat' dir='ltr'><strong>in</strong></span> <span class='ocrx_word' id='word_1_455' title='bbox 929 3304 1110 3353; x_wconf 90' lang='lat' dir='ltr'><strong>mente</strong></span> <span class='ocrx_word' id='word_1_456' title='bbox 1141 3305 1319 3353; x_wconf 89' lang='lat' dir='ltr'><strong>tamen</strong></span> <span class='ocrx_word' id='word_1_457' title='bbox 1349 3309 1529 3355; x_wconf 90' lang='lat' dir='ltr'><strong>vestra</strong></span> <span class='ocrx_word' id='word_1_458' title='bbox 1562 3315 1761 3356; x_wconf 87' lang='lat' dir='ltr'><strong>vocan-</strong></span> 
     </span>
    </p>
   </div>
   <div class='ocr_carea' id='block_1_62' title="bbox 1870 3259 3465 3363">
    <p class='ocr_par' dir='ltr' id='par_1_62' title="bbox 1870 3273 3465 3360">
     <span class='ocr_line' id='line_1_62' title="bbox 1870 3273 3465 3360; baseline 0.002 -19"><span class='ocrx_word' id='word_1_459' title='bbox 1870 3273 2275 3354; x_wconf 52' lang='lat' dir='ltr'><strong>suntﬁaesaris,</strong></span> <span class='ocrx_word' id='word_1_460' title='bbox 2320 3298 2375 3343; x_wconf 90' lang='lat' dir='ltr'><strong>et</strong></span> <span class='ocrx_word' id='word_1_461' title='bbox 2415 3304 2535 3358; x_wconf 78' lang='lat' dir='ltr'><strong>qua:</strong></span> <span class='ocrx_word' id='word_1_462' title='bbox 2583 3298 2709 3344; x_wconf 83' lang='lat' dir='ltr'><strong>sunt</strong></span> <span class='ocrx_word' id='word_1_463' title='bbox 2761 3289 2854 3345; x_wconf 89' lang='lat' dir='ltr'><strong>Dei</strong></span> <span class='ocrx_word' id='word_1_464' title='bbox 2891 3290 3040 3344; x_wconf 87' lang='lat' dir='ltr'><strong>Deo:</strong></span> <span class='ocrx_word' id='word_1_465' title='bbox 3071 3292 3316 3360; x_wconf 76' lang='lat' dir='ltr'><strong>exceptis</strong></span> <span class='ocrx_word' id='word_1_466' title='bbox 3365 3291 3465 3345; x_wconf 83' lang='lat' dir='ltr'><strong>bu-</strong></span> 
     </span>
    </p>
   </div>
   <div class='ocr_carea' id='block_1_63' title="bbox 161 3373 3460 3467">
    <p class='ocr_par' dir='ltr' id='par_1_63' title="bbox 161 3373 3460 3467">
     <span class='ocr_line' id='line_1_63' title="bbox 161 3373 3460 3467; baseline 0.004 -32"><span class='ocrx_word' id='word_1_467' title='bbox 161 3380 234 3436; x_wconf 86' lang='lat' dir='ltr'><strong>tis</strong></span> <span class='ocrx_word' id='word_1_468' title='bbox 260 3395 359 3436; x_wconf 86' lang='lat' dir='ltr'><strong>vos</strong></span> <span class='ocrx_word' id='word_1_469' title='bbox 382 3397 478 3452; x_wconf 91' lang='lat' dir='ltr'><strong>per</strong></span> <span class='ocrx_word' id='word_1_470' title='bbox 505 3384 882 3457; x_wconf 87' lang='lat' dir='ltr'><strong>indignitatem</strong></span> <span class='ocrx_word' id='word_1_471' title='bbox 913 3399 1158 3446; x_wconf 89' lang='lat' dir='ltr'><strong>nostram</strong></span> <span class='ocrx_word' id='word_1_472' title='bbox 1203 3393 1269 3447; x_wconf 91' lang='lat' dir='ltr'><strong>ad</strong></span> <span class='ocrx_word' id='word_1_473' title='bbox 1314 3393 1556 3450; x_wconf 66' lang='lat' dir='ltr'><strong>coalestia</strong></span> <span class='ocrx_word' id='word_1_474' title='bbox 1595 3373 1801 3467; x_wconf 30' lang='lat' dir='ltr'><strong>regna.</strong></span> <span class='ocrx_word' id='word_1_475' title='bbox 1858 3377 2100 3447; x_wconf 69' lang='grc' dir='ltr'><strong>Ῑυεῐηθάί</strong></span> <span class='ocrx_word' id='word_1_476' title='bbox 2147 3379 2429 3436; x_wconf 64' lang='grc' dir='ltr'><strong>δεηθίίοίίε</strong></span> <span class='ocrx_word' id='word_1_477' title='bbox 2464 3395 2585 3449; x_wconf 61' lang='lat' dir='ltr'><strong>qua?</strong></span> <span class='ocrx_word' id='word_1_478' title='bbox 2634 3381 2899 3436; x_wconf 59' lang='lat' dir='ltr'><strong>ministris</strong></span> <span class='ocrx_word' id='word_1_479' title='bbox 2942 3382 3209 3446; x_wconf 59' lang='grc' dir='ltr'><strong>εοθιθείῶν</strong></span> <span class='ocrx_word' id='word_1_480' title='bbox 3260 3391 3315 3435; x_wconf 72' lang='grc' dir='ltr'>ει</span> <span class='ocrx_word' id='word_1_481' title='bbox 3362 3381 3460 3436; x_wconf 66' lang='grc' dir='ltr'><strong>εῖδί</strong></span> 
     </span>
    </p>
   </div>
   <div class='ocr_carea' id='block_1_64' title="bbox 159 3474 1764 3556">
    <p class='ocr_par' dir='ltr' id='par_1_64' title="bbox 159 3474 1764 3556">
     <span class='ocr_line' id='line_1_64' title="bbox 159 3474 1764 3556; baseline 0.012 -29"><span class='ocrx_word' id='word_1_482' title='bbox 159 3474 379 3530; x_wconf 90' lang='lat' dir='ltr'><strong>Domini</strong></span> <span class='ocrx_word' id='word_1_483' title='bbox 411 3481 770 3536; x_wconf 87' lang='lat' dir='ltr'><strong>reverentiam</strong></span> <span class='ocrx_word' id='word_1_484' title='bbox 819 3491 1053 3538; x_wconf 89' lang='lat' dir='ltr'><strong>servate.</strong></span> <span class='ocrx_word' id='word_1_485' title='bbox 1099 3483 1254 3556; x_wconf 81' lang='lat' dir='ltr'><strong>Saepe</strong></span> <span class='ocrx_word' id='word_1_486' title='bbox 1289 3489 1432 3543; x_wconf 91' lang='lat' dir='ltr'><strong>enim</strong></span> <span class='ocrx_word' id='word_1_487' title='bbox 1469 3489 1608 3545; x_wconf 91' lang='lat' dir='ltr'><strong>solet</strong></span> <span class='ocrx_word' id='word_1_488' title='bbox 1636 3504 1764 3546; x_wconf 89' lang='lat' dir='ltr'><strong>eve-</strong></span> 
     </span>
    </p>
   </div>
   <div class='ocr_carea' id='block_1_65' title="bbox 160 3567 1761 3646">
    <p class='ocr_par' dir='ltr' id='par_1_65' title="bbox 160 3567 1761 3646">
     <span class='ocr_line' id='line_1_65' title="bbox 160 3567 1761 3646; baseline 0.012 -27"><span class='ocrx_word' id='word_1_489' title='bbox 160 3567 284 3620; x_wconf 88' lang='lat' dir='ltr'><strong>nire</strong></span> <span class='ocrx_word' id='word_1_490' title='bbox 316 3568 457 3636; x_wconf 93' lang='lat' dir='ltr'><strong>quod</strong></span> <span class='ocrx_word' id='word_1_491' title='bbox 490 3570 629 3636; x_wconf 91' lang='lat' dir='ltr'><strong>dico,</strong></span> <span class='ocrx_word' id='word_1_492' title='bbox 672 3581 732 3627; x_wconf 91' lang='lat' dir='ltr'><strong>ut</strong></span> <span class='ocrx_word' id='word_1_493' title='bbox 773 3589 1003 3643; x_wconf 90' lang='lat' dir='ltr'><strong>persona</strong></span> <span class='ocrx_word' id='word_1_494' title='bbox 1032 3587 1222 3646; x_wconf 89' lang='lat' dir='ltr'><strong>potens</strong></span> <span class='ocrx_word' id='word_1_495' title='bbox 1269 3579 1526 3636; x_wconf 78' lang='lat' dir='ltr'><strong>famulum</strong></span> <span class='ocrx_word' id='word_1_496' title='bbox 1560 3582 1761 3639; x_wconf 89' lang='lat' dir='ltr'><strong>habeat</strong></span> 
     </span>
    </p>
   </div>
   <div class='ocr_carea' id='block_1_66' title="bbox 161 3659 1760 3738">
    <p class='ocr_par' dir='ltr' id='par_1_66' title="bbox 161 3659 1760 3738">
     <span class='ocr_line' id='line_1_66' title="bbox 161 3659 1760 3738; baseline 0.013 -26"><span class='ocrx_word' id='word_1_497' title='bbox 161 3659 480 3728; x_wconf 89' lang='lat' dir='ltr'><strong>despectum</strong></span> <span class='ocrx_word' id='word_1_498' title='bbox 512 3679 525 3715; x_wconf 90' lang='lat'><strong>:</strong></span> <span class='ocrx_word' id='word_1_499' title='bbox 557 3679 789 3734; x_wconf 90' lang='lat' dir='ltr'><strong>cumque</strong></span> <span class='ocrx_word' id='word_1_500' title='bbox 834 3682 932 3735; x_wconf 90' lang='lat' dir='ltr'><strong>per</strong></span> <span class='ocrx_word' id='word_1_501' title='bbox 960 3681 1081 3722; x_wconf 89' lang='lat' dir='ltr'><strong>cum</strong></span> <span class='ocrx_word' id='word_1_502' title='bbox 1110 3671 1225 3726; x_wconf 90' lang='lat' dir='ltr'><strong>suis</strong></span> <span class='ocrx_word' id='word_1_503' title='bbox 1257 3671 1423 3738; x_wconf 81' lang='lat' dir='ltr'><strong>forte,</strong></span> <span class='ocrx_word' id='word_1_504' title='bbox 1466 3674 1550 3729; x_wconf 88' lang='lat' dir='ltr'><strong>vel</strong></span> <span class='ocrx_word' id='word_1_505' title='bbox 1577 3686 1760 3732; x_wconf 79' lang='lat' dir='ltr'><strong>extra-</strong></span> 
     </span>
    </p>
   </div>
   <div class='ocr_carea' id='block_1_67' title="bbox 158 3752 1762 3840">
    <p class='ocr_par' dir='ltr' id='par_1_67' title="bbox 158 3752 1762 3840">
     <span class='ocr_line' id='line_1_67' title="bbox 158 3752 1762 3840; baseline 0.014 -37"><span class='ocrx_word' id='word_1_506' title='bbox 158 3752 310 3818; x_wconf 84' lang='lat' dir='ltr'><strong>neis,</strong></span> <span class='ocrx_word' id='word_1_507' title='bbox 367 3752 584 3822; x_wconf 89' lang='lat' dir='ltr'><strong>aliquod</strong></span> <span class='ocrx_word' id='word_1_508' title='bbox 632 3771 953 3827; x_wconf 87' lang='lat' dir='ltr'><strong>responsum</strong></span> <span class='ocrx_word' id='word_1_509' title='bbox 1006 3765 1264 3830; x_wconf 88' lang='lat' dir='ltr'><strong>mandat,</strong></span> <span class='ocrx_word' id='word_1_510' title='bbox 1323 3783 1431 3822; x_wconf 90' lang='lat' dir='ltr'><strong>non</strong></span> <span class='ocrx_word' id='word_1_511' title='bbox 1479 3769 1762 3840; x_wconf 85' lang='lat' dir='ltr'><strong>dispicitur</strong></span> 
     </span>
    </p>
   </div>
   <div class='ocr_carea' id='block_1_68' title="bbox 159 3843 1761 3922">
    <p class='ocr_par' dir='ltr' id='par_1_68' title="bbox 159 3843 1761 3922">
     <span class='ocr_line' id='line_1_68' title="bbox 159 3843 1761 3922; baseline 0.013 -26"><span class='ocrx_word' id='word_1_512' title='bbox 159 3859 392 3913; x_wconf 89' lang='lat' dir='ltr'><strong>persona</strong></span> <span class='ocrx_word' id='word_1_513' title='bbox 420 3843 688 3913; x_wconf 87' lang='lat' dir='ltr'><strong>loquentis</strong></span> <span class='ocrx_word' id='word_1_514' title='bbox 713 3850 876 3915; x_wconf 90' lang='lat' dir='ltr'><strong>servi,</strong></span> <span class='ocrx_word' id='word_1_515' title='bbox 905 3854 1030 3922; x_wconf 90' lang='lat' dir='ltr'><strong>quia</strong></span> <span class='ocrx_word' id='word_1_516' title='bbox 1057 3864 1305 3910; x_wconf 89' lang='lat' dir='ltr'><strong>servatur</strong></span> <span class='ocrx_word' id='word_1_517' title='bbox 1334 3857 1385 3912; x_wconf 92' lang='lat' dir='ltr'><strong>in</strong></span> <span class='ocrx_word' id='word_1_518' title='bbox 1415 3861 1578 3914; x_wconf 91' lang='lat' dir='ltr'><strong>corde</strong></span> <span class='ocrx_word' id='word_1_519' title='bbox 1607 3877 1761 3917; x_wconf 86' lang='lat' dir='ltr'><strong>reve-</strong></span> 
     </span>
    </p>
   </div>
   <div class='ocr_carea' id='block_1_69' title="bbox 158 3935 1759 4019">
    <p class='ocr_par' dir='ltr' id='par_1_69' title="bbox 158 3935 1759 4019">
     <span class='ocr_line' id='line_1_69' title="bbox 158 3935 1759 4019; baseline 0.012 -31"><span class='ocrx_word' id='word_1_520' title='bbox 158 3935 337 3990; x_wconf 80' lang='lat' dir='ltr'><strong>rentia</strong></span> <span class='ocrx_word' id='word_1_521' title='bbox 381 3935 648 3993; x_wconf 88' lang='lat' dir='ltr'><strong>mittentis</strong></span> <span class='ocrx_word' id='word_1_522' title='bbox 699 3941 955 3996; x_wconf 91' lang='lat' dir='ltr'><strong>Domini:</strong></span> <span class='ocrx_word' id='word_1_523' title='bbox 991 3961 1088 4000; x_wconf 92' lang='lat' dir='ltr'><strong>nec</strong></span> <span class='ocrx_word' id='word_1_524' title='bbox 1133 3957 1363 4016; x_wconf 91' lang='lat' dir='ltr'><strong>pensant</strong></span> <span class='ocrx_word' id='word_1_525' title='bbox 1389 3950 1481 4019; x_wconf 91' lang='lat' dir='ltr'><strong>qui</strong></span> <span class='ocrx_word' id='word_1_526' title='bbox 1533 3953 1759 4008; x_wconf 83' lang='lat' dir='ltr'><strong>audiunt</strong></span> 
     </span>
    </p>
   </div>
   <div class='ocr_carea' id='block_1_70' title="bbox 158 4031 1758 4108">
    <p class='ocr_par' dir='ltr' id='par_1_70' title="bbox 158 4031 1758 4108">
     <span class='ocr_line' id='line_1_70' title="bbox 158 4031 1758 4108; baseline 0.013 -26"><span class='ocrx_word' id='word_1_527' title='bbox 158 4045 259 4100; x_wconf 87' lang='lat' dir='ltr'><strong>per</strong></span> <span class='ocrx_word' id='word_1_528' title='bbox 287 4044 444 4099; x_wconf 89' lang='lat' dir='ltr'><strong>quem</strong></span> <span class='ocrx_word' id='word_1_529' title='bbox 470 4072 484 4096; x_wconf 97' lang='lat'><strong>,</strong></span> <span class='ocrx_word' id='word_1_530' title='bbox 519 4031 613 4087; x_wconf 90' lang='lat' dir='ltr'><strong>sed</strong></span> <span class='ocrx_word' id='word_1_531' title='bbox 655 4033 804 4104; x_wconf 89' lang='lat' dir='ltr'><strong>quid,</strong></span> <span class='ocrx_word' id='word_1_532' title='bbox 836 4035 921 4091; x_wconf 91' lang='lat' dir='ltr'><strong>vel</strong></span> <span class='ocrx_word' id='word_1_533' title='bbox 950 4052 978 4091; x_wconf 91' lang='lat' dir='ltr'><strong>a</strong></span> <span class='ocrx_word' id='word_1_534' title='bbox 1011 4055 1118 4108; x_wconf 87' lang='lat' dir='ltr'><strong>quo</strong></span> <span class='ocrx_word' id='word_1_535' title='bbox 1164 4041 1408 4096; x_wconf 89' lang='lat' dir='ltr'><strong>audiunt.</strong></span> <span class='ocrx_word' id='word_1_536' title='bbox 1451 4064 1468 4094; x_wconf 85' lang='grc'>›</span> <span class='ocrx_word' id='word_1_537' title='bbox 1503 4043 1570 4098; x_wconf 84' lang='grc' dir='ltr'><strong>Ει</strong></span> <span class='ocrx_word' id='word_1_538' title='bbox 1615 4046 1659 4101; x_wconf 93' lang='lat' dir='ltr'><strong>si</strong></span> <span class='ocrx_word' id='word_1_539' title='bbox 1704 4047 1758 4102; x_wconf 91' lang='lat' dir='ltr'><strong>in</strong></span> 
     </span>
    </p>
   </div>
   <div class='ocr_carea' id='block_1_71' title="bbox 161 4123 1757 4209">
    <p class='ocr_par' dir='ltr' id='par_1_71' title="bbox 161 4123 1757 4209">
     <span class='ocr_line' id='line_1_71' title="bbox 161 4123 1757 4209; baseline 0.011 -32"><span class='ocrx_word' id='word_1_540' title='bbox 161 4123 320 4178; x_wconf 91' lang='lat' dir='ltr'><strong>nobis</strong></span> <span class='ocrx_word' id='word_1_541' title='bbox 341 4125 648 4182; x_wconf 89' lang='lat' dir='ltr'><strong>discernitis</strong></span> <span class='ocrx_word' id='word_1_542' title='bbox 676 4143 873 4195; x_wconf 88' lang='lat' dir='ltr'><strong>mores,</strong></span> <span class='ocrx_word' id='word_1_543' title='bbox 903 4139 957 4185; x_wconf 92' lang='lat' dir='ltr'><strong>et</strong></span> <span class='ocrx_word' id='word_1_544' title='bbox 983 4135 1452 4190; x_wconf 88' lang='lat' dir='ltr'><strong>conversationem</strong></span> <span class='ocrx_word' id='word_1_545' title='bbox 1480 4152 1544 4192; x_wconf 90' lang='lat' dir='ltr'><strong>ac</strong></span> <span class='ocrx_word' id='word_1_546' title='bbox 1587 4137 1757 4209; x_wconf 83' lang='lat' dir='ltr'><strong>digni-</strong></span> 
     </span>
    </p>
   </div>
   <div class='ocr_carea' id='block_1_72' title="bbox 163 4217 1759 4292">
    <p class='ocr_par' dir='ltr' id='par_1_72' title="bbox 163 4217 1759 4292">
     <span class='ocr_line' id='line_1_72' title="bbox 163 4217 1759 4292; baseline 0.011 -25"><span class='ocrx_word' id='word_1_547' title='bbox 163 4222 330 4269; x_wconf 90' lang='lat' dir='ltr'><strong>tatem</strong></span> <span class='ocrx_word' id='word_1_548' title='bbox 365 4217 708 4284; x_wconf 90' lang='lat' dir='ltr'><strong>meritorum,</strong></span> <span class='ocrx_word' id='word_1_549' title='bbox 759 4223 1039 4278; x_wconf 90' lang='lat' dir='ltr'><strong>attendere</strong></span> <span class='ocrx_word' id='word_1_550' title='bbox 1083 4233 1282 4292; x_wconf 89' lang='lat' dir='ltr'><strong>tamen,</strong></span> <span class='ocrx_word' id='word_1_551' title='bbox 1322 4237 1376 4282; x_wconf 92' lang='lat' dir='ltr'><strong>et</strong></span> <span class='ocrx_word' id='word_1_552' title='bbox 1424 4228 1476 4282; x_wconf 90' lang='lat' dir='ltr'><strong>in</strong></span> <span class='ocrx_word' id='word_1_553' title='bbox 1526 4229 1620 4283; x_wconf 90' lang='lat' dir='ltr'><strong>Dei</strong></span> <span class='ocrx_word' id='word_1_554' title='bbox 1662 4230 1759 4285; x_wconf 90' lang='lat' dir='ltr'><strong>ho-</strong></span> 
     </span>
    </p>
   </div>
   <div class='ocr_carea' id='block_1_73' title="bbox 159 4308 1757 4376">
    <p class='ocr_par' dir='ltr' id='par_1_73' title="bbox 159 4308 1757 4376">
     <span class='ocr_line' id='line_1_73' title="bbox 159 4308 1757 4376; baseline 0.009 -16"><span class='ocrx_word' id='word_1_555' title='bbox 159 4319 294 4361; x_wconf 92' lang='lat' dir='ltr'><strong>nore</strong></span> <span class='ocrx_word' id='word_1_556' title='bbox 339 4322 443 4362; x_wconf 93' lang='lat' dir='ltr'><strong>non</strong></span> <span class='ocrx_word' id='word_1_557' title='bbox 489 4308 664 4364; x_wconf 92' lang='lat' dir='ltr'><strong>solum</strong></span> <span class='ocrx_word' id='word_1_558' title='bbox 696 4313 978 4376; x_wconf 87' lang='lat' dir='ltr'><strong>venerari,</strong></span> <span class='ocrx_word' id='word_1_559' title='bbox 1025 4313 1120 4369; x_wconf 90' lang='lat' dir='ltr'><strong>sed</strong></span> <span class='ocrx_word' id='word_1_560' title='bbox 1172 4324 1228 4370; x_wconf 89' lang='lat' dir='ltr'><strong>et</strong></span> <span class='ocrx_word' id='word_1_561' title='bbox 1273 4320 1513 4374; x_wconf 89' lang='lat' dir='ltr'><strong>revereri</strong></span> <span class='ocrx_word' id='word_1_562' title='bbox 1544 4319 1757 4376; x_wconf 88' lang='lat' dir='ltr'><strong>debetis</strong></span> 
     </span>
    </p>
   </div>
   <div class='ocr_carea' id='block_1_74' title="bbox 161 4404 1754 4475">
    <p class='ocr_par' dir='ltr' id='par_1_74' title="bbox 161 4404 1754 4475">
     <span class='ocr_line' id='line_1_74' title="bbox 161 4404 1754 4475; baseline 0.01 -22"><span class='ocrx_word' id='word_1_563' title='bbox 161 4413 325 4453; x_wconf 89' lang='lat' dir='ltr'><strong>unum</strong></span> <span class='ocrx_word' id='word_1_564' title='bbox 373 4414 469 4468; x_wconf 92' lang='lat' dir='ltr'><strong>per</strong></span> <span class='ocrx_word' id='word_1_565' title='bbox 507 4415 698 4458; x_wconf 91' lang='lat' dir='ltr'><strong>omnes</strong></span> <span class='ocrx_word' id='word_1_566' title='bbox 743 4404 1025 4475; x_wconf 81' lang='lat' dir='ltr'><strong>episcopos</strong></span> <span class='ocrx_word' id='word_1_567' title='bbox 1069 4409 1471 4465; x_wconf 90' lang='lat' dir='ltr'><strong>sanctissimum</strong></span> <span class='ocrx_word' id='word_1_568' title='bbox 1503 4413 1754 4469; x_wconf 88' lang='lat' dir='ltr'><strong>sacerdo-</strong></span> 
     </span>
    </p>
   </div>
   <div class='ocr_carea' id='block_1_75' title="bbox 165 4487 1756 4572">
    <p class='ocr_par' dir='ltr' id='par_1_75' title="bbox 165 4487 1756 4572">
     <span class='ocr_line' id='line_1_75' title="bbox 165 4487 1756 4572; baseline 0.011 -31"><span class='ocrx_word' id='word_1_569' title='bbox 165 4489 315 4543; x_wconf 89' lang='lat' dir='ltr'><strong>tium.</strong></span> <span class='ocrx_word' id='word_1_570' title='bbox 361 4487 517 4558; x_wconf 88' lang='lat' dir='ltr'><strong>Quia,</strong></span> <span class='ocrx_word' id='word_1_571' title='bbox 563 4502 621 4548; x_wconf 90' lang='lat' dir='ltr'><strong>ut</strong></span> <span class='ocrx_word' id='word_1_572' title='bbox 667 4491 725 4550; x_wconf 89' lang='lat' dir='ltr'><strong>S.</strong></span> <span class='ocrx_word' id='word_1_573' title='bbox 772 4494 1131 4568; x_wconf 85' lang='lat' dir='ltr'><strong>Symmachus</strong></span> <span class='ocrx_word' id='word_1_574' title='bbox 1175 4515 1311 4572; x_wconf 91' lang='lat' dir='ltr'><strong>papa</strong></span> <span class='ocrx_word' id='word_1_575' title='bbox 1345 4501 1580 4559; x_wconf 90' lang='lat' dir='ltr'><strong>scribit:</strong></span> <span class='ocrx_word' id='word_1_576' title='bbox 1620 4523 1638 4556; x_wconf 71' lang='grc' dir='ltr'><strong>ε</strong></span> <span class='ocrx_word' id='word_1_577' title='bbox 1676 4504 1756 4559; x_wconf 86' lang='lat' dir='ltr'><strong>Ad</strong></span> 
     </span>
    </p>
   </div>
   <div class='ocr_carea' id='block_1_76' title="bbox 1864 3469 3466 3541">
    <p class='ocr_par' dir='ltr' id='par_1_76' title="bbox 1864 3469 3466 3541">
     <span class='ocr_line' id='line_1_76' title="bbox 1864 3469 3466 3541; baseline 0.002 -18"><span class='ocrx_word' id='word_1_578' title='bbox 1864 3469 2214 3536; x_wconf 90' lang='lat' dir='ltr'><strong>necessariis,</strong></span> <span class='ocrx_word' id='word_1_579' title='bbox 2243 3469 2360 3525; x_wconf 91' lang='lat' dir='ltr'><strong>sine</strong></span> <span class='ocrx_word' id='word_1_580' title='bbox 2383 3469 2580 3541; x_wconf 90' lang='lat' dir='ltr'><strong>quibus</strong></span> <span class='ocrx_word' id='word_1_581' title='bbox 2623 3484 2744 3526; x_wconf 80' lang='lat' dir='ltr'><strong>esse</strong></span> <span class='ocrx_word' id='word_1_582' title='bbox 2771 3486 2870 3526; x_wconf 90' lang='lat' dir='ltr'><strong>nec</strong></span> <span class='ocrx_word' id='word_1_583' title='bbox 2897 3470 3179 3537; x_wconf 89' lang='lat' dir='ltr'><strong>debemus,</strong></span> <span class='ocrx_word' id='word_1_584' title='bbox 3219 3485 3319 3525; x_wconf 89' lang='lat' dir='ltr'><strong>nec</strong></span> <span class='ocrx_word' id='word_1_585' title='bbox 3344 3486 3466 3541; x_wconf 77' lang='lat' dir='ltr'><strong>pos—</strong></span> 
     </span>
    </p>
   </div>
   <div class='ocr_carea' id='block_1_77' title="bbox 1863 3560 3461 3631">
    <p class='ocr_par' dir='ltr' id='par_1_77' title="bbox 1863 3560 3461 3631">
     <span class='ocr_line' id='line_1_77' title="bbox 1863 3560 3461 3631; baseline -0.002 -14"><span class='ocrx_word' id='word_1_586' title='bbox 1863 3576 2072 3625; x_wconf 87' lang='lat' dir='ltr'><strong>sumus,</strong></span> <span class='ocrx_word' id='word_1_587' title='bbox 2108 3561 2392 3616; x_wconf 90' lang='lat' dir='ltr'><strong>tribuenda</strong></span> <span class='ocrx_word' id='word_1_588' title='bbox 2425 3569 2572 3627; x_wconf 88' lang='lat' dir='ltr'><strong>sunt,</strong></span> <span class='ocrx_word' id='word_1_589' title='bbox 2601 3560 2826 3631; x_wconf 90' lang='lat' dir='ltr'><strong>jubente</strong></span> <span class='ocrx_word' id='word_1_590' title='bbox 2869 3561 3132 3616; x_wconf 93' lang='lat' dir='ltr'><strong>Domino:</strong></span> <span class='ocrx_word' id='word_1_591' title='bbox 3161 3560 3284 3615; x_wconf 83' lang='lat' dir='ltr'><strong>Non</strong></span> <span class='ocrx_word' id='word_1_592' title='bbox 3309 3561 3461 3615; x_wconf 82' lang='lat' dir='ltr'><strong>obtu-</strong></span> 
     </span>
    </p>
   </div>
   <div class='ocr_carea' id='block_1_78' title="bbox 1863 3640 3459 3725">
    <p class='ocr_par' dir='ltr' id='par_1_78' title="bbox 1863 3640 3459 3725">
     <span class='ocr_line' id='line_1_78' title="bbox 1863 3640 3459 3725; baseline 0.001 -18"><span class='ocrx_word' id='word_1_593' title='bbox 1863 3654 2005 3707; x_wconf 81' lang='lat' dir='ltr'><strong>rabis</strong></span> <span class='ocrx_word' id='word_1_594' title='bbox 2029 3670 2086 3707; x_wconf 74' lang='lat' dir='ltr'><strong>os</strong></span> <span class='ocrx_word' id='word_1_595' title='bbox 2110 3654 2223 3708; x_wconf 85' lang='lat' dir='ltr'><strong>bovi</strong></span> <span class='ocrx_word' id='word_1_596' title='bbox 2250 3653 2522 3707; x_wconf 81' lang='lat' dir='ltr'><strong>trituranti</strong></span> <span class='ocrx_word' id='word_1_597' title='bbox 2552 3652 2604 3725; x_wconf 90' lang='lat' dir='ltr'><strong>(I</strong></span> <span class='ocrx_word' id='word_1_598' title='bbox 2635 3652 2759 3708; x_wconf 86' lang='lat' dir='ltr'><strong>Cor.</strong></span> <span class='ocrx_word' id='word_1_599' title='bbox 2790 3653 2889 3724; x_wconf 80' lang='lat' dir='ltr'><strong>Ix).</strong></span> <span class='ocrx_word' id='word_1_600' title='bbox 2929 3651 3032 3720; x_wconf 86' lang='lat' dir='ltr'><strong>Qui</strong></span> <span class='ocrx_word' id='word_1_601' title='bbox 3062 3653 3312 3709; x_wconf 88' lang='lat' dir='ltr'><strong>homines</strong></span> <span class='ocrx_word' id='word_1_602' title='bbox 3354 3640 3459 3708; x_wconf 86' lang='lat' dir='ltr'><strong>mi-</strong></span> 
     </span>
    </p>
   </div>
   <div class='ocr_carea' id='block_1_79' title="bbox 1864 3744 3461 3818">
    <p class='ocr_par' dir='ltr' id='par_1_79' title="bbox 1864 3744 3461 3818">
     <span class='ocr_line' id='line_1_79' title="bbox 1864 3744 3461 3818; baseline 0.003 -19"><span class='ocrx_word' id='word_1_603' title='bbox 1864 3744 2054 3800; x_wconf 87' lang='lat' dir='ltr'><strong>litares</strong></span> <span class='ocrx_word' id='word_1_604' title='bbox 2109 3746 2328 3799; x_wconf 87' lang='lat' dir='ltr'><strong>studere</strong></span> <span class='ocrx_word' id='word_1_605' title='bbox 2382 3745 2580 3800; x_wconf 90' lang='lat' dir='ltr'><strong>debent</strong></span> <span class='ocrx_word' id='word_1_606' title='bbox 2626 3754 2684 3798; x_wconf 89' lang='lat' dir='ltr'><strong>ut</strong></span> <span class='ocrx_word' id='word_1_607' title='bbox 2751 3747 3050 3802; x_wconf 88' lang='lat' dir='ltr'><strong>secundum</strong></span> <span class='ocrx_word' id='word_1_608' title='bbox 3101 3747 3461 3818; x_wconf 88' lang='lat' dir='ltr'><strong>quantitatem</strong></span> 
     </span>
    </p>
   </div>
   <div class='ocr_carea' id='block_1_80' title="bbox 1861 3835 3463 3912">
    <p class='ocr_par' dir='ltr' id='par_1_80' title="bbox 1861 3835 3463 3912">
     <span class='ocr_line' id='line_1_80' title="bbox 1861 3835 3463 3912; baseline 0.002 -21"><span class='ocrx_word' id='word_1_609' title='bbox 1861 3835 2114 3892; x_wconf 88' lang='lat' dir='ltr'><strong>beneﬁcii</strong></span> <span class='ocrx_word' id='word_1_610' title='bbox 2167 3835 2294 3888; x_wconf 89' lang='lat' dir='ltr'><strong>illud</strong></span> <span class='ocrx_word' id='word_1_611' title='bbox 2326 3852 2451 3906; x_wconf 89' lang='lat' dir='ltr'><strong>erga</strong></span> <span class='ocrx_word' id='word_1_612' title='bbox 2480 3837 2812 3907; x_wconf 85' lang='lat' dir='ltr'><strong>episcopum,</strong></span> <span class='ocrx_word' id='word_1_613' title='bbox 2845 3853 2910 3893; x_wconf 92' lang='lat' dir='ltr'><strong>ac</strong></span> <span class='ocrx_word' id='word_1_614' title='bbox 2951 3854 3048 3908; x_wconf 90' lang='lat' dir='ltr'><strong>per</strong></span> <span class='ocrx_word' id='word_1_615' title='bbox 3081 3839 3184 3895; x_wconf 90' lang='lat' dir='ltr'><strong>hoc</strong></span> <span class='ocrx_word' id='word_1_616' title='bbox 3219 3855 3346 3912; x_wconf 88' lang='lat' dir='ltr'><strong>erga</strong></span> <span class='ocrx_word' id='word_1_617' title='bbox 3374 3855 3463 3895; x_wconf 83' lang='lat' dir='ltr'><strong>cc-</strong></span> 
     </span>
    </p>
   </div>
   <div class='ocr_carea' id='block_1_81' title="bbox 1863 3927 3460 4003">
    <p class='ocr_par' dir='ltr' id='par_1_81' title="bbox 1863 3927 3460 4003">
     <span class='ocr_line' id='line_1_81' title="bbox 1863 3927 3460 4003; baseline 0.003 -21"><span class='ocrx_word' id='word_1_618' title='bbox 1863 3928 2089 3983; x_wconf 88' lang='lat' dir='ltr'><strong>clesiam</strong></span> <span class='ocrx_word' id='word_1_619' title='bbox 2117 3927 2350 3982; x_wconf 88' lang='lat' dir='ltr'><strong>ﬁdeliter</strong></span> <span class='ocrx_word' id='word_1_620' title='bbox 2375 3935 2429 3982; x_wconf 91' lang='lat' dir='ltr'><strong>et</strong></span> <span class='ocrx_word' id='word_1_621' title='bbox 2462 3928 2668 3983; x_wconf 90' lang='lat' dir='ltr'><strong>utiliter</strong></span> <span class='ocrx_word' id='word_1_622' title='bbox 2693 3929 3019 3994; x_wconf 88' lang='lat' dir='ltr'><strong>deserviant,</strong></span> <span class='ocrx_word' id='word_1_623' title='bbox 3049 3939 3104 3985; x_wconf 90' lang='lat' dir='ltr'><strong>et</strong></span> <span class='ocrx_word' id='word_1_624' title='bbox 3132 3932 3280 4003; x_wconf 86' lang='lat' dir='ltr'><strong>regio</strong></span> <span class='ocrx_word' id='word_1_625' title='bbox 3299 3933 3460 3989; x_wconf 88' lang='lat' dir='ltr'><strong>obse-</strong></span> 
     </span>
    </p>
   </div>
   <div class='ocr_carea' id='block_1_82' title="bbox 1864 4019 3458 4091">
    <p class='ocr_par' dir='ltr' id='par_1_82' title="bbox 1864 4019 3458 4091">
     <span class='ocr_line' id='line_1_82' title="bbox 1864 4019 3458 4091; baseline 0.004 -18"><span class='ocrx_word' id='word_1_626' title='bbox 1864 4021 1993 4090; x_wconf 88' lang='lat' dir='ltr'><strong>quio</strong></span> <span class='ocrx_word' id='word_1_627' title='bbox 2037 4019 2104 4073; x_wconf 90' lang='lat' dir='ltr'><strong>ad</strong></span> <span class='ocrx_word' id='word_1_628' title='bbox 2145 4019 2520 4075; x_wconf 82' lang='lat' dir='ltr'><strong>defensionem</strong></span> <span class='ocrx_word' id='word_1_629' title='bbox 2567 4020 2892 4091; x_wconf 89' lang='lat' dir='ltr'><strong>generaliter</strong></span> <span class='ocrx_word' id='word_1_630' title='bbox 2921 4031 3121 4079; x_wconf 77' lang='lat' dir='ltr'><strong>sancta:</strong></span> <span class='ocrx_word' id='word_1_631' title='bbox 3147 4023 3242 4079; x_wconf 90' lang='lat' dir='ltr'><strong>Dei</strong></span> <span class='ocrx_word' id='word_1_632' title='bbox 3271 4024 3458 4080; x_wconf 82' lang='lat' dir='ltr'><strong>Eccle—</strong></span> 
     </span>
    </p>
   </div>
   <div class='ocr_carea' id='block_1_83' title="bbox 1864 4113 2525 4186">
    <p class='ocr_par' dir='ltr' id='par_1_83' title="bbox 1864 4113 2525 4186">
     <span class='ocr_line' id='line_1_83' title="bbox 1864 4113 2525 4186; baseline 0 -17"><span class='ocrx_word' id='word_1_633' title='bbox 1864 4115 1960 4170; x_wconf 75' lang='lat' dir='ltr'><strong>siae</strong></span> <span class='ocrx_word' id='word_1_634' title='bbox 1989 4114 2259 4186; x_wconf 90' lang='lat' dir='ltr'><strong>proﬁcere</strong></span> <span class='ocrx_word' id='word_1_635' title='bbox 2288 4113 2525 4170; x_wconf 87' lang='lat' dir='ltr'><strong>valeant.</strong></span> 
     </span>
    </p>
   </div>
   <div class='ocr_carea' id='block_1_84' title="bbox 1931 4206 3452 4278">
    <p class='ocr_par' dir='ltr' id='par_1_84' title="bbox 1931 4206 3452 4278">
     <span class='ocr_line' id='line_1_84' title="bbox 1931 4206 3452 4278; baseline 0.001 -15"><span class='ocrx_word' id='word_1_636' title='bbox 1931 4208 1976 4263; x_wconf 76' lang='grc' dir='ltr'><strong>Α</strong></span> <span class='ocrx_word' id='word_1_637' title='bbox 2005 4207 2225 4277; x_wconf 90' lang='lat' dir='ltr'><strong>quibus,</strong></span> <span class='ocrx_word' id='word_1_638' title='bbox 2271 4206 2357 4261; x_wconf 92' lang='lat' dir='ltr'><strong>vel</strong></span> <span class='ocrx_word' id='word_1_639' title='bbox 2394 4207 2463 4262; x_wconf 91' lang='lat' dir='ltr'><strong>ab</strong></span> <span class='ocrx_word' id='word_1_640' title='bbox 2488 4221 2552 4264; x_wconf 92' lang='lat' dir='ltr'><strong>eo</strong></span> <span class='ocrx_word' id='word_1_641' title='bbox 2581 4207 2675 4278; x_wconf 91' lang='lat' dir='ltr'><strong>qui</strong></span> <span class='ocrx_word' id='word_1_642' title='bbox 2711 4208 2800 4264; x_wconf 90' lang='lat' dir='ltr'><strong>diu</strong></span> <span class='ocrx_word' id='word_1_643' title='bbox 2839 4217 2894 4263; x_wconf 90' lang='lat' dir='ltr'><strong>et</strong></span> <span class='ocrx_word' id='word_1_644' title='bbox 2922 4208 3170 4265; x_wconf 63' lang='lat' dir='ltr'><strong>ecclesia:</strong></span> <span class='ocrx_word' id='word_1_645' title='bbox 3201 4210 3452 4266; x_wconf 84' lang='lat' dir='ltr'><strong>utilitati-</strong></span> 
     </span>
    </p>
   </div>
   <div class='ocr_carea' id='block_1_85' title="bbox 1860 4296 3457 4370">
    <p class='ocr_par' dir='ltr' id='par_1_85' title="bbox 1860 4296 3457 4370">
     <span class='ocr_line' id='line_1_85' title="bbox 1860 4296 3457 4370; baseline 0.002 -16"><span class='ocrx_word' id='word_1_646' title='bbox 1860 4300 1982 4364; x_wconf 91' lang='lat' dir='ltr'><strong>bus,</strong></span> <span class='ocrx_word' id='word_1_647' title='bbox 2014 4298 2108 4355; x_wconf 91' lang='lat' dir='ltr'><strong>sed</strong></span> <span class='ocrx_word' id='word_1_648' title='bbox 2135 4307 2192 4353; x_wconf 89' lang='lat' dir='ltr'><strong>et</strong></span> <span class='ocrx_word' id='word_1_649' title='bbox 2238 4296 2549 4368; x_wconf 90' lang='lat' dir='ltr'><strong>specialiter</strong></span> <span class='ocrx_word' id='word_1_650' title='bbox 2573 4299 2744 4370; x_wconf 89' lang='lat' dir='ltr'><strong>ipsius</strong></span> <span class='ocrx_word' id='word_1_651' title='bbox 2788 4299 3032 4354; x_wconf 68' lang='lat' dir='ltr'><strong>ecclesias</strong></span> <span class='ocrx_word' id='word_1_652' title='bbox 3063 4315 3127 4355; x_wconf 91' lang='lat' dir='ltr'><strong>ac</strong></span> <span class='ocrx_word' id='word_1_653' title='bbox 3159 4301 3457 4357; x_wconf 87' lang='lat' dir='ltr'><strong>necessita-</strong></span> 
     </span>
    </p>
   </div>
   <div class='ocr_carea' id='block_1_86' title="bbox 1863 4391 3460 4465">
    <p class='ocr_par' dir='ltr' id='par_1_86' title="bbox 1863 4391 3460 4465">
     <span class='ocr_line' id='line_1_86' title="bbox 1863 4391 3460 4465; baseline 0.003 -18"><span class='ocrx_word' id='word_1_654' title='bbox 1863 4393 2007 4449; x_wconf 88' lang='lat' dir='ltr'><strong>tibus</strong></span> <span class='ocrx_word' id='word_1_655' title='bbox 2049 4391 2273 4465; x_wconf 87' lang='lat' dir='ltr'><strong>prol&#39;uit,</strong></span> <span class='ocrx_word' id='word_1_656' title='bbox 2307 4401 2362 4448; x_wconf 93' lang='lat' dir='ltr'><strong>et</strong></span> <span class='ocrx_word' id='word_1_657' title='bbox 2393 4393 2706 4463; x_wconf 72' lang='lat' dir='ltr'><strong>reipublica:</strong></span> <span class='ocrx_word' id='word_1_658' title='bbox 2731 4407 2794 4449; x_wconf 90' lang='lat' dir='ltr'><strong>ac</strong></span> <span class='ocrx_word' id='word_1_659' title='bbox 2827 4393 3033 4449; x_wconf 80' lang='lat' dir='ltr'><strong>militiae</strong></span> <span class='ocrx_word' id='word_1_660' title='bbox 3061 4394 3212 4450; x_wconf 90' lang='lat' dir='ltr'><strong>utilis</strong></span> <span class='ocrx_word' id='word_1_661' title='bbox 3252 4393 3374 4461; x_wconf 84' lang='lat' dir='ltr'><strong>fuit,</strong></span> <span class='ocrx_word' id='word_1_662' title='bbox 3403 4404 3460 4451; x_wconf 88' lang='lat' dir='ltr'><strong>et</strong></span> 
     </span>
    </p>
   </div>
   <div class='ocr_carea' id='block_1_87' title="bbox 1861 4485 3458 4558">
    <p class='ocr_par' dir='ltr' id='par_1_87' title="bbox 1861 4485 3458 4558">
     <span class='ocr_line' id='line_1_87' title="bbox 1861 4485 3458 4558; baseline 0.001 -18"><span class='ocrx_word' id='word_1_663' title='bbox 1861 4485 2182 4541; x_wconf 86' lang='lat' dir='ltr'><strong>inﬁrmitate</strong></span> <span class='ocrx_word' id='word_1_664' title='bbox 2212 4486 2298 4541; x_wconf 92' lang='lat' dir='ltr'><strong>vel</strong></span> <span class='ocrx_word' id='word_1_665' title='bbox 2331 4493 2490 4541; x_wconf 81' lang='lat' dir='ltr'><strong>aetate</strong></span> <span class='ocrx_word' id='word_1_666' title='bbox 2521 4487 2800 4541; x_wconf 82' lang='lat' dir='ltr'><strong>confectus</strong></span> <span class='ocrx_word' id='word_1_667' title='bbox 2823 4486 2936 4556; x_wconf 92' lang='lat' dir='ltr'><strong>jam</strong></span> <span class='ocrx_word' id='word_1_668' title='bbox 2961 4501 3059 4557; x_wconf 91' lang='lat' dir='ltr'><strong>per</strong></span> <span class='ocrx_word' id='word_1_669' title='bbox 3093 4487 3331 4558; x_wconf 88' lang='lat' dir='ltr'><strong>scipsum</strong></span> <span class='ocrx_word' id='word_1_670' title='bbox 3356 4503 3458 4544; x_wconf 81' lang='lat' dir='ltr'><strong>ex-</strong></span> 
     </span>
    </p>
   </div>
   <div class='ocr_carea' id='block_1_88' title="bbox 164 4577 3457 4692">
    <p class='ocr_par' dir='ltr' id='par_1_88' title="bbox 164 4577 3457 4692">
     <span class='ocr_line' id='line_1_88' title="bbox 164 4577 3457 4692; baseline 0.004 -57"><span class='ocrx_word' id='word_1_671' title='bbox 164 4581 443 4638; x_wconf 78' lang='lat' dir='ltr'><strong>Trinitatis</strong></span> <span class='ocrx_word' id='word_1_672' title='bbox 463 4585 655 4652; x_wconf 91' lang='lat' dir='ltr'><strong>instar,</strong></span> <span class='ocrx_word' id='word_1_673' title='bbox 680 4585 833 4658; x_wconf 87' lang='lat' dir='ltr'><strong>cujus</strong></span> <span class='ocrx_word' id='word_1_674' title='bbox 853 4605 958 4644; x_wconf 89' lang='lat' dir='ltr'><strong>una</strong></span> <span class='ocrx_word' id='word_1_675' title='bbox 990 4601 1073 4646; x_wconf 89' lang='lat' dir='ltr'><strong>est</strong></span> <span class='ocrx_word' id='word_1_676' title='bbox 1109 4600 1271 4665; x_wconf 91' lang='lat' dir='ltr'><strong>atque</strong></span> <span class='ocrx_word' id='word_1_677' title='bbox 1304 4594 1574 4651; x_wconf 85' lang='lat' dir='ltr'><strong>individua</strong></span> <span class='ocrx_word' id='word_1_678' title='bbox 1603 4605 1755 4668; x_wconf 86' lang='lat' dir='ltr'><strong>pote-</strong></span> <span class='ocrx_word' id='word_1_679' title='bbox 1782 4632 1834 4692; x_wconf 68' lang='grc' dir='ltr'><strong>Β</strong></span> <span class='ocrx_word' id='word_1_680' title='bbox 1861 4579 2014 4692; x_wconf 57' lang='grc' dir='ltr'><strong>ξρξξιιιί</strong></span> <span class='ocrx_word' id='word_1_681' title='bbox 2066 4577 2710 4692; x_wconf 42' lang='grc' dir='ltr'><strong>ῐξίῖιὶΛνξδξθίῖ.</strong></span> 
     </span>
    </p>
   </div>
   <div class='ocr_carea' id='block_1_89' title="bbox 163 4682 1746 4756">
    <p class='ocr_par' dir='ltr' id='par_1_89' title="bbox 163 4682 1746 4756">
     <span class='ocr_line' id='line_1_89' title="bbox 163 4682 1746 4756; baseline 0.009 -26"><span class='ocrx_word' id='word_1_682' title='bbox 163 4686 296 4743; x_wconf 89' lang='lat' dir='ltr'><strong>stas,</strong></span> <span class='ocrx_word' id='word_1_683' title='bbox 319 4691 484 4732; x_wconf 89' lang='lat' dir='ltr'><strong>unum</strong></span> <span class='ocrx_word' id='word_1_684' title='bbox 507 4688 591 4734; x_wconf 89' lang='lat' dir='ltr'><strong>est</strong></span> <span class='ocrx_word' id='word_1_685' title='bbox 615 4695 713 4750; x_wconf 91' lang='lat' dir='ltr'><strong>per</strong></span> <span class='ocrx_word' id='word_1_686' title='bbox 737 4682 980 4740; x_wconf 90' lang='lat' dir='ltr'><strong>diversos</strong></span> <span class='ocrx_word' id='word_1_687' title='bbox 1005 4687 1280 4742; x_wconf 88' lang='lat' dir='ltr'><strong>antistites</strong></span> <span class='ocrx_word' id='word_1_688' title='bbox 1305 4690 1690 4756; x_wconf 88' lang='lat' dir='ltr'><strong>sacerdotium,</strong></span> <span class='ocrx_word' id='word_1_689' title='bbox 1727 4711 1746 4744; x_wconf 75' lang='grc' dir='ltr'><strong><em>ι</em></strong></span> 
     </span>
    </p>
   </div>
   <div class='ocr_carea' id='block_1_90' title="bbox 163 4771 1752 4850">
    <p class='ocr_par' dir='ltr' id='par_1_90' title="bbox 163 4771 1752 4850">
     <span class='ocr_line' id='line_1_90' title="bbox 163 4771 1752 4850; baseline 0.009 -25"><span class='ocrx_word' id='word_1_690' title='bbox 163 4783 259 4825; x_wconf 88' lang='lat' dir='ltr'><strong>nec</strong></span> <span class='ocrx_word' id='word_1_691' title='bbox 300 4771 541 4827; x_wconf 90' lang='lat' dir='ltr'><strong>sanctius</strong></span> <span class='ocrx_word' id='word_1_692' title='bbox 585 4772 639 4827; x_wconf 91' lang='lat' dir='ltr'><strong>in</strong></span> <span class='ocrx_word' id='word_1_693' title='bbox 671 4773 855 4844; x_wconf 87' lang='lat' dir='ltr'><strong>justo,</strong></span> <span class='ocrx_word' id='word_1_694' title='bbox 896 4791 999 4831; x_wconf 89' lang='lat' dir='ltr'><strong>nec</strong></span> <span class='ocrx_word' id='word_1_695' title='bbox 1030 4779 1209 4833; x_wconf 90' lang='lat' dir='ltr'><strong>minus</strong></span> <span class='ocrx_word' id='word_1_696' title='bbox 1241 4779 1293 4834; x_wconf 91' lang='lat' dir='ltr'><strong>in</strong></span> <span class='ocrx_word' id='word_1_697' title='bbox 1325 4792 1632 4850; x_wconf 89' lang='lat' dir='ltr'><strong>peccatore.</strong></span> <span class='ocrx_word' id='word_1_698' title='bbox 1660 4783 1752 4839; x_wconf 91' lang='lat' dir='ltr'><strong>Sic</strong></span> 
     </span>
    </p>
   </div>
   <div class='ocr_carea' id='block_1_91' title="bbox 161 4860 1751 4938">
    <p class='ocr_par' dir='ltr' id='par_1_91' title="bbox 161 4860 1751 4938">
     <span class='ocr_line' id='line_1_91' title="bbox 161 4860 1751 4938; baseline 0.008 -21"><span class='ocrx_word' id='word_1_699' title='bbox 161 4868 216 4917; x_wconf 89' lang='lat' dir='ltr'><strong>et</strong></span> <span class='ocrx_word' id='word_1_700' title='bbox 256 4860 332 4917; x_wconf 89' lang='lat' dir='ltr'><strong>sol</strong></span> <span class='ocrx_word' id='word_1_701' title='bbox 361 4863 463 4917; x_wconf 90' lang='lat' dir='ltr'><strong>iste</strong></span> <span class='ocrx_word' id='word_1_702' title='bbox 493 4865 723 4921; x_wconf 91' lang='lat' dir='ltr'><strong>visibilis</strong></span> <span class='ocrx_word' id='word_1_703' title='bbox 749 4867 970 4936; x_wconf 91' lang='lat' dir='ltr'><strong>quando</strong></span> <span class='ocrx_word' id='word_1_704' title='bbox 1002 4869 1248 4938; x_wconf 79' lang='lat' dir='ltr'><strong>Splendet</strong></span> <span class='ocrx_word' id='word_1_705' title='bbox 1292 4871 1346 4925; x_wconf 92' lang='lat' dir='ltr'><strong>in</strong></span> <span class='ocrx_word' id='word_1_706' title='bbox 1395 4889 1609 4938; x_wconf 89' lang='lat' dir='ltr'><strong>aurum,</strong></span> <span class='ocrx_word' id='word_1_707' title='bbox 1643 4891 1751 4931; x_wconf 91' lang='lat' dir='ltr'><strong>non</strong></span> 
     </span>
    </p>
   </div>
   <div class='ocr_carea' id='block_1_92' title="bbox 163 4954 1745 5031">
    <p class='ocr_par' dir='ltr' id='par_1_92' title="bbox 163 4954 1745 5031">
     <span class='ocr_line' id='line_1_92' title="bbox 163 4954 1745 5031; baseline 0.006 -21"><span class='ocrx_word' id='word_1_708' title='bbox 163 4954 272 5025; x_wconf 88' lang='lat' dir='ltr'><strong>ipse</strong></span> <span class='ocrx_word' id='word_1_709' title='bbox 314 4963 397 5010; x_wconf 89' lang='lat' dir='ltr'><strong>est</strong></span> <span class='ocrx_word' id='word_1_710' title='bbox 430 4956 739 5026; x_wconf 89' lang='lat' dir='ltr'><strong>pulchrior,</strong></span> <span class='ocrx_word' id='word_1_711' title='bbox 800 4959 893 5014; x_wconf 89' lang='lat' dir='ltr'><strong>sed</strong></span> <span class='ocrx_word' id='word_1_712' title='bbox 941 4973 1133 5013; x_wconf 91' lang='lat' dir='ltr'><strong>aurum</strong></span> <span class='ocrx_word' id='word_1_713' title='bbox 1171 4959 1504 5031; x_wconf 87' lang='lat' dir='ltr'><strong>splendidius</strong></span> <span class='ocrx_word' id='word_1_714' title='bbox 1548 4963 1745 5019; x_wconf 90' lang='lat' dir='ltr'><strong>reddit.</strong></span> 
     </span>
    </p>
   </div>
   <div class='ocr_carea' id='block_1_93' title="bbox 165 5044 1752 5117">
    <p class='ocr_par' dir='ltr' id='par_1_93' title="bbox 165 5044 1752 5117">
     <span class='ocr_line' id='line_1_93' title="bbox 165 5044 1752 5117; baseline 0.006 -18"><span class='ocrx_word' id='word_1_715' title='bbox 165 5044 380 5114; x_wconf 87' lang='lat' dir='ltr'><strong>Quando</strong></span> <span class='ocrx_word' id='word_1_716' title='bbox 411 5055 592 5102; x_wconf 89' lang='lat' dir='ltr'><strong>autem</strong></span> <span class='ocrx_word' id='word_1_717' title='bbox 622 5049 802 5104; x_wconf 89' lang='lat' dir='ltr'><strong>radios</strong></span> <span class='ocrx_word' id='word_1_718' title='bbox 827 5065 953 5105; x_wconf 90' lang='lat' dir='ltr'><strong>suos</strong></span> <span class='ocrx_word' id='word_1_719' title='bbox 977 5050 1177 5105; x_wconf 91' lang='lat' dir='ltr'><strong>emittit</strong></span> <span class='ocrx_word' id='word_1_720' title='bbox 1219 5051 1272 5104; x_wconf 91' lang='lat' dir='ltr'><strong>in</strong></span> <span class='ocrx_word' id='word_1_721' title='bbox 1309 5049 1517 5117; x_wconf 93' lang='lat' dir='ltr'><strong>ﬁmum,</strong></span> <span class='ocrx_word' id='word_1_722' title='bbox 1552 5051 1752 5109; x_wconf 89' lang='lat' dir='ltr'><strong>clarius</strong></span> 
     </span>
    </p>
   </div>
   <div class='ocr_carea' id='block_1_94' title="bbox 166 5137 1754 5210">
    <p class='ocr_par' dir='ltr' id='par_1_94' title="bbox 166 5137 1754 5210">
     <span class='ocr_line' id='line_1_94' title="bbox 166 5137 1754 5210; baseline 0.006 -20"><span class='ocrx_word' id='word_1_723' title='bbox 166 5137 315 5191; x_wconf 87' lang='lat' dir='ltr'><strong>limus</strong></span> <span class='ocrx_word' id='word_1_724' title='bbox 340 5137 482 5207; x_wconf 92' lang='lat' dir='ltr'><strong>quod</strong></span> <span class='ocrx_word' id='word_1_725' title='bbox 521 5145 606 5194; x_wconf 90' lang='lat' dir='ltr'><strong>est</strong></span> <span class='ocrx_word' id='word_1_726' title='bbox 631 5149 874 5210; x_wconf 89' lang='lat' dir='ltr'><strong>apparet.</strong></span> <span class='ocrx_word' id='word_1_727' title='bbox 910 5139 1002 5195; x_wconf 90' lang='lat' dir='ltr'><strong>Sol</strong></span> <span class='ocrx_word' id='word_1_728' title='bbox 1033 5150 1209 5196; x_wconf 80' lang='lat' dir='ltr'><strong>autem</strong></span> <span class='ocrx_word' id='word_1_729' title='bbox 1248 5156 1370 5195; x_wconf 91' lang='lat' dir='ltr'><strong>cum</strong></span> <span class='ocrx_word' id='word_1_730' title='bbox 1415 5142 1597 5197; x_wconf 91' lang='lat' dir='ltr'><strong>radios</strong></span> <span class='ocrx_word' id='word_1_731' title='bbox 1629 5157 1754 5199; x_wconf 92' lang='lat' dir='ltr'><strong>suos</strong></span> 
     </span>
    </p>
   </div>
   <div class='ocr_carea' id='block_1_95' title="bbox 166 5227 1748 5295">
    <p class='ocr_par' dir='ltr' id='par_1_95' title="bbox 166 5227 1748 5295">
     <span class='ocr_line' id='line_1_95' title="bbox 166 5227 1748 5295; baseline 0.002 -11"><span class='ocrx_word' id='word_1_732' title='bbox 166 5227 284 5284; x_wconf 84' lang='lat' dir='ltr'><strong>inde</strong></span> <span class='ocrx_word' id='word_1_733' title='bbox 313 5229 564 5295; x_wconf 84' lang='lat' dir='ltr'><strong>retrahit,</strong></span> <span class='ocrx_word' id='word_1_734' title='bbox 596 5231 800 5286; x_wconf 90' lang='lat' dir='ltr'><strong>nullam</strong></span> <span class='ocrx_word' id='word_1_735' title='bbox 846 5231 972 5286; x_wconf 90' lang='lat' dir='ltr'><strong>inde</strong></span> <span class='ocrx_word' id='word_1_736' title='bbox 1003 5232 1404 5288; x_wconf 86' lang='lat' dir='ltr'><strong>immunditiam</strong></span> <span class='ocrx_word' id='word_1_737' title='bbox 1453 5232 1748 5287; x_wconf 89' lang='lat' dir='ltr'><strong>contrahit.</strong></span> 
     </span>
    </p>
   </div>
   <div class='ocr_carea' id='block_1_96' title="bbox 167 5317 1750 5391">
    <p class='ocr_par' dir='ltr' id='par_1_96' title="bbox 167 5317 1750 5391">
     <span class='ocr_line' id='line_1_96' title="bbox 167 5317 1750 5391; baseline 0.003 -17"><span class='ocrx_word' id='word_1_738' title='bbox 167 5318 229 5374; x_wconf 84' lang='lat' dir='ltr'><strong>Et</strong></span> <span class='ocrx_word' id='word_1_739' title='bbox 252 5317 363 5373; x_wconf 85' lang='lat' dir='ltr'><strong>sive</strong></span> <span class='ocrx_word' id='word_1_740' title='bbox 397 5329 648 5386; x_wconf 84' lang='lat' dir='ltr'><strong>sanctus,</strong></span> <span class='ocrx_word' id='word_1_741' title='bbox 691 5321 805 5376; x_wconf 89' lang='lat' dir='ltr'><strong>sive</strong></span> <span class='ocrx_word' id='word_1_742' title='bbox 835 5328 1091 5391; x_wconf 87' lang='lat' dir='ltr'><strong>peccator</strong></span> <span class='ocrx_word' id='word_1_743' title='bbox 1134 5330 1474 5377; x_wconf 88' lang='lat' dir='ltr'><strong>sacramenta</strong></span> <span class='ocrx_word' id='word_1_744' title='bbox 1504 5321 1750 5378; x_wconf 86' lang='lat' dir='ltr'><strong>coelestia</strong></span> 
     </span>
    </p>
   </div>
   <div class='ocr_carea' id='block_1_97' title="bbox 168 5411 1747 5485">
    <p class='ocr_par' dir='ltr' id='par_1_97' title="bbox 168 5411 1747 5485">
     <span class='ocr_line' id='line_1_97' title="bbox 168 5411 1747 5485; baseline 0.001 -17"><span class='ocrx_word' id='word_1_745' title='bbox 168 5411 310 5468; x_wconf 85' lang='lat' dir='ltr'><strong>vobis</strong></span> <span class='ocrx_word' id='word_1_746' title='bbox 357 5413 590 5479; x_wconf 88' lang='lat' dir='ltr'><strong>tribua‘t,</strong></span> <span class='ocrx_word' id='word_1_747' title='bbox 627 5414 740 5485; x_wconf 85' lang='lat' dir='ltr'><strong>ipsa</strong></span> <span class='ocrx_word' id='word_1_748' title='bbox 785 5424 1129 5470; x_wconf 88' lang='lat' dir='ltr'><strong>sacramenta</strong></span> <span class='ocrx_word' id='word_1_749' title='bbox 1160 5415 1214 5470; x_wconf 91' lang='lat' dir='ltr'><strong>in</strong></span> <span class='ocrx_word' id='word_1_750' title='bbox 1262 5430 1320 5472; x_wconf 90' lang='lat' dir='ltr'><strong>se</strong></span> <span class='ocrx_word' id='word_1_751' title='bbox 1361 5425 1489 5471; x_wconf 89' lang='lat' dir='ltr'><strong>sunt</strong></span> <span class='ocrx_word' id='word_1_752' title='bbox 1518 5414 1747 5470; x_wconf 91' lang='lat' dir='ltr'><strong>inviola-</strong></span> 
     </span>
    </p>
   </div>
   <div class='ocr_carea' id='block_1_98' title="bbox 168 5504 1750 5577">
    <p class='ocr_par' dir='ltr' id='par_1_98' title="bbox 168 5504 1750 5577">
     <span class='ocr_line' id='line_1_98' title="bbox 168 5504 1750 5577; baseline 0.002 -18"><span class='ocrx_word' id='word_1_753' title='bbox 168 5504 307 5569; x_wconf 86' lang='lat' dir='ltr'><strong>bilia,</strong></span> <span class='ocrx_word' id='word_1_754' title='bbox 343 5513 395 5558; x_wconf 92' lang='lat' dir='ltr'><strong>et</strong></span> <span class='ocrx_word' id='word_1_755' title='bbox 429 5505 690 5573; x_wconf 79' lang='lat' dir='ltr'><strong>perfecta.</strong></span> <span class='ocrx_word' id='word_1_756' title='bbox 725 5505 861 5573; x_wconf 85' lang='lat' dir='ltr'><strong>Quia</strong></span> <span class='ocrx_word' id='word_1_757' title='bbox 900 5506 1150 5577; x_wconf 90' lang='lat' dir='ltr'><strong>quisquis</strong></span> <span class='ocrx_word' id='word_1_758' title='bbox 1195 5506 1247 5562; x_wconf 92' lang='lat' dir='ltr'><strong>in</strong></span> <span class='ocrx_word' id='word_1_759' title='bbox 1293 5506 1509 5563; x_wconf 91' lang='lat' dir='ltr'><strong>nomine</strong></span> <span class='ocrx_word' id='word_1_760' title='bbox 1548 5515 1750 5562; x_wconf 80' lang='lat' dir='ltr'><strong>sancta:</strong></span> 
     </span>
    </p>
   </div>
   <div class='ocr_carea' id='block_1_99' title="bbox 167 5597 1748 5674">
    <p class='ocr_par' dir='ltr' id='par_1_99' title="bbox 167 5597 1748 5674">
     <span class='ocr_line' id='line_1_99' title="bbox 167 5597 1748 5674; baseline 0.001 -19"><span class='ocrx_word' id='word_1_761' title='bbox 167 5597 440 5655; x_wconf 85' lang='lat' dir='ltr'><strong>Trinitatis</strong></span> <span class='ocrx_word' id='word_1_762' title='bbox 483 5600 752 5671; x_wconf 89' lang='lat' dir='ltr'><strong>baptizet,</strong></span> <span class='ocrx_word' id='word_1_763' title='bbox 784 5611 842 5657; x_wconf 91' lang='lat' dir='ltr'><strong>ut</strong></span> <span class='ocrx_word' id='word_1_764' title='bbox 869 5602 1180 5674; x_wconf 84' lang='lat' dir='ltr'><strong>evangelica</strong></span> <span class='ocrx_word' id='word_1_765' title='bbox 1223 5603 1427 5658; x_wconf 89' lang='lat' dir='ltr'><strong>veritas</strong></span> <span class='ocrx_word' id='word_1_766' title='bbox 1458 5610 1748 5669; x_wconf 90' lang='lat' dir='ltr'><strong>monstrat,</strong></span> 
     </span>
    </p>
   </div>
   <div class='ocr_carea' id='block_1_100' title="bbox 168 5689 1746 5768">
    <p class='ocr_par' dir='ltr' id='par_1_100' title="bbox 168 5689 1746 5768">
     <span class='ocr_line' id='line_1_100' title="bbox 168 5689 1746 5768; baseline 0.001 -17"><span class='ocrx_word' id='word_1_767' title='bbox 168 5706 322 5765; x_wconf 81' lang='lat' dir='ltr'><strong>super</strong></span> <span class='ocrx_word' id='word_1_768' title='bbox 345 5708 503 5762; x_wconf 88' lang='lat' dir='ltr'><strong>quem</strong></span> <span class='ocrx_word' id='word_1_769' title='bbox 537 5693 774 5764; x_wconf 89' lang='lat' dir='ltr'><strong>Baptista</strong></span> <span class='ocrx_word' id='word_1_770' title='bbox 799 5689 1034 5751; x_wconf 78' lang='lat' dir='ltr'><strong>Joannes</strong></span> <span class='ocrx_word' id='word_1_771' title='bbox 1074 5695 1338 5768; x_wconf 91' lang='lat' dir='ltr'><strong>Spiritum</strong></span> <span class='ocrx_word' id='word_1_772' title='bbox 1377 5696 1746 5763; x_wconf 89' lang='lat' dir='ltr'><strong>descendisse,</strong></span> 
     </span>
    </p>
   </div>
   <div class='ocr_carea' id='block_1_101' title="bbox 1863 4667 3456 4740">
    <p class='ocr_par' dir='ltr' id='par_1_101' title="bbox 1863 4667 3456 4740">
     <span class='ocr_line' id='line_1_101' title="bbox 1863 4667 3456 4740; baseline 0.001 -17"><span class='ocrx_word' id='word_1_773' title='bbox 1863 4667 2031 4723; x_wconf 89' lang='lat' dir='ltr'><strong>ﬁlium</strong></span> <span class='ocrx_word' id='word_1_774' title='bbox 2081 4668 2322 4732; x_wconf 88' lang='lat' dir='ltr'><strong>babenti,</strong></span> <span class='ocrx_word' id='word_1_775' title='bbox 2370 4668 2464 4738; x_wconf 89' lang='lat' dir='ltr'><strong>qui</strong></span> <span class='ocrx_word' id='word_1_776' title='bbox 2509 4683 2608 4738; x_wconf 92' lang='lat' dir='ltr'><strong>pro</strong></span> <span class='ocrx_word' id='word_1_777' title='bbox 2646 4683 2714 4723; x_wconf 90' lang='lat' dir='ltr'><strong>eo</strong></span> <span class='ocrx_word' id='word_1_778' title='bbox 2749 4667 2866 4723; x_wconf 60' lang='lat' dir='ltr'><strong>haec</strong></span> <span class='ocrx_word' id='word_1_779' title='bbox 2907 4667 3088 4724; x_wconf 88' lang='lat' dir='ltr'><strong>valeat</strong></span> <span class='ocrx_word' id='word_1_780' title='bbox 3116 4670 3374 4740; x_wconf 77' lang='lat' dir='ltr'><strong>exsequi;</strong></span> <span class='ocrx_word' id='word_1_781' title='bbox 3409 4669 3456 4725; x_wconf 86' lang='lat' dir='ltr'><strong>si</strong></span> 
     </span>
    </p>
   </div>
   <div class='ocr_carea' id='block_1_102' title="bbox 1863 4760 3456 4832">
    <p class='ocr_par' dir='ltr' id='par_1_102' title="bbox 1863 4760 3456 4832">
     <span class='ocr_line' id='line_1_102' title="bbox 1863 4760 3456 4832; baseline 0 -15"><span class='ocrx_word' id='word_1_782' title='bbox 1863 4762 2148 4832; x_wconf 88' lang='lat' dir='ltr'><strong>episcopus</strong></span> <span class='ocrx_word' id='word_1_783' title='bbox 2176 4760 2500 4816; x_wconf 87' lang='lat' dir='ltr'><strong>beneﬁcium</strong></span> <span class='ocrx_word' id='word_1_784' title='bbox 2522 4773 2845 4830; x_wconf 89' lang='lat' dir='ltr'><strong>quacunque</strong></span> <span class='ocrx_word' id='word_1_785' title='bbox 2891 4761 3177 4816; x_wconf 89' lang='lat' dir='ltr'><strong>occasione</strong></span> <span class='ocrx_word' id='word_1_786' title='bbox 3210 4761 3456 4817; x_wconf 58' lang='lat' dir='ltr'><strong>abstuleo</strong></span> 
     </span>
    </p>
   </div>
   <div class='ocr_carea' id='block_1_103' title="bbox 1864 4855 3455 4925">
    <p class='ocr_par' dir='ltr' id='par_1_103' title="bbox 1864 4855 3455 4925">
     <span class='ocr_line' id='line_1_103' title="bbox 1864 4855 3455 4925; baseline -0.001 -13"><span class='ocrx_word' id='word_1_787' title='bbox 1864 4858 1955 4924; x_wconf 87' lang='lat' dir='ltr'><strong>rit,</strong></span> <span class='ocrx_word' id='word_1_788' title='bbox 1985 4865 2040 4910; x_wconf 93' lang='lat' dir='ltr'><strong>et</strong></span> <span class='ocrx_word' id='word_1_789' title='bbox 2061 4871 2092 4910; x_wconf 88' lang='lat' dir='ltr'><strong>a</strong></span> <span class='ocrx_word' id='word_1_790' title='bbox 2121 4855 2284 4909; x_wconf 87' lang='lat' dir='ltr'><strong>vicini</strong></span> <span class='ocrx_word' id='word_1_791' title='bbox 2307 4856 2545 4925; x_wconf 91' lang='lat' dir='ltr'><strong>episcopi</strong></span> <span class='ocrx_word' id='word_1_792' title='bbox 2571 4855 2791 4910; x_wconf 91' lang='lat' dir='ltr'><strong>monitis</strong></span> <span class='ocrx_word' id='word_1_793' title='bbox 2815 4864 2866 4909; x_wconf 92' lang='lat' dir='ltr'><strong>et</strong></span> <span class='ocrx_word' id='word_1_794' title='bbox 2898 4855 3169 4924; x_wconf 90' lang='lat' dir='ltr'><strong>precibus,</strong></span> <span class='ocrx_word' id='word_1_795' title='bbox 3195 4855 3277 4909; x_wconf 90' lang='lat' dir='ltr'><strong>vel</strong></span> <span class='ocrx_word' id='word_1_796' title='bbox 3300 4856 3455 4925; x_wconf 90' lang='lat' dir='ltr'><strong>cujus</strong></span> 
     </span>
    </p>
   </div>
   <div class='ocr_carea' id='block_1_104' title="bbox 1863 4944 3452 5018">
    <p class='ocr_par' dir='ltr' id='par_1_104' title="bbox 1863 4944 3452 5018">
     <span class='ocr_line' id='line_1_104' title="bbox 1863 4944 3452 5018; baseline 0 -16"><span class='ocrx_word' id='word_1_797' title='bbox 1863 4947 2110 5012; x_wconf 90' lang='lat' dir='ltr'><strong>alterius,</strong></span> <span class='ocrx_word' id='word_1_798' title='bbox 2133 4945 2403 5018; x_wconf 89' lang='lat' dir='ltr'><strong>justitiam</strong></span> <span class='ocrx_word' id='word_1_799' title='bbox 2425 4945 2674 5002; x_wconf 91' lang='lat' dir='ltr'><strong>obtinere</strong></span> <span class='ocrx_word' id='word_1_800' title='bbox 2698 4944 3024 5015; x_wconf 88' lang='lat' dir='ltr'><strong>nequiverit,</strong></span> <span class='ocrx_word' id='word_1_801' title='bbox 3058 4957 3167 4998; x_wconf 89' lang='lat' dir='ltr'><strong>non</strong></span> <span class='ocrx_word' id='word_1_802' title='bbox 3193 4944 3452 5002; x_wconf 79' lang='lat' dir='ltr'><strong>abhorret</strong></span> 
     </span>
    </p>
   </div>
   <div class='ocr_carea' id='block_1_105' title="bbox 1864 5037 3454 5112">
    <p class='ocr_par' dir='ltr' id='par_1_105' title="bbox 1864 5037 3454 5112">
     <span class='ocr_line' id='line_1_105' title="bbox 1864 5037 3454 5112; baseline -0.001 -16"><span class='ocrx_word' id='word_1_803' title='bbox 1864 5057 1895 5096; x_wconf 89' lang='lat' dir='ltr'><strong>a</strong></span> <span class='ocrx_word' id='word_1_804' title='bbox 1924 5042 2133 5096; x_wconf 89' lang='lat' dir='ltr'><strong>ratione</strong></span> <span class='ocrx_word' id='word_1_805' title='bbox 2159 5041 2205 5096; x_wconf 90' lang='lat' dir='ltr'><strong>si</strong></span> <span class='ocrx_word' id='word_1_806' title='bbox 2235 5056 2341 5096; x_wconf 91' lang='lat' dir='ltr'><strong>non</strong></span> <span class='ocrx_word' id='word_1_807' title='bbox 2391 5049 2611 5097; x_wconf 90' lang='lat' dir='ltr'><strong>accuset</strong></span> <span class='ocrx_word' id='word_1_808' title='bbox 2650 5043 2960 5112; x_wconf 88' lang='lat' dir='ltr'><strong>episcopum</strong></span> <span class='ocrx_word' id='word_1_809' title='bbox 3003 5038 3070 5094; x_wconf 89' lang='lat' dir='ltr'><strong>ad</strong></span> <span class='ocrx_word' id='word_1_810' title='bbox 3099 5038 3343 5109; x_wconf 91' lang='lat' dir='ltr'><strong>publicos</strong></span> <span class='ocrx_word' id='word_1_811' title='bbox 3364 5037 3454 5110; x_wconf 88' lang='lat' dir='ltr'><strong>ju-</strong></span> 
     </span>
    </p>
   </div>
   <div class='ocr_carea' id='block_1_106' title="bbox 1858 5133 3494 5206">
    <p class='ocr_par' dir='ltr' id='par_1_106' title="bbox 1858 5133 3494 5206">
     <span class='ocr_line' id='line_1_106' title="bbox 1858 5133 3494 5206; baseline 0 -16"><span class='ocrx_word' id='word_1_812' title='bbox 1858 5137 2027 5200; x_wconf 90' lang='lat' dir='ltr'><strong>dices,</strong></span> <span class='ocrx_word' id='word_1_813' title='bbox 2063 5137 2208 5206; x_wconf 90' lang='lat' dir='ltr'><strong>quod</strong></span> <span class='ocrx_word' id='word_1_814' title='bbox 2251 5151 2358 5192; x_wconf 89' lang='lat' dir='ltr'><strong>non</strong></span> <span class='ocrx_word' id='word_1_815' title='bbox 2399 5136 2546 5203; x_wconf 92' lang='lat' dir='ltr'><strong>licet,</strong></span> <span class='ocrx_word' id='word_1_816' title='bbox 2599 5139 2694 5192; x_wconf 89' lang='lat' dir='ltr'><strong>sed</strong></span> <span class='ocrx_word' id='word_1_817' title='bbox 2725 5137 2792 5190; x_wconf 92' lang='lat' dir='ltr'><strong>ad</strong></span> <span class='ocrx_word' id='word_1_818' title='bbox 2837 5150 2934 5191; x_wconf 90' lang='lat' dir='ltr'><strong>vos</strong></span> <span class='ocrx_word' id='word_1_819' title='bbox 2965 5149 3025 5188; x_wconf 91' lang='lat' dir='ltr'><strong>se</strong></span> <span class='ocrx_word' id='word_1_820' title='bbox 3067 5135 3344 5189; x_wconf 89' lang='lat' dir='ltr'><strong>reclamet.</strong></span> <span class='ocrx_word' id='word_1_821' title='bbox 3375 5133 3494 5196; x_wconf 56' lang='lat' dir='ltr'><strong>De,</strong></span> 
     </span>
    </p>
   </div>
   <div class='ocr_carea' id='block_1_107' title="bbox 1856 5227 3449 5300">
    <p class='ocr_par' dir='ltr' id='par_1_107' title="bbox 1856 5227 3449 5300">
     <span class='ocr_line' id='line_1_107' title="bbox 1856 5227 3449 5300; baseline -0.001 -16"><span class='ocrx_word' id='word_1_822' title='bbox 1856 5229 2120 5284; x_wconf 89' lang='lat' dir='ltr'><strong>benelicio</strong></span> <span class='ocrx_word' id='word_1_823' title='bbox 2163 5230 2370 5285; x_wconf 71' lang='lat' dir='ltr'><strong>militim</strong></span> <span class='ocrx_word' id='word_1_824' title='bbox 2419 5230 2573 5300; x_wconf 91' lang='lat' dir='ltr'><strong>quasi</strong></span> <span class='ocrx_word' id='word_1_825' title='bbox 2623 5229 2689 5284; x_wconf 87' lang='lat' dir='ltr'><strong>de</strong></span> <span class='ocrx_word' id='word_1_826' title='bbox 2735 5227 3019 5299; x_wconf 88' lang='lat' dir='ltr'><strong>stipendiis</strong></span> <span class='ocrx_word' id='word_1_827' title='bbox 3059 5235 3112 5281; x_wconf 92' lang='lat' dir='ltr'><strong>et</strong></span> <span class='ocrx_word' id='word_1_828' title='bbox 3141 5242 3294 5298; x_wconf 86' lang='lat' dir='ltr'><strong>roga,</strong></span> <span class='ocrx_word' id='word_1_829' title='bbox 3328 5242 3449 5296; x_wconf 77' lang='lat' dir='ltr'><strong>qua:</strong></span> 
     </span>
    </p>
   </div>
   <div class='ocr_carea' id='block_1_108' title="bbox 1856 5318 3449 5390">
    <p class='ocr_par' dir='ltr' id='par_1_108' title="bbox 1856 5318 3449 5390">
     <span class='ocr_line' id='line_1_108' title="bbox 1856 5318 3449 5390; baseline -0.001 -15"><span class='ocrx_word' id='word_1_830' title='bbox 1856 5327 2038 5385; x_wconf 88' lang='lat' dir='ltr'><strong>antea,</strong></span> <span class='ocrx_word' id='word_1_831' title='bbox 2096 5321 2234 5376; x_wconf 90' lang='lat' dir='ltr'><strong>sicut</strong></span> <span class='ocrx_word' id='word_1_832' title='bbox 2271 5321 2538 5390; x_wconf 86' lang='lat' dir='ltr'><strong>hodieque</strong></span> <span class='ocrx_word' id='word_1_833' title='bbox 2577 5319 2637 5373; x_wconf 90' lang='lat' dir='ltr'><strong>ﬁt</strong></span> <span class='ocrx_word' id='word_1_834' title='bbox 2682 5318 2830 5383; x_wconf 87' lang='lat' dir='ltr'><strong>alibi,</strong></span> <span class='ocrx_word' id='word_1_835' title='bbox 2869 5318 3139 5374; x_wconf 90' lang='lat' dir='ltr'><strong>dabantur</strong></span> <span class='ocrx_word' id='word_1_836' title='bbox 3185 5318 3449 5373; x_wconf 87' lang='lat' dir='ltr'><strong>militibus</strong></span> 
     </span>
    </p>
   </div>
   <div class='ocr_carea' id='block_1_109' title="bbox 1856 5407 3451 5482">
    <p class='ocr_par' dir='ltr' id='par_1_109' title="bbox 1856 5407 3451 5482">
     <span class='ocr_line' id='line_1_109' title="bbox 1856 5407 3451 5482; baseline -0.003 -16"><span class='ocrx_word' id='word_1_837' title='bbox 1856 5410 1921 5466; x_wconf 91' lang='lat' dir='ltr'><strong>de</strong></span> <span class='ocrx_word' id='word_1_838' title='bbox 1960 5411 2194 5482; x_wconf 90' lang='lat' dir='ltr'><strong>publico,</strong></span> <span class='ocrx_word' id='word_1_839' title='bbox 2219 5419 2273 5465; x_wconf 89' lang='lat' dir='ltr'><strong>et</strong></span> <span class='ocrx_word' id='word_1_840' title='bbox 2298 5417 2455 5463; x_wconf 93' lang='lat' dir='ltr'><strong>aucta</strong></span> <span class='ocrx_word' id='word_1_841' title='bbox 2485 5407 2720 5463; x_wconf 90' lang='lat' dir='ltr'><strong>ﬁdelium</strong></span> <span class='ocrx_word' id='word_1_842' title='bbox 2745 5407 3028 5463; x_wconf 90' lang='lat' dir='ltr'><strong>devotione</strong></span> <span class='ocrx_word' id='word_1_843' title='bbox 3063 5407 3204 5474; x_wconf 85' lang='lat' dir='ltr'><strong>apud</strong></span> <span class='ocrx_word' id='word_1_844' title='bbox 3238 5416 3451 5462; x_wconf 82' lang='lat' dir='ltr'><strong>nostra-</strong></span> 
     </span>
    </p>
   </div>
   <div class='ocr_carea' id='block_1_110' title="bbox 1855 5500 3448 5571">
    <p class='ocr_par' dir='ltr' id='par_1_110' title="bbox 1855 5500 3448 5571">
     <span class='ocr_line' id='line_1_110' title="bbox 1855 5500 3448 5571; baseline 0.001 -13"><span class='ocrx_word' id='word_1_845' title='bbox 1855 5512 1958 5566; x_wconf 88' lang='lat' dir='ltr'><strong>tes,</strong></span> <span class='ocrx_word' id='word_1_846' title='bbox 1989 5503 2250 5557; x_wconf 87' lang='lat' dir='ltr'><strong>beneﬁcia</strong></span> <span class='ocrx_word' id='word_1_847' title='bbox 2283 5502 2348 5556; x_wconf 89' lang='lat' dir='ltr'><strong>de</strong></span> <span class='ocrx_word' id='word_1_848' title='bbox 2383 5502 2546 5556; x_wconf 85' lang='lat' dir='ltr'><strong>rebus</strong></span> <span class='ocrx_word' id='word_1_849' title='bbox 2588 5500 2996 5566; x_wconf 86' lang='lat' dir='ltr'><strong>ecclesiasticis,</strong></span> <span class='ocrx_word' id='word_1_850' title='bbox 3021 5517 3142 5571; x_wconf 66' lang='lat' dir='ltr'><strong>qum</strong></span> <span class='ocrx_word' id='word_1_851' title='bbox 3166 5512 3292 5557; x_wconf 88' lang='lat' dir='ltr'><strong>sunt</strong></span> <span class='ocrx_word' id='word_1_852' title='bbox 3325 5511 3448 5559; x_wconf 89' lang='lat' dir='ltr'><strong>vota</strong></span> 
     </span>
    </p>
   </div>
   <div class='ocr_carea' id='block_1_111' title="bbox 1855 5595 3446 5666">
    <p class='ocr_par' dir='ltr' id='par_1_111' title="bbox 1855 5595 3446 5666">
     <span class='ocr_line' id='line_1_111' title="bbox 1855 5595 3446 5666; baseline -0.002 -14"><span class='ocrx_word' id='word_1_853' title='bbox 1855 5599 2117 5661; x_wconf 88' lang='lat' dir='ltr'><strong>ﬁdelium,</strong></span> <span class='ocrx_word' id='word_1_854' title='bbox 2149 5595 2321 5666; x_wconf 89' lang='lat' dir='ltr'><strong>pretia</strong></span> <span class='ocrx_word' id='word_1_855' title='bbox 2369 5603 2739 5665; x_wconf 88' lang='lat' dir='ltr'><strong>peccatorum,</strong></span> <span class='ocrx_word' id='word_1_856' title='bbox 2768 5595 3096 5666; x_wconf 87' lang='lat' dir='ltr'><strong>patrimonia</strong></span> <span class='ocrx_word' id='word_1_857' title='bbox 3126 5608 3446 5666; x_wconf 82' lang='lat' dir='ltr'><strong>pauperum,</strong></span> 
     </span>
    </p>
   </div>
   <div class='ocr_carea' id='block_1_112' title="bbox 1857 5685 3446 5751">
    <p class='ocr_par' dir='ltr' id='par_1_112' title="bbox 1857 5685 3446 5751">
     <span class='ocr_line' id='line_1_112' title="bbox 1857 5685 3446 5751; baseline -0.001 -8"><span class='ocrx_word' id='word_1_858' title='bbox 1857 5688 2128 5744; x_wconf 62' lang='lat' dir='ltr'><strong>alimoniae</strong></span> <span class='ocrx_word' id='word_1_859' title='bbox 2153 5687 2366 5742; x_wconf 89' lang='lat' dir='ltr'><strong>Domini</strong></span> <span class='ocrx_word' id='word_1_860' title='bbox 2397 5701 2679 5742; x_wconf 90' lang='lat' dir='ltr'><strong>servorum</strong></span> <span class='ocrx_word' id='word_1_861' title='bbox 2706 5695 2762 5742; x_wconf 89' lang='lat' dir='ltr'><strong>et</strong></span> <span class='ocrx_word' id='word_1_862' title='bbox 2791 5686 3134 5751; x_wconf 89' lang='lat' dir='ltr'><strong>ancillarum,</strong></span> <span class='ocrx_word' id='word_1_863' title='bbox 3173 5702 3295 5741; x_wconf 90' lang='lat' dir='ltr'><strong>cum</strong></span> <span class='ocrx_word' id='word_1_864' title='bbox 3327 5685 3446 5742; x_wconf 90' lang='lat' dir='ltr'><strong>aliis</strong></span> 
     </span>
    </p>
   </div>
   <div class='ocr_carea' id='block_1_113' title="bbox 171 5779 3442 5860">
    <p class='ocr_par' dir='ltr' id='par_1_113' title="bbox 171 5779 3442 5860">
     <span class='ocr_line' id='line_1_113' title="bbox 171 5779 3442 5860; baseline -0 -23"><span class='ocrx_word' id='word_1_865' title='bbox 171 5793 221 5840; x_wconf 86' lang='lat' dir='ltr'><strong>et</strong></span> <span class='ocrx_word' id='word_1_866' title='bbox 249 5785 298 5838; x_wconf 91' lang='lat' dir='ltr'><strong>in</strong></span> <span class='ocrx_word' id='word_1_867' title='bbox 323 5799 388 5838; x_wconf 89' lang='lat' dir='ltr'><strong>eo</strong></span> <span class='ocrx_word' id='word_1_868' title='bbox 415 5785 681 5840; x_wconf 89' lang='lat' dir='ltr'><strong>mansisse</strong></span> <span class='ocrx_word' id='word_1_869' title='bbox 721 5787 888 5852; x_wconf 87' lang='lat' dir='ltr'><strong>vidit,</strong></span> <span class='ocrx_word' id='word_1_870' title='bbox 925 5788 1039 5858; x_wconf 88' lang='lat' dir='ltr'><strong>ipse</strong></span> <span class='ocrx_word' id='word_1_871' title='bbox 1065 5799 1148 5844; x_wconf 88' lang='lat' dir='ltr'><strong>est</strong></span> <span class='ocrx_word' id='word_1_872' title='bbox 1177 5789 1266 5860; x_wconf 94' lang='lat' dir='ltr'><strong>qui</strong></span> <span class='ocrx_word' id='word_1_873' title='bbox 1299 5788 1558 5860; x_wconf 89' lang='lat' dir='ltr'><strong>baptizat.</strong></span> <span class='ocrx_word' id='word_1_874' title='bbox 1592 5788 1783 5856; x_wconf 76' lang='lat' dir='ltr'><strong>Quis--,</strong></span> <span class='ocrx_word' id='word_1_875' title='bbox 1853 5781 2064 5837; x_wconf 84' lang='lat' dir='ltr'><strong>exeniis</strong></span> <span class='ocrx_word' id='word_1_876' title='bbox 2091 5780 2504 5836; x_wconf 88' lang='lat' dir='ltr'><strong>obsecutoribus</strong></span> <span class='ocrx_word' id='word_1_877' title='bbox 2536 5779 2798 5852; x_wconf 91' lang='lat' dir='ltr'><strong>principis</strong></span> <span class='ocrx_word' id='word_1_878' title='bbox 2847 5779 3242 5849; x_wconf 89' lang='lat' dir='ltr'><strong>dispensandis,</strong></span> <span class='ocrx_word' id='word_1_879' title='bbox 3276 5795 3442 5836; x_wconf 87' lang='lat' dir='ltr'><strong>causa</strong></span> 
     </span>
    </p>
   </div>
   <div class='ocr_carea' id='block_1_114' title="bbox 172 5881 1747 5956">
    <p class='ocr_par' dir='ltr' id='par_1_114' title="bbox 172 5881 1747 5956">
     <span class='ocr_line' id='line_1_114' title="bbox 172 5881 1747 5956; baseline 0.001 -19"><span class='ocrx_word' id='word_1_880' title='bbox 172 5882 286 5956; x_wconf 88' lang='lat' dir='ltr'><strong>quis</strong></span> <span class='ocrx_word' id='word_1_881' title='bbox 338 5890 516 5940; x_wconf 90' lang='lat' dir='ltr'><strong>autem</strong></span> <span class='ocrx_word' id='word_1_882' title='bbox 560 5892 899 5945; x_wconf 85' lang='lat' dir='ltr'><strong>sacramenta</strong></span> <span class='ocrx_word' id='word_1_883' title='bbox 950 5883 1193 5940; x_wconf 68' lang='lat' dir='ltr'><strong>coelestia</strong></span> <span class='ocrx_word' id='word_1_884' title='bbox 1236 5881 1501 5952; x_wconf 82' lang='lat' dir='ltr'><strong>catholico</strong></span> <span class='ocrx_word' id='word_1_885' title='bbox 1551 5896 1747 5940; x_wconf 87' lang='lat' dir='ltr'><strong>conse-</strong></span> 
     </span>
    </p>
   </div>
   <div class='ocr_carea' id='block_1_115' title="bbox 1856 5870 3444 5965">
    <p class='ocr_par' dir='ltr' id='par_1_115' title="bbox 1856 5870 3444 5965">
     <span class='ocr_line' id='line_1_115' title="bbox 1856 5870 3444 5965; baseline -0.007 -30"><span class='ocrx_word' id='word_1_886' title='bbox 1856 5890 1967 5936; x_wconf 71' lang='lat' dir='ltr'><strong>sure</strong></span> <span class='ocrx_word' id='word_1_887' title='bbox 2005 5872 2356 5944; x_wconf 82' lang='lat' dir='ltr'><strong>defensionis,</strong></span> <span class='ocrx_word' id='word_1_888' title='bbox 2391 5873 2505 5945; x_wconf 84' lang='lat' dir='ltr'><strong>regi</strong></span> <span class='ocrx_word' id='word_1_889' title='bbox 2551 5887 2616 5929; x_wconf 90' lang='lat' dir='ltr'><strong>ac</strong></span> <span class='ocrx_word' id='word_1_890' title='bbox 2648 5870 2959 5965; x_wconf 79' lang='lat' dir='ltr'><strong>reipublicae</strong></span> <span class='ocrx_word' id='word_1_891' title='bbox 3003 5872 3286 5962; x_wconf 82' lang='lat' dir='ltr'><strong>vectigalia</strong></span> <span class='ocrx_word' id='word_1_892' title='bbox 3321 5886 3444 5958; x_wconf 59' lang='lat' dir='ltr'><strong>qua?</strong></span> 
     </span>
    </p>
   </div>
  </div>
