4010 6330
555 398 689 464 1081

1384 397 1715 457 ΗΙΝΕΜΑΒΙ
1756 392 1971 455 RHEM.
2017 385 2335 456 ARCMEP.
2377 397 2740 457 OPUSCULA
2782 386 3012 455 VARIA.

3708 400 3857 456 1051

553 520 713 578 nobis
749 530 928 574 annua
969 512 1107 572 dona
1136 520 1421 579 vocantur,
1452 520 1676 585 praestat
1712 511 1978 580 Ecclesia,
2017 513 2217 574 ser-4A
2244 510 2383 567 i‘orte
2408 521 2755 569 excesserat:
2784 510 2909 568 Non
2938 520 3011 569 est
3035 499 3179 568 enim
3209 513 3367 570 homo
3382 514 3563 586 justus
3586 517 3647 571 in
3682 528 3849 586 terra,

553 628 690 669 vans
722 610 867 683 quod
888 608 1041 680 jubet
1071 606 1398 677 Apostolus:
1427 605 1528 661 Cui
1557 606 1825 672 honorem,
1859 608 2140 675 honorem;

557 707 642 763 cui
670 702 907 775 vectigal,
938 701 1153 773 vectigal
1205 699 1385 767 (Rom.
1419 701 1541 772 xm)
1568 714 1584 755 :
1614 700 1956 769 subauditur,
2000 708 2141 773 prat-

560 806 701 855 state
741 794 851 866 regi
880 808 945 851 ac
980 792 1360 849 defensoribus
1388 793 1604 850 vestris.
1637 792 1739 861 Qui
1783 808 1915 866 ergo
1940 794 2145 866 stipen-

563 890 649 945 dia
692 886 969 951 Ecclesiae,
1021 881 1390 955 cujuscunque
1441 884 1550 940 sint
1594 885 1835 951 ordinis,
1889 884 2015 952 loci,
2058 885 2145 941 vel

558 979 834 1049 dignitatis
871 976 1168 1049 accipiunt,
1199 976 1245 1033 si
1295 990 1397 1047 pro
1424 976 1567 1031 illius
1612 976 1811 1043 salute,
1854 991 1918 1031 ac
1946 978 2145 1049 quietis

555 1071 764 1127 honore
785 1066 949 1143 atque
978 1069 1314 1137 detunsione,
1337 1070 1569 1126 sollicite
1592 1078 1647 1127 et
1672 1087 1771 1142 pro
1796 1072 2003 1129 viribus
2035 1088 2144 1129 non

556 1162 824 1229 laborant,
856 1158 1096 1235 indigne,
1144 1163 1273 1233 quin
1317 1171 1373 1218 et
1410 1162 1672 1231 judicium
1724 1163 1812 1219 illa
1846 1164 1947 1220 sibi
1989 1176 2145 1221 usur-

555 1264 707 1329 pant.
741 1254 875 1322 Quia
903 1248 1044 1310 sicut
1073 1267 1161 1310 res
1195 1260 1249 1307 et
1285 1254 1569 1310 facultates
1597 1254 1842 1311 ecclesiae
1879 1262 2005 1311 sunt
2033 1256 2146 1328 epi-

559 1361 724 1418 sc0po
752 1346 819 1400 ad
848 1346 1243 1417 disponendum
1279 1360 1343 1403 ac
1362 1346 1785 1418 dispensandum
1817 1348 2143 1415 commissae,

560 1439 633 1494 ita
670 1440 832 1511 regia:
863 1440 1120 1510 potestati
1150 1442 1453 1497 commissre
1496 1449 1622 1498 sunt
1650 1443 1716 1498 ad
1748 1441 2144 1499 dellendendum

560 1538 722 1601 atque
753 1530 1032 1584 tuendum.

632 1620 696 1677 Et
724 1638 821 1694 per
844 1624 967 1694 jura
999 1636 1186 1696 regum
1212 1624 1451 1681 Ecclesra
1476 1626 1713 1697 possidet
1740 1626 2143 1698 possessiones;

2245 610 2307 657 ut
2352 601 2608 660 Salomon
2659 605 2814 671 dicit,
2859 605 2951 676 qui
2992 604 3157 675 faciat
3196 606 3391 662 bonum
3425 617 3473 663 α
3518 625 3625 663 non
3674 623 3856 679 peccet

2248 692 2440 764 (Eccli.
2472 696 2570 763 vn)
2603 714 2616 750 :
2644 704 2700 752 et
2721 695 2998 767 apostolus
3026 710 3041 750 :
3071 695 3139 752 In
3166 697 3345 753 multis
3369 700 3704 769 offendimus
3736 718 3855 756 om-

2247 802 2337 842 nes
2374 786 2517 860 (Jac.
2568 789 2654 859 ιιι)
2692 789 3079 845 verecundiam
3126 789 3409 862 patiatur:
3433 800 3488 848 et
3528 794 3853 865 episcopus,

2245 876 2528 945 fratribus,
2577 888 2630 935 et
2661 881 2774 938 suis
2825 878 3122 951 iudicibus,
3168 884 3466 940 secundum
3519 900 3721 942 sacros
3763 903 3855 943 ca-

2245 984 2417 1027 nones
2465 972 2707 1028 dicentes
2759 991 2773 1027 :
2814 986 2913 1045 per
2963 974 3247 1046 episcopos
3282 974 3493 1045 iudices
3550 992 3726 1033 causa
3788 978 3856 1033 ιι-

2245 1062 2450 1128 niatur,
2488 1063 2726 1119 obediat.
2790 1063 2857 1119 Et
2887 1064 2989 1122 hoc
3019 1067 3179 1124 modo
3230 1066 3435 1124 militiae
3478 1078 3687 1126 vestra
3716 1069 3855 1143 legi-

2244 1154 2348 1211 bus
2392 1153 2540 1224 justc
2568 1156 2823 1222 conditis,
2880 1158 3008 1231 quia
3058 1158 3324 1231 scriptum
3360 1172 3463 1232 per
3514 1162 3854 1231 sapientiam

2245 1262 2367 1318 qua:
2422 1248 2564 1304 Deus
2600 1254 2705 1315 est,
2759 1248 3068 1306 Conditores
3122 1251 3293 1323 legum
3333 1253 3488 1323 justa
3533 1252 3852 1318 decernunt,

2247 1336 2431 1411 (Prov.
2455 1340 2600 1411 vni),
2631 1340 2675 1396 si
2698 1338 2905 1410 iustam
2940 1342 3339 1412 querimoniam
3386 1342 3557 1401 habet
3575 1346 3855 1416 iustitiam

2244 1444 2401 1485 suam
2432 1430 2711 1487 obtineat:
2754 1433 2800 1488 si
2853 1432 3017 1489 etiam
3043 1432 3243 1503 iniusta
3285 1440 3519 1505 Questus
3559 1434 3752 1501 tuerit,
3796 1452 3855 1493 us

2245 1523 2363 1594 eius
2390 1522 2662 1595 legaliter,
2692 1524 2875 1581 missis
2898 1524 3097 1581 vestris
3116 1524 3564 1592 decernentibus,
3588 1527 3853 1582 obstruit-

2247 1625 2356 1672 tur.
2419 1617 2573 1675 Sicut
2620 1619 2767 1675 enim
2825 1626 3047 1675 sanctus
3090 1619 3431 1693 Augustinus
3486 1619 3546 1676 in
3600 1635 3856 1678 sermone

561 1714 700 1770 sicut
749 1714 807 1770 S.
847 1719 1184 1788 Augustinus
1224 1719 1276 1773 in
1324 1730 1575 1776 sermone
1616 1719 1841 1777 Joannis
1869 1722 2144 1795 Evangelii

2247 1710 2479 1768 Joannis
2512 1710 2796 1785 Evangelii
2827 1712 2961 1769 dicit
2989 1730 3003 1768 :
3039 1732 3057 1765 ι
3086 1711 3235 1769 Iuris
3262 1713 3503 1771 forensis
3528 1722 3645 1779 est,
3673 1722 3737 1770 ut
3764 1717 3852 1787 qui

558 1810 690 1865 dicit
735 1828 748 1863 :
783 1830 800 1861 ι
830 1810 1128 1880 Leguntur,
1170 1813 1441 1884 inquiens,
1488 1812 1636 1885 leges
1685 1813 2006 1881 manifestae,
2054 1815 2145 1871 ubi
2178 1877 2218 1885 λ
2248 1804 2304 1858 in
2348 1805 2599 1874 Ρτθείδυε
2625 1805 2886 1863 mentitus
2913 1803 3099 1874 fuerit:
3129 1820 3236 1862 ιλοη
3264 1806 3342 1862 iui
3368 1807 3560 1880 P705“
3587 1809 3737 1879 Ψιοά
3765 1809 3855 1863 im‘

555 1877 935 1977 praeceperunt
980 1877 1356 1975 imperatores,
1388 1877 1483 1961 eos
1520 1877 1610 1977 qvui
1659 1916 1855 1977 praeter
1892 1877 2147 1964 Ecclesia:
2178 1877 2226 1940 Β
2254 1900 2508 1970 Ρθιηινὶι-
2553 1900 2661 1957 Sed
2690 1901 2792 1958 hoc
2823 1900 2967 1957 inter
3011 1900 3281 1958 homines.
3340 1877 3483 1970 Quia
3514 1877 3706 1974 potest
3749 1901 3853 1956 falli

558 1996 839 2051 catholicae
865 1998 1304 2055 communionem
1334 2008 1599 2070 usurpant
1624 2000 1727 2057 sibi
1768 2017 1963 2058 nomen
1990 2002 2149 2057 Chri-

2253 1995 2435 2060 homo,
2468 1996 2644 2067 potuit
2672 1994 2781 2052 falli
2816 1996 3132 2068 imperator,
3160 1996 3377 2070 quando
3405 2012 3607 2068 preces
3628 1997 3849 2054 misisti:

558 2090 816 2153 etianum,
865 2104 963 2145 nec
1003 2090 1189 2146 volunt
1216 2092 1267 2147 in
1300 2107 1431 2162 pace
1457 2094 1636 2151 colere
1661 2097 1813 2168 pacis
1848 2108 2144 2167 auctorem,

557 2183 695 2238 nihil
737 2185 956 2239 nomine
997 2182 1255 2243 Ecclesiae
1296 2189 1529 2244 audeant
1553 2192 1848 2261 possidere.
1880 2182 1987 2249 Sed
2021 2195 2151 2265 quid

560 2276 737 2341 nobis,
789 2276 1062 2347 inquiunt,
1110 2287 1167 2333 et
1211 2278 1567 2348 imperatori?
1607 2280 1711 2337 Sed
1738 2282 1852 2352 iam
1904 2284 2037 2350 dixi,
2084 2285 2151 2342 de

552 2365 677 2437 jure
700 2370 938 2426 humano
963 2371 1163 2443 agitur,
1187 2380 1240 2427 et
1267 2381 1447 2429 tamen
1471 2374 1758 2445 Apostolus
1786 2376 1955 2433 voluit
1982 2379 2150 2433 hono-

559 2461 671 2516 rari
700 2477 874 2533 reges,
904 2472 958 2519 et
979 2462 1131 2519 dixit.
1168 2478 1350 2533 regem
1390 2467 1745 2523 veneremini.
1780 2467 1897 2525 Noli
1927 2471 2106 2527 dicere
2133 2488 2147 2525 :

561 2554 689 2625 quid
741 2552 871 2611 mihi
923 2564 977 2612 et
1015 2555 1322 2630 regi?quid
1372 2558 1467 2614 tibi
1499 2573 1628 2631 ergo
1678 2571 1733 2617 et
1776 2566 2150 2633 possessioni?

558 2644 668 2702 Per
687 2645 812 2717 iura
861 2662 1049 2721 regum
1077 2649 1428 2721 possidentur
1467 2656 1864 2724 possessiones.
1911 2657 2148 2715 Dixisti:

562 2740 690 2811 quid
734 2738 866 2796 mihi
915 2751 969 2798 et
1016 2744 1168 2815 regi?
1205 2744 1323 2800 Noli
1371 2744 1552 2802 dicere
1595 2750 1967 2819 possessiones
2008 2761 2151 2820 tuas,

561 2833 737 2905 qui'in
767 2833 882 2906 ipsa
915 2834 1037 2907 iura
1070 2837 1305 2894 humana
1359 2841 1700 2907 renuntiasti,
1746 2845 1943 2916 quibus
1978 2846 2155 2917 possi-

562 2923 759 2980 dentur
785 2927 1173 2995 possessiones.
1206 2949 1225 2981 ι

634 3015 702 3070 Et
723 3017 776 3071 in
806 3016 923 3086 lege
960 3018 1082 3074 data
1112 3019 1369 3077 Ecclesiae
1397 3021 1465 3077 ab
1489 3018 1728 3080 Honorio
1769 3033 1823 3081 et
1848 3024 2153 3086 Theodosio

563 3108 983 3179 imperatoribus
1036 3113 1392 3185 praecipitur,
1439 3120 1500 3171 ut
1545 3131 1667 3172 cum
1713 3120 2021 3193 presbyteri
2069 3123 2152 3180 vel

562 3201 800 3269 diaconi,
844 3205 1133 3276 eaeterique
1179 3205 1363 3262 clerici
1408 3209 1547 3279 apud
1588 3210 1899 3283 episcopum
1950 3212 2152 3271 l‘uerint

565 3295 826 3363 accusati,
857 3297 1142 3370 episcopus
1167 3296 1475 3370 huiusmodi
1503 3315 1716 3370 causas,
1749 3302 1848 3360 sub
1892 3304 2151 3361 testiﬁca-

564 3389 713 3447 tione
760 3391 1055 3450 multorum
1101 3394 1235 3450 actis
1275 3395 1456 3451 audiat
1490 3408 1797 3468 :quatenus
1850 3399 1895 3457 si
1938 3400 2151 3472 probati

562 3479 766 3539 fuerint
798 3485 1133 3554 innocentes,
1160 3484 1409 3571 plurimis
1434 3490 1754 3548 innotescat.
1781 3491 1848 3548 Et
1865 3492 2153 3564 Apostolus

563 3572 728 3629 dicit:
762 3574 975 3646 Oportet
1005 3579 1299 3649 episcopum
1346 3580 1534 3636 habere
1564 3584 1915 3638 testimonium
1958 3586 2149 3643 bonum

560 3662 727 3717 abhis
758 3664 914 3721 etiam
957 3668 1047 3738 qui
1068 3667 1201 3738 {oris
1238 3680 1357 3724 sunt
1394 3670 1447 3742 (Ι
1473 3668 1609 3729 Tim.
1644 3674 1748 3746 ιιι).
1789 3674 2053 3744 Quoniam
2094 3680 2149 3735 in

558 3757 761 3829 palatio
792 3772 822 3813 a
868 3759 1197 3819 reclamante
1242 3764 1576 3836 divulgatum
1604 3776 1711 3837 est,
1760 3773 1902 3843 quod
1949 3773 2148 3843 injuste

558 3847 755 3906 fecerit
780 3849 1067 3923 cpisc0pus
1092 3872 1104 3907 :
1133 3853 1337 3911 bonum
1373 3866 1455 3914 est
1489 3867 1549 3915 ut
1588 3857 1705 3930 eius
1735 3861 2061 3926 innocentia,
2101 3865 2147 3921 si

550 3940 697 4012 iuste
718 3943 845 4015 egit,
873 3943 1039 4000 etiam
1063 3945 1413 4005 saecularibus
1442 3949 1762 4009 innotescat.
1787 3944 1862 4010 'Et
1890 3956 2145 4027 quoniam

554 4028 910 4092 Sardicenses
953 4051 1192 4095 canones
1230 4055 1329 4110 pro
1374 4041 1460 4097 his
1504 4044 1595 4115 qui
1645 4043 1827 4117 iniqua
1875 4048 1925 4103 vi
1958 4050 2140 4120 oppri-

553 4134 796 4193 muntur,
834 4130 1149 4186 comitatum
1194 4134 1552 4207 adirejubent
1579 4138 1916 4212 episcopum,
1954 4150 2009 4198 et
2038 4143 2144 4199 rei-'-

2179 3254 2226 3322 C

2253 2088 2436 2144 dixisti
2462 2090 2606 2144 enim
2634 2090 2777 2161 quod
2814 2089 3031 2148 voluisti
3062 2109 3076 2146 :
3118 2103 3173 2148 et
3198 2093 3283 2148 cui
3334 2090 3543 2158 dixisti,
3585 2094 3769 2149 nescit
3792 2108 3853 2149 an

2255 2196 2441 2236 verum
2473 2181 2580 2237 sit:
2609 2182 2880 2240 dimisitte
2902 2184 3217 2241 adversario
3249 2192 3345 2241 tuo
3373 2186 3850 2242 convincendum:

2252 2278 2308 2326 et
2357 2273 2402 2327 si
2433 2282 2561 2330 ante
2600 2272 2841 2343 iudicem
2890 2276 3174 2333 convictus
3212 2274 3382 2332 fueris
3417 2277 3490 2334 de
3553 2279 3851 2344 mendacio,

2253 2365 2380 2435 quia
2421 2380 2529 2420 non
2574 2368 2751 2437 potuit
2780 2367 2870 2423 ille
2906 2384 3012 2424 non
3053 2376 3336 2438 praestare,
3370 2368 3639 2425 nesciens
3660 2383 3729 2423 an
3749 2368 3851 2425 lae-

2255 2458 2331 2514 ris
2360 2458 2645 2525 mentitus,
2671 2460 2743 2515 ibi
2771 2476 2961 2517 careas
2984 2460 3104 2533 ipso
3130 2460 3397 2517 beneﬁcio
3421 2462 3576 2532 quod
3608 2462 3853 2533 impetra-

2255 2551 2345 2607 sti.
2378 2571 2396 2604 ι
2424 2553 2600 2624 ipsam
2627 2563 2808 2610 autem
2832 2554 3003 2627 legem
3032 2571 3061 2609 a
3086 2562 3235 2609 tanto
3256 2570 3377 2609 viro
3409 2555 3747 2626 expositam,
3773 2555 3851 2610 hic

2256 2658 2362 2698 non
2397 2643 2506 2698 vidi
2559 2645 2888 2717 ponendam.
2938 2643 3095 2701 Unde
3137 2654 3372 2710 constat,
3402 2647 3538 2717 quia
3588 2647 3637 2701 si
3680 2660 3851 2702 carere

2257 2739 2419 2795 debet
2459 2755 2525 2795 eo
2558 2741 2701 2809 quod
2732 2750 2828 2811 per
2860 2739 3204 2796 mendacium
3245 2724 3589 2810 impetravit,
3651 2740 3853 2796 cautius

2256 2841 2340 2889 est
2388 2840 2448 2887 ut
2488 2832 2844 2904 iuvestigetur
2872 2834 3099 2897 veritas,
3158 2840 3450 2903 antequam
3496 2846 3599 2903 per
3644 2832 3853 2887 menda-

2257 2927 2400 2982 cium
2428 2923 2705 2996 quiddam,
2739 2914 2841 2981 nisi
2870 2924 3301 2995 inquisitionem,
3324 2924 3622 2996 impetret:
3648 2926 3853 2982 dicente

2258 3032 2448 3077 sancto
2480 3028 2533 3075 et
2556 3026 2714 3075 cauto
2739 3033 2904 3092 rege:
2939 3020 3172 3075 Causam
3204 3034 3365 3091 quam
3407 3016 3704 3073 nesciebam
3737 3018 3853 3073 dili-

2257 3114 2556 3186 gentissime
2593 3113 2965 3184 inuestigabam
2996 3111 3117 3185 (Job
3150 3114 3323 3184 xxix).
3378 3110 3449 3167 Et
3472 3110 3523 3167 si
3571 3113 3852 3184 episcopus

2256 3218 2289 3257 a
2332 3218 2390 3259 se
2413 3204 2736 3270 electorum,
2766 3203 2853 3260 vel
2877 3219 2905 3258 a
2935 3204 3167 3274 primate
3198 3218 3300 3259 suo
3325 3203 3712 3275 deputatorum
3738 3205 3850 3275 epi-

2258 3297 2851 3369 scoporumjudicium,
2903 3304 2995 3352 aut
3044 3294 3234 3369 synodi
3280 3296 3568 3353 canonicis
3611 3295 3848 3365 iudiciis,

2254 3396 2315 3444 ut
2341 3390 2483 3460 quod
2515 3404 2675 3446 secus
2722 3404 2883 3460 quam
2916 3389 3181 3455 debuerit,
3216 3390 3349 3463 egit,
3396 3390 3676 3455 emendet,
3725 3390 3851 3445 obe-

2254 3485 2372 3541 dire
2400 3485 2651 3551 noluerit,
2684 3485 2949 3540 habemus
2977 3483 3101 3538 inde
3128 3482 3301 3539 sacris
3330 3483 3642 3539 eanonibus
3672 3484 3850 3539 decre-

2252 3584 2366 3633 tum
2384 3577 2650 3647 iudicium
2684 3579 2830 3649 quod
2850 3578 3045 3634 debeat
3073 3578 3365 3635 sustinere.
3394 3576 3467 3633 Et
3491 3579 3539 3635 si
3579 3580 3743 3635 homo
3766 3593 3850 3634 re-

2252 3680 2380 3729 strae
2406 3673 2610 3729 militiae
2635 3673 2831 3729 vestris
2874 3673 3056 3729 missis
3102 3680 3161 3729 et
3189 3673 3401 3746 legibus
3421 3672 3612 3729 saeculi
3630 3716 3645 3740 ,
3695 3681 3757 3728 ut
3784 3673 3847 3727 ab

2240 3764 2453 3834 «iniusto
2481 3765 2716 3821 clamore
2747 3766 3013 3837 quiescat,
3040 3780 3237 3837 parere
3261 3764 3697 3837 contempserit,
3756 3764 3847 3819 ha-

2249 3856 2409 3912 betur
2445 3857 2707 3929 judicium
2748 3858 2802 3913 in
2850 3858 3121 3930 capitulis,
3167 3858 3235 3913 de
3263 3857 3350 3913 his
3393 3856 3490 3928 qui
3533 3857 3619 3913 vel
3652 3855 3847 3927 iniuste

2247 3960 2347 4019 per
2369 3947 2696 4005 calumniam
2745 3962 2910 4021 super
2938 3949 3073 4005 alios
3110 3957 3439 4021 queruntur,
3470 3947 3557 4005 vel
3587 3948 3677 4021 qui
3698 3946 3845 4021 indic

2247 4050 2428 4097 catam
2460 4048 2709 4111 repetunt
2735 4057 2978 4097 causam.

2317 4132 2634 4204 Propterea,
2667 4132 2887 4189 domine
2926 4132 3396 4189 Christianissime
3445 4147 3511 4189 ac
3560 4132 3845 4205 sapientis

551 4219 783 4289 publicae
815 4222 1053 4279 militans
1092 4225 1233 4295 apud
1274 4242 1371 4282 vos
1418 4242 1475 4283 se
1505 4228 1573 4286 ab
1613 4231 1866 4304 episcopo
1894 4234 2142 4305 queritur
2244 4224 2402 4289 δίεπε,
2426 4224 2707 4296 ιπονῖάειθ
2729 4231 2926 4281 vestra?
2956 4224 3137 4291 εθιυιίι
3170 4225 3454 4297 Ρνονίάθῐθ
3487 4224 3703 4289 honori:
3728 4239 3842 4296 Ρτ⁰⁴

548 4310 866 4385 spoliatum.
912 4313 979 4369 Et
1015 4331 1185 4372 sacrm
1240 4317 1385 4389 leges
1429 4321 1496 4374 ad
1532 4320 1795 4392 iudicium
1841 4324 2140 4383 electorum
2244 4315 2424 4372 videte
2445 4314 2601 4372 bonae
2632 4315 2791 4372 famae
2817 4331 2978 4388 quam
3010 4316 3169 4388 longe
3191 4314 3409 4387 lateque
3435 4316 3675 4382 habetis.
3705 4315 3841 4370 etde

547 4396 791 4472 iudicum
818 4412 1105 4476 utramque
1137 4414 1366 4477 partem,
1401 4409 1610 4466 scilicet
1629 4421 1682 4466 et
1706 4424 2049 4486 querentem,
2087 4426 2141 4474 et

2247 4408 2600 4466 ecclesiarum
2633 4407 2898 4465 dilatione
2925 4450 2938 4477 ,
2970 4417 3027 4466 et
3065 4408 3133 4465 de
3166 4410 3515 4467 sacerdotum
3548 4425 3613 4465 ac
3656 4422 3838 4465 servo—

550 4502 737 4552 eontra
766 4513 925 4568 quem
956 4501 1204 4569 queritur
1257 4507 1339 4575 (ut
1376 4513 1431 4559 et
1456 4506 1697 4563 decrevit
1723 4502 2040 4583 Gregorius,
2070 4512 2138 4569 de

551 4587 733 4641 causis
792 4588 844 4642 in
888 4588 1094 4661 legibus
1142 4596 1496 4668 constitutis),
1535 4610 1685 4655 mora
1733 4612 1981 4657 cessante
2029 4618 2135 4660 non

548 4682 757 4733 tantum
806 4680 1111 4751 provocari,
1143 4684 1329 4742 verum
1378 4699 1434 4744 et
1483 4692 1599 4763 cogi
1628 4691 1858 4763 iubent;
1903 4695 1947 4751 si
1997 4697 2135 4755 laica

547 4786 783 4843 persona
810 4774 1118 4848 episcopale
1164 4779 1413 4838 abnuerit
1453 4784 1652 4859 eligere
1672 4788 1960 4860 judicium,
1988 4794 2133 4863 quod

542 4864 796 4937 episcopo
823 4882 930 4923 non
956 4866 1082 4925 licet
1110 4871 1394 4943 refugere;
1427 4878 1564 4933 ratio
1586 4886 1689 4945 est,
1713 4888 1767 4935 et
1797 4897 1899 4938 non
1923 4882 2136 4941 obstitit

544 4960 896 5028 auctoritati,
942 4970 999 5017 ut
1052 4980 1173 5020 cum
1227 4966 1564 5042 coepiscopis
1621 4973 1892 5047 episcopi,
1945 4985 2136 5035 contra

544 5069 703 5124 quem
746 5053 813 5109 ad
848 5071 944 5111 vos
979 5072 1078 5127 pro
1123 5058 1388 5115 beneficio
1408 5061 1511 5117 sibi
1559 5064 1759 5136 injuste
1801 5068 1985 5124 oblato
2014 5071 2135 5143 quis

542 5147 837 5217 reclamat;
891 5151 1016 5221 quia
1064 5150 1343 5223 indignum
1371 5163 1456 5211 est
1498 5171 1594 5213 vos
1625 5158 1799 5229 ipsum
1833 5160 1957 5219 inde
1984 5162 2132 5220 labo-

542 5253 685 5306 rare,
714 5241 910 5297 miss’os
938 5251 1151 5299 vestros
1179 5245 1248 5301 ab
1278 5262 1342 5301 eo
1366 5250 1585 5318 petitos,
1622 5252 1705 5306 vel
1735 5269 1763 5307 a
1790 5255 1943 5311 vobis
1965 5254 2133 5329 depu-

541 5336 682 5387 tatus
701 5333 946 5395 mittatis,
972 5335 1062 5404 qui
1086 5336 1370 5407 utriusque
1392 5341 1560 5410 partis
1591 5343 1855 5399 rationem
1885 5348 2126 5417 audiant,

538 5428 594 5480 et
617 5426 912 5482 secundum
942 5425 1153 5483 divinas
1175 5436 1230 5484 et
1252 5429 1516 5489 humanas
1546 5430 1694 5507 leges
1718 5436 2047 5508 discernunt,
2074 5451 2128 5497 et

537 5518 766 5575 ecclesia
795 5520 1064 5592 iacturam
1105 5521 1156 5576 in
1183 5522 1477 5581 clamatore
1520 5527 1800 5598 iniustitiae
1824 5539 1878 5587 et
1908 5531 2128 5592 homine

539 5608 714 5668 inutili
761 5615 1025 5670 sustineat
1053 5633 1065 5670 ε
1095 5623 1149 5671 ει
1193 5632 1261 5673 ne
1295 5619 1459 5676 homo
1491 5622 1638 5679 utilis
1667 5632 1722 5680 et
1748 5625 2014 5682 clamator
2041 5626 2130 5699 ju-

541 5702 702 5757 stitizc
746 5704 1098 5774 iniustitiam,
1153 5716 1208 5763 et
1268 5709 1652 5768 detrimentum
1709 5726 1887 5771 vestra
1941 5719 2128 5774 militia

480 5798 481 5801 ‘
541 5794 797 5863 patiatur.
826 5796 893 5850 Et
932 5798 1037 5854 hoc
1072 5815 1177 5855 non
1204 5798 1258 5854 in
1286 5800 1521 5871 publico,
1565 5806 1659 5860 sed
1686 5806 1740 5860 in
1769 5807 1984 5877 privato
2010 5810 2129 5865 loco

543 5882 660 5941 ﬂat.
711 5882 789 5941 Ne
833 5888 978 5945 sicut
1029 5893 1173 5947 sacri
1229 5896 1466 5951 canones
1512 5896 1721 5966 dicunt,
1771 5902 2043 5972 maguatis
2081 5900 2129 5959 si

2166 4644 2218 4707 D

2244 4514 2366 4557 rum
2395 4501 2489 4558 Dei
2521 4502 2913 4567 veneratione;
2952 4508 3006 4559 et
3036 4502 3205 4558 nolite
3237 4501 3516 4559 maculare
3542 4501 3695 4559 illam
3739 4501 3841 4576 glo-

2244 4593 2444 4650 riosam
2495 4592 2696 4649 famam
2744 4596 3018 4662 vestram,
3060 4602 3288 4667 propter
3325 4580 3706 4667 cujuscmi'que
3759 4608 3837 4650 so-

2242 4687 2531 4743 cordiam:
2590 4686 2754 4741 etiam
2815 4702 2915 4743 nec
2969 4702 3070 4759 pro
3121 4688 3497 4760 cujuscunque
3560 4688 3834 4759 eiectione,

2242 4777 2560 4834 simulantes
2582 4776 2959 4835 crudelitatem
2988 4780 3041 4835 in
3082 4779 3319 4846 actione,
3345 4794 3513 4852 quam
3546 4794 3654 4837 non
3684 4779 3833 4836 habe-

2241 4867 2312 4924 tis
2348 4868 2402 4924 in
2443 4878 2644 4936 mente,
2703 4878 2761 4924 et
2811 4868 3075 4927 facientes
3136 4878 3232 4926 aut
3276 4873 3660 4943 praecipientes
3703 4871 3834 4944 quod

2241 4964 2491 5037 dignitati
2534 4965 2773 5021 nominis
2814 4966 2979 5021 vestri
3028 4981 3133 5021 non
3164 4966 3445 5023 convenit.
3484 4964 3755 5038 Legentes
3782 4966 3832 5021 in

2239 5055 2381 5114 libro
2410 5056 2862 5124 Machabazorum,
2910 5057 3038 5128 quid
3069 5057 3387 5124 Eleazarus,
3421 5074 3547 5115 cum
3576 5074 3607 5114 a
3632 5058 3744 5115 suis
3761 5055 3828 5111 fa-

2240 5151 2540 5207 miliaribus
2572 5148 2715 5223 quod
2747 5150 2947 5207 famam
2974 5162 3128 5207 suam
3156 5168 3264 5208 non
3292 5151 3548 5220 decebat,
3581 5152 3829 5209 Suadere.

2237 5252 2359 5310 tur,
2407 5244 2684 5315 respondit
2731 5258 2745 5298 :
2801 5243 2962 5311 Non,
3013 5244 3294 5315 inquiens,
3348 5254 3561 5299 wtatem
3607 5254 3830 5300 nostra:

2234 5339 2448 5410 dignum
2478 5348 2552 5393 est
2581 5337 2797 5409 ﬁngere,
2838 5350 2895 5393 ut
2926 5336 3079 5394 multi
3108 5337 3522 5393 adolescentium
3576 5338 3832 5394 arbitran-

2232 5442 2307 5488 tes
2338 5429 2654 5487 Eleazarum
2685 5431 2968 5503 nonaginta
2994 5447 3253 5486 annorum
3285 5432 3539 5487 transisse
3566 5432 3639 5486 ad
3684 5432 3829 5485 vitam

2236 5528 2673 5599 alienigenarum,
2704 5537 2753 5581 ct
2780 5526 2879 5597 ipsi
2902 5536 3115 5599 propter
3146 5543 3316 5581 nteant
3339 5527 3760 5594 simulationem,
3786 5532 3828 5579 et

2234 5629 2445 5691 prapter
2472 5620 2734 5675 modicum
2774 5619 3127 5691 corruptibilis
3153 5621 3271 5676 rita:
3317 5630 3523 5693 tempus
3571 5621 3827 5693 decipian-

2234 5725 2342 5782 tur,
2393 5728 2439 5771 et
2469 5733 2560 5787 per
2606 5717 2702 5771 hoc
2734 5715 2997 5769 maculam
3049 5725 3203 5787 atque
3248 5717 3662 5772 asecrationcm
3710 5729 3826 5769 nam

2233 5811 2482 5865 senectuti
2507 5809 2813 5880 conquiram
2844 5802 2893 5881 (1
2903 5806 2929 5861 I
2956 5805 3132 5863 Maeli.
3159 5809 3254 5879 tv).
3281 5808 3436 5877 Quod
3464 5808 3613 5863 enim
3639 5808 3724 5862 ille
3766 5806 3827 5859 dc

2234 5900 2481 5975 corporis
2507 5907 2787 5960 senectute
2812 5898 2985 5968 dicit,
3022 5910 3120 5957 vos
3154 5899 3211 5956 iu
3240 5899 3534 5957 ministerii
3562 5910 3617 5956 et
3660 5896 3825 5955 uomi-
