4010 6330
198 400 345 464 7055

192 621 409 678 dicente
454 623 684 683 Domino
713 629 781 684 ad
812 628 1029 704 Moysen
1059 653 1073 689 :
1116 635 1389 711 Congrega
1422 642 1551 698 mitti
1578 642 1791 717 septua-'

189 717 340 786 ginta
367 717 507 771 virus
534 718 601 773 tle
623 720 917 779 senioribus
968 724 1170 795 Israel,
1207 748 1337 803 quas
1365 743 1422 790 tu
1473 734 1607 792 nosti
1648 738 1791 809 quod

189 823 343 901 senes
370 811 551 881 populi
593 812 698 868 sint
742 814 938 889 (Num.
974 820 1072 892 χι).
1134 820 1289 881 Unde
1339 822 1398 883 S.
1442 828 1784 901 ‘Gregorius:

196 915 219 950 ‹
257 899 410 956 Sicut
456 902 776 976 plerumque
828 908 1059 979 juvenes
1116 916 1220 973 dici
1254 918 1458 987 solent,
1500 899 1591 993 qui
1642 922 1786 981 nulla

192 992 405 1049 consilii
430 996 697 1066 gravitate
728 1001 1139 1076 deprimuntur,
1188 1009 1261 1067 ita
1311 1026 1468 1070 senes
1500 992 1791 1087 Scriptura

190 1098 349 1141 sacra
407 1098 604 1146 vocare
659 1097 978 1167 consuevit,
1028 1101 1120 1172 qui
1173 1118 1282 1161 non
1335 1106 1446 1162 sola
1484 1111 1788 1181 quantitate

192 1187 497 1249 temporum
553 1185 649 1241 sed
674 1190 889 1243 morum
935 1191 1324 1263 grandaavitate
1355 1200 1554 1256 maturi
1602 1210 1778 1259 sunt.»

191 1269 348 1328 Unde
378 1288 482 1346 per
527 1280 819 1348 quemdam
878 1285 1179 1357 sapientem
1233 1286 1469 1346 dicitur:
1521 1292 1787 1354 Senectus

188 1364 519 1424 venerabilis
546 1376 649 1437 eSt,
683 1388 792 1430 non
832 1378 1110 1446 diuturna,
1149 1392 1325 1453 neque
1354 1398 1583 1441 numero
1613 1401 1786 1443 anno-

185 1470 315 1511 rum
339 1470 669 1532 computata.
710 1464 841 1522 Cani
872 1478 999 1525 sunt
1028 1472 1207 1530 autem
1244 1490 1434 1531 sensus
1460 1477 1695 1536 hominis
1735 1486 1789 1535 et

185 1557 326 1606 mtas
346 1558 642 1613 senectutis
667 1558 778 1616 vita
805 1558 1173 1621 immaculata.
1202 1564 1340 1625 Hinc
1376 1579 1459 1625 est
1486 1585 1617 1643 ergo
1638 1574 1787 1644 ‘quod

188 1643 261 1698 ad
292 1643 510 1720 Moysen
563 1646 825 1711 Dominus
874 1656 1042 1714 dicit:
1099 1677 1364 1735 cougrega
1393 1664 1528 1721 mihi
1568 1643 1787 1738 septua-

186 1735 343 1808 ginta
372 1740 521 1797 viros
562 1743 629 1798 de
676 1744 984 1807 senioribus
1006 1752 1170 1808 lsrael
1207 1772 1343 1826 quos
1380 1766 1433 1814 tu
1471 1760 1613 1817 nosti
1629 1735 1789 1833 quod

187 1842 351 1886 senes
382 1830 564 1904 populi
596 1836 725 1893 sint.
770 1838 827 1894 ln
867 1844 1063 1914 quibus
1108 1848 1236 1917 quid
1265 1848 1409 1905 aliud
1437 1866 1601 1923 quam
1634 1830 1785 1911 sene-

1059 408 1225 480 -Ρκῠ
1260 414 1618 485 EeuLEsm
1658 416 2107 489 LiBEllTATUM
2142 424 2601 498 uerbustouu.

194 526 284 582 nis
319 540 385 583 ac
434 527 715 600 sapientiae
759 532 1025 607 dignitate
1072 554 1295 599 necesse
1346 542 1430 600 est
1462 545 1785 619 intelligere,
1815 551 1865 611 Α
1893 549 1960 605 Εῑ
1987 550 2130 607 idem
2160 546 2425 614 Dominus

3347 444 3484 521 tesi

2468 566 2572 630 per
2614 554 2834 638 Moysen
2864 564 3127 643 praecipit
3144 581 3205 631 ut
3228 566 3488 638 “taberna-

1892 644 2073 701 cuium
2117 649 2373 709 sacerdos
2404 653 2718 728 ingrediens
2767 652 3144 725 tintinnabulis
3190 672 3486 744 ambiatur,

1890 742 2159 816 quatenus
2183 756 2347 802 voces
2377 746 2782 820 prze'dicationis
2805 757 3026 829 habeat,
3055 777 3122 818 ne
3150 754 3371 837 superni
3400 742 3490 823 in;

1891 832 2158 902 spec’toris
2202 834 2467 907 judicium
2511 856 2580 897 ex
2619 843 2838 903 silentio
2889 848 3147 908 oll‘endat.
3211 832 3488 929 Scriptum

1891 924 2089 995 quippe
2133 936 2261 983 est:
2311 929 2381 985 Ut
2419 934 2673 991 audiatur
2708 940 2912 998 sonitus
2942 948 3154 1016 quando
3194 924 3490 1023 ingreditur

1890 1016 1939 1072 ει
1967 1018 2233 1089 egreditur
2251 1027 2616 1082 sanctuarium
2641 1029 2695 1085 in
2736 1046 3012 1105 conspectu
3043 1016 3483 1116 Domini'(li’xod.

1890 1114 2109 1185 xxvi").
2149 1112 2418 1174 Sacerdos
2468 1135 2705 1193 namque
2749 1118 3060 1198 ingrediens
3090 1134 3175 1191 vel
3206 1112 3489 1209 egrediens

1890 1204 2145 1273 moritur,
2196 1208 2243 1263 si
2273 1208 2340 1265 de
2365 1225 2430 1268 eo
2471 1214 2685 1270 sonitus
2730 1232 2840 1275 non
2892 1223 3149 1280 auditur:
3195 1204 3318 1299 quia
3349 1231 3489 1289 iram

1891 1307 2083 1355 contra
2106 1314 2165 1358 se
2186 1302 2383 1360 occulti
2412 1302 2612 1374 iudicis
2636 1308 2827 1383 exigit,
2860 1311 2904 1368 si
2941 1314 3058 1371 sine
3084 1314 3491 1387 praedicationis

1889 1393 2071 1449 sonitu
2104 1394 2324 1451 incedit.
2382 1394 2460 1454 De
2506 1401 2757 1471 qualibus
2806 1400 3181 1466 saecrdOtibus
3227 1411 3493 1474 Dominus

1890 1480 2043 1551 dicit,
2082 1484 2253 1543 Canes
2281 1490 2416 1547 muti
2444 1507 2548 1548 non
2578 1491 2804 1551 valentes
2830 1494 3028 1556 latrare
3069 1500 3205 1576 (Isa.
3246 1502 3385 1579 xw).
3424 1492 3492 1563 Et

1891 1575 2088 1672 quibus
2142 1579 2196 1635 in
2221 1597 2328 1672 uno
2354 1585 2722 1644 comminatur
2760 1604 2862 1662 per
2888 1575 3227 1652 Ezechielem
3254 1575 3492 1672 prophe-

1892 1672 2001 1721 tam
2031 1666 2216 1728 dicens
2244 1686 2260 1726 :
2294 1668 2352 1728 Si
2384 1676 2639 1735 sacerdos
2663 1694 2768 1735 non
2794 1681 3107 1741 distinxerit
3129 1666 3493 1762 populo,‘ipse

1892 1760 2107 1830 quidem
2144 1764 2371 1835 populus
2425 1769 2478 1826 in
2510 1787 2609 1828 suo
2655 1786 2879 1845 peccato
2910 1781 3192 1848 morietur,
3253 1774 3490 1844 animau’t

1848 1914 1864 1944 ἱ
1892 1859 2073 1909 tamen
2110 1852 2225 1923 ejus
2255 1859 2321 1914 de
2349 1875 2510 1916 manu
2558 1866 2857 1923 sacerdotis
2892 1871 3188 1941 requiram.
3226 1871 3342 1930 Non
3389 1877 3488 1944 ait,

185 1929 316 1978 ctus
343 1926 525 1983 cordis
549 1931 880 2001 requiritur,
910 1950 1032 1991 eum
1068 1937 1200 1995 tales
1223 1938 1486 2008 jubentur
1510 1944 1657 2017 eligi,
1694 1947 1787 2019 qui
1818 1924 1865 1986 Β
1893 1941 2019 2011 quia
2045 1955 2200 2002 eum
2230 1959 2513 2019 Peccatum
2544 1955 2772 2026 ΡοΡυῘυε
2797 1967 2911 2028 εει»
2941 1924 3047 2016 1³⁸οη
3074 1964 3361 2031 "loriam",
3395 1956 3490 2024 sed

184 2030 351 2073 senes
370 2023 632 2079 sciuntur.
666 2024 726 2081 Si
743 2028 887 2083 ettim
918 2036 1165 2089 senectus
1191 2032 1245 2088 in
1272 2032 1351 2091 eis
1376 2040 1619 2107 corporis
1644 2057 1790 2113 qua:-

186 2121 426 2181 reretur,
456 2129 486 2170 a
506 2119 673 2176 tantis
696 2122 822 2178 sciri
855 2112 1106 2193 poterant
1139 2142 1169 2183 a
1192 2131 1410 2199 quantis
1432 2116 1623 2188 videri.
1649 2126 1789 2192 Dum

184 2217 323 2260 vero
365 2202 585 2278 dicitur,
612 2218 763 2283 quos
798 2224 851 2269 tu
880 2217 1019 2272 nosti
1062 2221 1204 2289 quod
1250 2236 1409 2278 senes
1441 2224 1620 2296 populi
1657 2224 1784 2295 sint,

181 2296 434 2368 profecto
476 2300 666 2373 liquet,
722 2307 846 2378 quia
876 2319 1126 2368 senectus
1152 2313 1371 2383 mentis,
1406 2330 1513 2372 non
1539 2319 1787 2391 corporis

181 2386 435 2459 eligenda
458 2394 757 2454 nuntiatur.

261 2505 421 2576 Quia,
469 2511 716 2581 Domine,
756 2516 1076 2576 charissima
1108 2531 1161 2578 et
1192 2526 1517 2590 venerabilis
1541 2527 1786 2585 domina‘

183 2600 266 2655 tio
298 2612 501 2671 vestra,
559 2607 667 2663 imo
693 2609 871 2666 divina
891 2613 1067 2683 jussio
1105 2616 1240 2673 mihi
1272 2622 1552 2692 praecepit,
1593 2630 1650 2678 et
1686 2638 1786 2695 ego

180 2690 317 2750 inde
345 2711 462 2751 sum
494 2697 827 2757 voluntarius
864 2703 1097 2772 debitor,
1128 2716 1186 2762 ut
1214 2726 1333 2780 quae
1360 2712 1427 2766 ad
1449 2690 1786 2780 saluteni,ct

179 2787 356 2842 vestri
407 2791 640 2847 nominis
680 2809 744 2849 ac
803 2795 1088 2854 ministerii
1140 2800 1457 2873 dignitatem
1509 2807 1785 2876 pertinere

181 2880 327 2945 scio,
365 2891 725 2965 nontaceam,
771 2888 1053 2946 humiliter
1077 2895 1362 2962 postulans
1406 2913 1621 2966 moneo,
1651 2916 1793 2973 qua:

182 2981 349 3033 tenus
389 2974 653 3044 sapientia
694 2989 873 3035 vestra
901 2983 1179 3055 recogitet,
1208 2996 1261 3042 et
1311 2990 1457 3058 quod
1497 2992 1784 3048 exordina-

186 3077 308 3149 tum
322 3070 680 3138 est,ordinet,
700 3088 768 3129 ne
788 3074 988 3131 diutius
1016 3078 1505 3139 htecirreverentia
1531 3098 1659 3156 erga
1688 3084 1785 3143 Dei

185 3144 492 3216 Ecclesium
522 3175 739 3220 maneat
771 3175 827 3221 et
852 3172 1176 3238 quantocius
1225 3174 1539 3231 scandalum
1570 3177 1625 3233 in
1672 3179 1786 3249 cpil

1890 2038 2016 2110 quia
2047 2040 2101 2096 in
2128 2057 2227 2097 suo
2254 2054 2476 2115 peccato
2511 2046 2811 2119 morietur;
2872 2054 2967 2112 sed
2994 2057 3223 2127 populus
3271 2056 3490 2131 quidem

1888 2146 1987 2206 pro
2010 2136 2192 2207 Seipso
2216 2147 2423 2196 tantum
2443 2184 2459 2209 ,
2497 2145 2753 2203 sacerdos
2775 2162 2907 2205 vero
2938 2151 3101 2207 etiam
3127 2168 3225 2225 pro
3270 2152 3485 2227 populo.

1889 2226 1957 2282 Et
1985 2229 2111 2298 quia
2141 2245 2239 2288 nos
2264 2233 2310 2289 si
2344 2243 2607 2306 tacemus,
2644 2256 2766 2313 quze
2794 2253 2855 2298 ut
2884 2242 2994 2300 dixi
3023 2244 3181 2303 uehis
3233 2226 3482 2316 dicenda,

1887 2329 1942 2379 et
1976 2324 2130 2381 vobis
2159 2328 2427 2386 audienda
2482 2342 2628 2401 sunt,
2686 2346 2972 2408 peccatum
3020 2340 3382 2399 incurrimus:
3428 2338 3489 2399 et

1885 2429 1985 2472 vos
2015 2418 2059 2473 si
2087 2420 2289 2488 audita,
2348 2424 2490 2494 quod
2546 2426 2708 2498 absit,
2763 2445 2870 2485 non
2897 2433 3189 2499 exauditis,
3240 2450 3270 2489 a
3314 2446 3489 2493 morte

1885 2511 2096 2580 peccati
2138 2511 2293 2569 liberi
2317 2529 2438 2573 esse
2463 2521 2717 2591 nequitis.
2755 2521 3048 2595 Propterea
3074 2526 3277 2583 intenta
3307 2531 3489 2589 cordis

1887 2618 2018 2659 aure
2043 2604 2255 2663 devotio
2282 2617 2464 2665 vestra
2494 2613 2942 2687 percipiat,quod
2974 2606 3270 2679 tonitruum
3293 2623 3488 2681 divinae

1887 2702 2325 2762 comminationis
2357 2709 2670 2767 terribiliter
2692 2712 2927 2770 insonat.
2965 2717 3071 2786 Qui
3095 2718 3488 2776 scandalizave—

1887 2792 1978 2860 rit,
2012 2793 2210 2866 inquit,
2260 2814 2422 2855 unum
2449 2800 2513 2856 de
2535 2803 2743 2873 pusillis
2776 2808 2892 2864 istis
2920 2810 3008 2882 qui
3037 2811 3092 2866 in
3130 2829 3210 2866 me
3238 2813 3483 2876 credunt,

1886 2885 2091 2956 expedit
2128 2887 2174 2942 ei
2204 2898 2259 2942 ut
2294 2893 2648 2962 suspendatur
2674 2895 2814 2951 mola
2850 2900 3088 2954 asinaria
3114 2902 3169 2973 in
3211 2900 3345 2956 collo
3374 2900 3488 2973 ejus

1886 2987 1935 3033 et
1981 2979 2317 3054 demergatur
2361 2984 2417 3038 in
2463 2985 2791 3058 profundum
2838 2980 3003 3048 maris
3043 2988 3258 3064 (Matth.
3308 2993 3485 3064 xvtn).

1885 3072 2013 3130 Haec
2038 3074 2184 3131 enim
2227 3092 2391 3149 paena
2435 3086 2562 3136 tunc
2612 3085 2870 3157 temporis
2896 3074 3113 3146 gravior
3164 3090 3310 3147 inter
3354 3088 3490 3145 alias
3526 3148 3535 3155 ,

1884 3170 2194 3241 putabatur.

186 3268 388 3331 scopos
433 3257 725 3313 excitatura
775 3265 1098 3333 competenti
1128 3264 1500 3324 satisfactione
1542 3270 1777 3326 sedetur.

1964 3264 2185 3333 Quanti,
2219 3262 2437 3324 domine
2461 3268 2803 3340 cliarissime,
2844 3274 2897 3329 in
2934 3276 3095 3332 unius
3129 3277 3399 3355 Iocclesire,
3434 3284 3491 3334 et

189 3345 259 3401 Et
302 3347 419 3404 ideo
446 3349 573 3406 hinc
621 3359 731 3407 tam
776 3354 1114 3413 inculcanter
1142 3359 1340 3427 scribo,
1389 3363 1517 3437 quia
1566 3372 1789 3436 propter

189 3439 395 3511 lli-gem
435 3458 619 3515 regum
664 3452 846 3504 tacere
888 3464 1009 3521 quae
1062 3451 1224 3507 saluti
1251 3460 1307 3508 et
1340 3454 1562 3512 utilitati
1597 3467 1791 3515 vestra:

192 3536 500 3591 necessaria
530 3552 650 3595 esse
674 3555 960 3611 cognosco,
990 3560 1096 3600 non
1127 3545 1298 3603 audeo
1328 3565 1342 3602 :
1372 3548 1440 3603 ad
1468 3549 1625 3621 cujus
1640 3549 1790 3622 judi-

192 3628 336 3682 cium
367 3642 460 3683 vos
487 3638 542 3686 et
570 3644 670 3700 ego
692 3630 746 3686 in
777 3644 1069 3702 conspectu
1101 3638 1267 3693 totius
1307 3638 1525 3696 humani
1548 3642 1786 3712 generis,

188 3720 545 3791 omnimnque
569 3723 883 3792 angelorum
930 3736 1094 3797 atque
1125 3730 1576 3802 archangelorum
1605 3735 1791 3792 venie~

186 3829 349 3879 mus;
387 3813 480 3869 ubi
510 3813 797 3870 reddemus
824 3816 1082 3886 rationes,
1113 3836 1221 3876 non
1241 3822 1414 3878 solum
1447 3826 1514 3882 de
1541 3828 1787 3897 propria-

183 3921 312 3963 rum
335 3919 693 3975 personarum
720 3907 1042 3976 actionibus,
1076 3909 1439 3972 locutionibus
1481 3928 1645 3989 atque
1687 3935 1785 3976 co-

178 3998 580 4073 gitationibus:
629 4014 819 4059 verum
845 4012 901 4059 et
944 4004 1011 4060 de
1040 4007 1466 4065 ministeriorum
1507 4023 1787 4083 suscepto-

180 4109 310 4172 rum
346 4090 558 4159 ciliciis,
606 4094 841 4165 qualiter
869 4097 923 4153 in
968 4097 1051 4156 eis
1087 4115 1152 4156 ea
1202 4115 1323 4172 qua:
1370 4104 1436 4159 ad
1484 4105 1785 4164 ministeria

178 4168 485 4262 pertinent,
513 4172 729 4246 sincero
758 4193 923 4251 corde
957 4202 1015 4251 et
1034 4192 1198 4263 iustis
1218 4199 1431 4255 actibus
1474 4199 1779 4272 egerimus;

180 4282 403 4338 dicente
426 4282 582 4355 ipso:
611 4282 766 4341 Iuste
782 4286 926 4356 quod
939 4286 1145 4359 justum
1176 4299 1252 4347 est
1277 4295 1577 4366 exsequeris
1599 4294 1780 4365 (Deut.

180 4380 326 4449 ιη).
365 4378 520 4437 Juste
559 4394 691 4451 ergo
734 4377 942 4449 justum
985 4384 1207 4454 exsequi
1253 4394 1336 4440 est
1382 4386 1434 4441 in
1480 4387 1785 4443 assertione

173 4472 408 4546 justiti:e
430 4473 601 4531 solam
654 4474 900 4531 eamdem
944 4475 1213 4547 justitiam
1261 4494 1525 4550 qiuerere.
1556 4480 1691 4537 Nam
1735 4480 1783 4537 si

179 4568 332 4641 quod
379 4568 517 4624 mihi
563 4575 647 4624 est
684 4569 971 4625 dicendum
1023 4577 1079 4625 et
1124 4570 1280 4627 vobis
1327 4580 1411 4628 est
1455 4574 1779 4629 audiendum

1897 3356 2060 3412 unius
2079 3357 2318 3431 episcopi
2351 3372 2539 3418 contra
2567 3365 2966 3425 ecclesiasticas
3001 3370 3214 3443 regulas
3238 3370 3490 3442 pntrjudi-

1896 3449 1981 3506 cio
1999 3452 2206 3522 putatis
2236 3453 2591 3511 scandalizati
2625 3466 2769 3524 sunt,
2801 3460 3261 3539 scandalizentur,
3291 3471 3345 3517 et
3368 3462 3489 3533 qui-

1892 3532 2107 3619 cunque
2150 3547 2466 3616 audierint,
2519 3540 3072 3633 scandalizahuntur‘?
3128 3555 3287 3626 Quia,
3345 3557 3487 3613 sicut

1891 3630 2024 3695 dicit
2059 3639 2117 3695 S.
2146 3638 2346 3711 Paulus
2377 3643 2655 3714 apostolus
2681 3660 2695 3701 :
2725 3630 2857 3701 Cum
2895 3649 3095 3719 patitur
3132 3657 3291 3704 unum
3331 3664 3489 3702 mem

1893 3733 2069 3799 brum,
2121 3737 2516 3807 compatiuntur
2560 3740 2740 3795 omnia
2791 3741 3025 3797 membra
3075 3740 3129 3814 (Ι
3183 3740 3307 3797 Cor.
3360 3741 3482 3813 xu).

1892 3821 2045 3892 Quod
2075 3825 2222 3880 enim
2247 3827 2368 3897 quis
2393 3828 2539 3884 videt
2566 3830 2620 3886 in
2661 3828 2851 3899 fratre,
2880 3843 2935 3887 et
2981 3832 3035 3887 in
3060 3833 3350 3889 commissa
3380 3832 3484 3889 sibi

1889 3914 2148 3983 ecclesia,
2173 3925 2267 3972 aut
2301 3919 2455 3974 audit
2505 3936 2573 3976 ex
2621 3921 2808 3989 fratre,
2842 3932 2895 3977 et
2935 3938 3001 3976 ex
3042 3924 3327 3979 commissa
3381 3922 3483 3979 sibi

1890 4004 2144 4074 ecclesia,
2173 4006 2301 4078 quid
2323 4011 2529 4079 putatis
2550 4009 2700 4066 illum
2724 4004 2789 4068 de
2814 4029 2874 4069 se
2899 4013 3042 4069 etde
3067 4006 3168 4069 sibi
3190 4014 3482 4069 commissa

1889 4098 2120 4156 ecclesia
2154 4116 2312 4173 posse
2342 4102 2636 4174 conjicere,
2667 4106 2713 4162 si
2743 4121 2869 4162 eum
2904 4116 2960 4165 et
2988 4106 3090 4165 sibi
3132 4108 3481 4181 commissam

1888 4190 2175 4249 ecclesiam
2209 4204 2343 4251 nutu
2370 4196 2553 4252 divino
2589 4196 2643 4251 in
2671 4206 2998 4268 potestatem
3029 4207 3267 4253 vestram
3305 4198 3479 4267 conti-

1887 4288 2031 4360 gerit
2062 4289 2361 4345 devenire?
2392 4289 2508 4346 Non
2538 4291 2683 4346 enim
2726 4291 2827 4346 levi
2860 4291 3042 4347 auditu
3081 4307 3273 4363 eorum,
3314 4295 3478 4347 conia

1886 4370 2278 4454 percelluntur,
2317 4380 2409 4453 qui
2441 4383 2687 4439 audiunt.
2721 4383 2859 4452 Quia
2889 4399 2995 4439 non
3029 4384 3096 4438 de
3123 4382 3353 4439 crimine
3384 4398 3482 4454 per

1886 4472 2159 4549 legitimos
2206 4483 2557 4533 accusatores
2585 4516 2601 4542 ,
2657 4477 2797 4547 sicut
2849 4477 3171 4549 prmcipiunt
3216 4491 3477 4543 canones,

1887 4546 2030 4637 apud
2059 4568 2351 4640 primatem
2374 4568 2668 4639 provincia:
2688 4577 2977 4625 accusatus
3012 4584 3027 4624 :
3066 4585 3171 4625 non
3211 4569 3278 4624 ad
3318 4582 3507 4640 syno--

109 4664 116 4670 '
180 4668 430 4726 tacuere,
456 4658 589 4716 illud
613 4675 696 4716 va:
725 4660 1008 4718 incurrere
1035 4663 1202 4721 timeo
1226 4666 1372 4736 quod
1403 4666 1665 4725 Dominus
1685 4683 1784 4740 per
1806 4674 1863 4736 ι)
1890 4659 2018 4716 dum
2048 4660 2377 4733 regulariter
2405 4672 2662 4718 evocatus
2686 4678 2700 4718 :
2730 4679 2835 4718 non
2877 4663 2934 4718 in
2970 4662 3179 4734 judicio
3216 4679 3476 4734 praesens,

176 4752 503 4823 prophetam
535 4752 693 4809 nobis
716 4752 936 4809 miseris
983 4756 1358 4812 sacerdotibus
1400 4761 1785 4844 comminatur,

177 4844 407 4901 dicens:
466 4843 557 4901 Vw
581 4845 663 4901 his
685 4846 779 4917 qui
820 4857 1080 4902 consuunt
1114 4848 1355 4918 pulvillos
1400 4853 1498 4905 sub
1520 4856 1661 4908 omni
1692 4843 1784 4910 cu?-

178 4938 286 4992 bito
324 4950 513 4994 manus
556 4946 606 4995 et
632 4939 835 5011 faciunt
874 4939 1150 4996 cervicalia
1183 4942 1278 4996 sub
1324 4944 1493 5012 capite
1526 4946 1780 5002 uniuersa:

177 5031 354 5085 (etatis
404 5031 473 5085 ad
518 5032 803 5103 capiendas
823 5033 1031 5088 animus
1076 5032 1294 5105 (Ezech.
1328 5034 1472 5106 xm).
1519 5035 1775 5095 Pulvillus

176 5124 379 5197 quippe
399 5125 502 5181 sub
531 5126 678 5183 omni
707 5126 890 5183 cubito
914 5140 1105 5183 manus
1138 5142 1343 5200 ponere
1386 5136 1471 5184 est
1513 5130 1773 5187 cadentes

173 5233 207 5274 a
234 5231 332 5274 sua
364 5220 686 5278 rectitudine
712 5221 955 5287 animas,
1004 5231 1169 5294 atque
1217 5223 1271 5278 in
1301 5222 1459 5294 hujus
1486 5228 1677 5283 mundi
1719 5240 1778 5285 se

175 5311 470 5380 dilectione
526 5314 857 5372 reclinantes
902 5315 1099 5372 blanda
1155 5317 1463 5376 adulatione
1510 5323 1774 5379 relevere.

174 5403 347 5471 Quasi
384 5406 533 5463 enim
560 5406 785 5477 pulvillo
813 5405 1048 5475 cubitus,
1100 5408 1185 5463 vel
1211 5411 1570 5469 cervicalibus
1615 5422 1779 5486 caput

170 5497 409 5572 jacentis
449 5502 757 5572 excipitur,
813 5514 935 5556 eum
992 5504 1353 5573 correptionis
1399 5507 1597 5563 duritia
1651 5523 1778 5582 pec-

177 5588 327 5642 cauti
348 5593 709 5661 subtrahitur,
753 5594 913 5666 eique
961 5594 1212 5651 mollities
1236 5595 1438 5654 favoris
1464 5599 1771 5668 adhibetur,

174 5689 241 5737 ut
279 5683 333 5738 in
361 5696 549 5742 errore
600 5686 838 5743 molliter
873 5687 1072 5759 jaceat,
1125 5703 1284 5761 quem
1334 5690 1477 5747 nulla
1510 5696 1776 5765 asperitas

177 5777 622 5835 contradictionis
649 5781 841 5852 pulsat.
877 5781 983 5839 Sed
1012 5783 1127 5838 haec
1172 5792 1415 5841 rectores
1447 5787 1540 5857 qui
1569 5796 1773 5846 semet-

177 5865 327 5938 ipsos
344 5870 593 5943 diligunt,
632 5872 722 5929 his
758 5873 949 5945 procul
973 5873 1140 5932 dubie
1179 5876 1462 5944 exhibent,
1517 5893 1547 5934 a
1579 5881 1774 5952 quibus

179 5977 242 6021 se
268 5967 451 6023 noceri
481 5981 639 6039 posse
668 5967 723 6025 in
769 5968 950 6027 studio
977 5969 1162 6044 gloriae
1189 5971 1524 6044 temporalis,
1556 5970 1767 6032 timent.

1897 4770 2003 4810 non
2023 4753 2289 4824 judicium
2313 4755 2560 4827 regulare
2595 4755 2892 4828 refugiens,
2924 4772 3030 4813 non
3060 4756 3116 4813 in
3151 4755 3356 4825 judicio
3399 4770 3481 4811 re-

1892 4848 2067 4917 gulari
2091 4856 2282 4903 contra
2310 4863 2434 4904 eum
2475 4848 2597 4905 aliis
2638 4850 3045 4906 accusatoribus
3072 4858 3127 4904 et
3174 4848 3293 4903 aliis
3321 4848 3477 4903 testi-

1889 4939 2312 5010 bus’productis,
2344 4957 2445 4997 nec
2466 4942 2549 4996 vel
2571 4943 2790 4998 testium
2815 4941 3121 4996 testimonio
3143 4939 3283 4993 facta
3308 4939 3481 5009 inqui-

1886 5034 2105 5101 sitione,
2143 5042 2320 5090 utrum
2336 5050 2403 5091 ex
2431 5037 2638 5102 auditu,
2661 5052 2727 5091 an
2754 5048 2817 5088 ex
2851 5031 3073 5089 scientia
3106 5031 3306 5087 fuerint
3330 5032 3480 5087 testi-

1885 5127 2028 5182 ﬁcati
2063 5146 2076 5183 :
2112 5143 2218 5185 non
2255 5129 2502 5201 legaliter
2540 5145 2605 5186 ac
2635 5128 2893 5189 canonice
2929 5127 2996 5183 de
3026 5127 3274 5197 personis
3314 5141 3474 5182 accu-

1882 5224 2121 5280 santium
2168 5240 2234 5281 ac
2272 5226 2683 5281 testiﬁcandum
2742 5223 2882 5278 facta
2913 5222 3288 5293 requisitions,
3321 5221 3476 5291 cujus

1882 5318 2160 5389 qualitatis
2186 5330 2240 5376 et
2267 5319 2569 5391 dignitatis,
2598 5332 2664 5373 ac
2713 5318 3038 5388 quantitatis
3086 5317 3295 5374 fuerint
3325 5336 3339 5373 :
3364 5332 3474 5373 non

1881 5416 2062 5472 causis
2100 5425 2318 5472 actuum
2345 5414 2568 5485 scriptis
2596 5414 2832 5479 insertis,
2863 5429 2973 5470 non
3006 5413 3225 5471 licentia
3252 5427 3476 5485 respon-

1882 5508 2040 5564 dendi
2070 5515 2126 5562 et
2183 5506 2505 5563 detendendi
2546 5505 2621 5562 illi
2668 5506 2969 5573 ceneessa;
3015 5518 3121 5562 non
3154 5506 3221 5562 de
3245 5505 3475 5562 crimine

1880 5602 1971 5658 vel
1993 5600 2168 5659 exsilii
2192 5616 2356 5658 causa
2383 5600 2668 5658 confessus
2692 5615 2796 5657 nec
2821 5598 3147 5673 regulariter
3171 5600 3472 5665 convictus,

1881 5708 1990 5751 non
2030 5695 2278 5766 partibus
2316 5696 2697 5767 pmsentibus,
2739 5695 2792 5750 id
2818 5696 2961 5766 quod
2987 5709 3018 5748 a
3058 5692 3171 5748 suis
3200 5691 3475 5761 iudicibus

1874 5786 2176 5858 judicatum
2208 5789 2311 5846 fuit
2342 5790 2558 5861 scriptis
2587 5792 2855 5847 sententia
2883 5789 3131 5855 recitata,
3170 5803 3280 5844 non
3310 5801 3473 5843 cano-

1879 5884 2007 5940 nico
2042 5882 2407 5957 etepiseopali
2449 5881 2677 5955 judicio,
2714 5886 2813 5942 -ah
2829 5885 3020 5941 ordine
3058 5880 3353 5955 episcopali
3381 5881 3471 5936 de-

1874 5976 2053 6048 lectus
2080 5977 2382 6052 episcopus,
2421 5978 2535 6036 suis
2563 5978 2724 6037 rebus
2752 5978 3034 6050 spoliatus.
3060 5984 3116 6036 et
3143 5991 3270 6035 cum
3296 5972 3474 6033 eccle-
