4010 6330
520 405 656 474 1055

1338 405 1672 466 HINCMARI
1705 405 1924 464 RHEM.
1963 399 2278 462 ARCHEP.
2318 394 2684 460 OPUSCULA
2722 391 2946 452 NAR“.

466 570 473 582 ο
515 547 598 592 sta
620 546 718 588 sua
763 543 924 600 cujus
964 541 1054 584 res
1079 533 1134 582 et
1180 522 1467 580 facultates
1497 522 1580 578 vel
1615 519 1792 588 cilicio
1819 519 2099 590 defuncto,
2125 516 2181 584 Δ
2211 530 2231 564 ι
2274 528 2305 567 a
2335 511 2491 568 ηοῢίδ
2518 523 2606 566 ι’θε
2625 507 2784 579 ait!”
2808 505 3202 600 servabitur:
3221 501 3576 600 decfem‘iltm
3599 515 3818 600 00f"?

515 624 598 680 vel
627 630 800 678 morte
819 618 1102 692 perfuncto
1123 616 1378 687 episcopo
1408 630 1507 686 per
1544 628 1887 672 (economum
1919 611 2103 677 futuro

518 718 774 788 episcopo
801 713 1006 773 servari
1036 712 1252 775 debent,
1278 718 1468 766 contra
1487 724 1680 766 omnes
1699 708 1868 780 leges,
1894 713 1952 761 et
1973 718 2103 766 coni

523 817 604 868 tra
635 808 812 864 omnia
843 805 987 875 jura,
1029 804 1210 860 divina
1247 802 1456 859 scilicet
1508 810 1564 858 et
1590 797 2105 865 humana,-sa>cula-

521 903 662 959 rium
713 898 1022 972 praeiudicio
1082 897 1476 968 proscriptione
1525 904 1614 951 est
1663 894 2102 958 condemnatus;

521 1008 642 1049 cum
673 1006 781 1047 non
824 996 1035 1044 tantum
1065 997 1159 1044 aut
1184 1003 1350 1058 prave
1381 987 1677 1043 sentientes
1720 983 1982 1056 episcopi,
2013 992 2105 1038 aut

520 1085 813 1156 maiestatis
841 1085 939 1149 rei,
980 1093 1071 1140 aut
1099 1083 1419 1139 criminibus
1443 1081 1706 1144 accusati,
1731 1094 1918 1134 verum
1944 1078 2106 1134 Arius

517 1187 576 1237 et
620 1179 891 1251 Eutyches
911 1177 1212 1249 presbyteri
1245 1191 1350 1232 non
1377 1176 1482 1232 nisi
1511 1174 1864 1230 conciliorum
1899 1171 2104 1240 judicio

517 1271 778 1344 gradibus
806 1271 1043 1341 spoliati,
1065 1279 1121 1324 et
1147 1285 1334 1324 eorum
1355 1269 1576 1324 decreto
1597 1267 1664 1322 ab
1689 1264 2106 1336 imperatoribus

521 1364 1096 1438 leganturproscripti,
1125 1373 1179 1420 et
1205 1364 1257 1418 in
1272 1363 1522 1418 exsilium
1546 1361 1831 1434 deportati.
1848 1360 1962 1430 Ego
1979 1372 2109 1413 vero

519 1459 701 1514 verbis
725 1473 832 1513 non
871 1473 1088 1528 possum
1120 1456 1425 1526 exprimere
1453 1462 1653 1525 quanta
1683 1451 2024 1520 constringar
2054 1449 2107 1504 in

520 1559 704 1609 mente
729 1552 999 1622 angustia,
1032 1549 1291 1620 quoniam
1340 1564 1438 1619 per
1465 1563 1560 1602 ora
1610 1547 1904 1601 multorum
1947 1543 2109 1598 audio

519 1643 766 1706 volitare,
795 1642 922 1712 quia
972 1641 1220 1696 homines
1265 1640 1504 1694 omnium
1550 1637 1812 1707 gentium,
1841 1634 2009 1690 etiam
2055 1639 2111 1688 et

520 1735 692 1794 Judzei
715 1734 1038 1791 Christianae
1064 1732 1438 1804 legisinimici,
1455 1731 1655 1800 passim
1681 1729 1856 1799 legum
1890 1739 2111 1780 suarum

517 1827 834 1899 judicantur
874 1824 1123 1894 judicio:
1166 1823 1429 1880 bubulcus
1473 1835 1687 1892 quoque
1733 1830 1787 1874 et
1831 1817 2107 1882 subulcus,

2211 604 2631 662 constitutorum
2660 616 2758 672 pro
2796 600 3098 669 aliquorum
3143 597 3320 662 libitu,
3341 595 3558 652 licentia
3579 593 3824 665 populis

2208 696 2474 771 permissa
2497 694 2814 764 frangatur?
2845 713 2862 745 ι
2895 693 2960 747 Et
2983 707 3199 748 sacrum
3223 689 3661 760 Carthaginensc
3683 703 3823 755 con-

2209 788 2396 845 cilium
2425 788 2527 845 sub
2557 785 2729 848 Grato
2749 785 3004 856 episcOpo
3043 783 3178 838 dicit
3207 800 3220 837 :
3256 802 3276 836 ι
3312 781 3389 838 De
3415 780 3622 851 quibus
3654 794 3824 849 aper-

2211 879 2418 936 tissime
2446 878 2627 934 divina
2651 877 2931 948 Scriptura
2963 875 3165 941 sanxit,
3203 889 3309 930 non
3346 871 3657 934 diﬂerenda
3695 887 3823 926 scn-

2211 971 2378 1028 teutia
2435 979 2536 1036 est,
2594 970 2691 1026 sed
2744 968 2924 1040 potius
2963 967 3329 1036 exsequenda.
3376 965 3546 1022 Nemo
3610 972 3826 1020 contra

2207 1066 2521 1137 prophetas,
2551 1079 2710 1119 nemo
2733 1071 2921 1119 contra
2940 1059 3248 1140 Evangelia,
3275 1073 3434 1116 nemo
3458 1067 3672 1114 contra
3693 1071 3824 1128 apo-

2211 1156 2378 1213 stolos
2421 1155 2552 1210 facit
2598 1154 2716 1210 sine
2748 1151 3032 1223 periculo:
3075 1159 3276 1220 etquae
3325 1147 3465 1202 facta
3517 1146 3612 1202 vel
3674 1146 3824 1200 dicta

2211 1247 2462 1317 superius
2490 1245 2882 1317 comprehensa
2924 1251 3072 1308 sunt,
3101 1240 3185 1304 vel
3221 1241 3341 1296 aliis
3385 1237 3650 1296 conciliis
3691 1252 3824 1292 con—

2211 1341 2438 1410 scripta,
2464 1354 2584 1409 quae
2611 1337 2911 1394 secundum
2935 1335 3110 1407 legem
3134 1333 3505 1395 inveniuntur,
3528 1330 3824 1386 custodire

2210 1447 2312 1488 nos
2331 1439 2562 1502 oportet.
2591 1429 2647 1484 Si
2676 1429 2798 1500 quis
2821 1443 2949 1483 vero
2977 1435 3179 1482 statuta
3201 1438 3598 1494 supergressus
3623 1437 3824 1477 corru-

2211 1525 2374 1596 perit,
2403 1522 2487 1580 vel
2515 1538 2613 1593 pro
2643 1521 2815 1578 nihilo
2845 1519 3092 1576 habenda
3117 1515 3409 1589 putaverit,
3430 1517 3483 1569 si
3524 1513 3712 1570 laicus
3741 1521 3820 1567 est

2212 1617 2616 1680 communione,
2643 1616 2687 1671 si
2720 1615 2952 1679 clericus
2970 1622 3057 1668 est
3084 1615 3286 1668 honore
3306 1611 3581 1682 privetur.
3627 1627 3649 1659 ι
3684 1607 3820 1675 Quia

2212 1722 2272 1770 ut
2294 1711 2350 1769 S.
2389 1727 2529 1782 papa
2560 1709 2798 1764 Hilarius
2843 1708 3144 1766 decernens
3166 1704 3347 1760 dicit:
3394 1721 3411 1754 ι
3457 1701 3582 1756 Non
3637 1701 3818 1755 minus

2213 1805 2266 1859 in
2331 1811 2640 1860 sanctarum
2697 1801 3044 1857 traditionum
3101 1798 3435 1868 delinquitur
3473 1796 3818 1856 sanctiones,

521 1881 685 1992 inque
718 1919 882 1989 opilio
913 1919 1111 1973 habent
1145 1917 1316 1988 legem
1347 1936 1359 1970 :
1389 1925 1444 1971 et
1491 1923 1681 1970 contra
1712 1927 1927 1969 omnem
1981 1925 2111 1966 con-

2221 1910 2380 1964 quam
2412 1894 2464 1948 in
2497 1891 2750 1960 injuriam
2773 1891 2942 1962 ipsius
2964 1890 3176 1947 Domini
3214 1889 3520 1960 prosilitur.
3557 1907 3576 1939 ι

522 2011 863 2069 suetudinem
912 2010 1345 2066 Christianorum
1381 2009 1754 2080 principum,
1811 2015 1868 2062 et
1918 2012 2109 2061 contra

523 2114 795 2180 praecepta
845 2104 1058 2160 Domini
1100 2105 1443 2159 dominorum
1485 2100 1736 2182 dicentis,
1787 2109 1842 2154 et
1889 2100 1941 2154 in
1982 2100 2109 2168 pro-i

519 2198 702 2268 pheta,
733 2203 895 2264 atque
921 2194 976 2249 in
1007 2193 1318 2264 Evangelio,
1345 2202 1400 2248 et
1421 2192 1473 2246 in
1488 2189 1766 2260 Apostolo,
1785 2187 1910 2243 Non
1947 2188 2109 2258 facies

519 2286 659 2359 quod
684 2287 922 2356 iniquum
943 2295 1038 2346 est,
1075 2302 1166 2338 nec
1198 2283 1393 2352 injuste
1408 2282 1700 2353 judicabis.
1734 2280 1887 2334 Juste
1916 2280 2110 2349 judica

518 2378 758 2450 proximo
789 2386 878 2429 tuo
904 2375 1090 2445 (Levit.
1119 2374 1249 2444 xv);
1279 2384 1333 2428 et
1363 2391 1376 2427 :
1407 2372 1466 2428 Si
1494 2389 1610 2427 vere
1636 2373 1815 2444 utique
1843 2371 2109 2441 justitiam

521 2469 814 2542 loquimini,
826 2469 972 2539 juste
994 2468 1256 2538 judicate,
1287 2467 1388 2535 lilii
1432 2466 1701 2520 hominum
1732 2462 1906 2533 (Psal.
1952 2462 2108 2534 xvn).

523 2560 656 2628 Quia
692 2579 703 2614 :
740 2560 809 2614 In
853 2576 955 2632 quo
989 2559 1194 2630 judicio
1243 2558 1634 2628 judicaveritis,
1669 2556 1999 2626 judicabitur
2047 2555 2112 2610 de

523 2655 668 2709 vobis
704 2651 917 2722 (Matth.
943 2652 1101 2723 xvu).
1135 2650 1401 2707 Videlicet
1427 2659 1520 2705 aut
1544 2648 1694 2720 justo
1732 2647 1937 2719 judicio
1967 2647 2112 2701 dam-

526 2746 805 2810 nabimiui,
838 2762 936 2816 pro
966 2761 1033 2802 eo
1071 2745 1215 2816 quod
1256 2745 1480 2800 fratrem
1520 2742 1721 2812 injusto
1749 2740 1956 2812 judicio
1980 2755 2112 2796 cou-

526 2841 864 2896 demnastis:
898 2849 990 2895 aut
1028 2839 1174 2910 juste
1199 2838 1571 2911 judicantibus
1598 2837 1752 2891 vobis
1774 2833 1982 2903 iustitia
2029 2847 2114 2888 re-

527 2934 832 3004 spondebit.
864 2933 1010 3005 Ergo
1034 2933 1114 2988 sic
1142 2933 1421 3002 loquimini
1451 2939 1507 2985 et
1541 2931 1620 2986 sic
1647 2929 1832 2994 facile,
1856 2928 2114 3000 sicutper

527 3022 700 3093 legem
750 3023 1020 3079 libertatis
1068 3023 1391 3092 incipientes
1412 3021 1681 3092 judicari;
1733 3020 1838 3074 hoc
1882 3028 1985 3085 est,
2019 3034 2116 3089 per

529 3115 702 3185 legem
742 3115 1028 3180 libertatis,
1077 3114 1283 3169 scilicet
1313 3113 1608 3184 Evangelii,
1636 3112 1934 3182 judicandi.
1984 3111 2113 3182 Epi-

526 3221 724 3277 secpus
741 3206 1132 3277 qualiscunque
1153 3221 1276 3261 cum
1316 3221 1413 3261 sua
1444 3203 1712 3267 Ecclesia,
1741 3204 1911 3272 legem
1944 3203 2115 3259 eccle-

2286 1988 2402 2056 Qua
2441 1987 2506 2042 de
2564 2002 2625 2040 re
2679 1984 2813 2040 flens
2847 1984 2990 2051 dico,
3017 1993 3074 2039 et
3097 1982 3260 2038 corde
3295 1980 3553 2036 maerenti
3593 1993 3817 2051 gemens

2209 2080 2524 2153 pronuntio,
2559 2080 2688 2149 quia
2709 2093 2854 2134 nunc
2905 2077 2995 2131 lex
3049 2075 3262 2131 Domini
3309 2072 3815 2146 irrepreheusibilis

2211 2175 2413 2231 nostris
2467 2172 2774 2230 infelicibus
2818 2181 2875 2228 et
2918 2170 3405 2242 periculosissimis
3469 2169 3818 2238 temporibus

2212 2277 2422 2324 tantum
2470 2267 2709 2336 vigorem
2752 2279 2862 2319 non
2913 2263 3076 2318 habet
3126 2260 3433 2317 reverentia
3489 2259 3810 2318 divinitatis,

2212 2361 2356 2416 sicut
2385 2368 2675 2429 antequam
2705 2371 2899 2412 nomen
2923 2355 3124 2411 Christi
3153 2355 3206 2410 in
3227 2355 3436 2409 honore
3465 2369 3566 2424 per
3596 2353 3808 2407 univer-

2214 2467 2333 2507 sum
2383 2449 2570 2505 orbem
2630 2449 2804 2514 fieret,
2834 2447 2978 2518 leges
3003 2446 3262 2502 Romanae
3288 2445 3571 2502 habebant
3626 2445 3810 2499 timore

2215 2544 2579 2615 imperatoris.
2613 2542 2867 2613 Legimus
2896 2541 3097 2611 quippe
3126 2540 3179 2595 in
3195 2538 3418 2594 Actibus
3444 2538 3810 2609 apostolorum

2214 2636 2468 2706 quoniam
2492 2650 2616 2690 cum
2635 2633 2835 2690 Paulus
2861 2642 2916 2688 et
2939 2632 3081 2688 Silas
3108 2633 3258 2699 caesi,
3281 2633 3336 2688 in
3357 2647 3645 2688 carcerem
3671 2632 3811 2688 missi

2217 2735 2362 2793 sunt,
2388 2727 2514 2797 quia
2567 2726 2835 2782 miserunt
2875 2725 3225 2796 magistratus
3271 2733 3332 2780 ut
3375 2724 3802 2780 dimitterentur.

2218 2817 2416 2874 Paulus
2440 2828 2618 2872 autem
2642 2817 2781 2872 dixit
2811 2817 2892 2873 eis
2919 2837 2960 2872 :.
2999 2816 3174 2871 Cwsos
3223 2833 3315 2871 nos
3357 2815 3564 2886 publice
3615 2817 3808 2870 indein-

2214 2918 2369 2963 uatos
2421 2909 2656 2962 homines
2700 2907 3270 2962 Romanos'miserunt
3321 2906 3378 2960 in
3421 2921 3722 2969 carcerem,
3763 2914 3808 2958 et

2219 3018 2354 3056 nunc
2397 3000 2597 3056 occulte
2641 3018 2732 3057 nos
2779 3001 3016 3072 ejiciunt.
3070 2997 3195 3054 Non
3229 3001 3340 3066 ita,
3376 3000 3472 3054 sed
3498 2999 3729 3063 νεηίωυ,
3764 3007 3810 3052 et

2217 3094 2316 3162 ipsi
2358 3110 2452 3146 nos
2499 3093 2739 3162 ejiciant.
2797 3089 3186 3146 Nuntiaverunt
3223 3101 3396 3146 autem
3421 3091 3810 3162 magistratibus

2219 3182 2424 3238 lictores
2469 3173 2627 3238 ~verba
2690 3183 2842 3248 lucc;
2903 3184 3290 3253 timueruntque
3345 3183 3621 3236 audientes
3677 3184 3808 3251 quod

531 3297 808 3354 siasticam
839 3296 1100 3354 laicorum
1155 3313 1221 3352 ac
1268 3299 1624 3367 quarumdam
1679 3295 1958 3352 infamium
1985 3311 2112 3366 pero
2143 3265 2189 3328 Ο
2225 3273 2452 3328 Romam
2495 3283 2686 3367 Μέθην
2719 3284 2767 3328 ετ
2809 3274 3062 3367 veniam?“
3103 3274 3366 3367 άεΡτθεζιιί
3407 3284 3531 3328 δυηι
3581 3291 3667 3327 θοι
3700 3315 3718 3338 ς
3765 3283 3810 3367 ἐκ

529 3409 809 3457 sonarum,
838 3409 944 3449 non
960 3390 1166 3461 judicio
1195 3391 1289 3446 sed
1332 3389 1564 3446 colludio
1593 3401 1755 3460 atque
1794 3389 2052 3453 ludibrio,
2085 3404 2117 3443 a

530 3488 684 3543 vobis
738 3486 1096 3557 ignominiose
1140 3485 1500 3556 proscriptus,
1544 3482 1744 3538 habere
1789 3498 1894 3536 non
1924 3481 2116 3552 potuit.

532 3577 687 3632 Unde
717 3577 905 3644 legalis
931 3576 1219 3641 sententia,
1236 3589 1397 3644 quam
1420 3583 1479 3628 ut
1500 3573 1929 3643 praedecessores
1956 3571 2116 3637 illius,

531 3669 595 3722 Β.
625 3667 921 3738 Gregorius
949 3668 1000 3722 in
1035 3666 1452 3722 commonitorio
1484 3665 1687 3722 Joanni
1717 3667 1842 3721 dato
1881 3665 2122 3722 decrevit

534 3747 653 3816 csse
678 3761 1018 3826 canonicam,
1043 3761 1174 3816 dicit
1199 3777 1214 3816 :
1248 3781 1266 3815 ‹
1303 3760 1535 3818 Necesse
1565 3770 1729 3817 estut
1754 3763 1899 3832 quod
1929 3770 2120 3817 contra

532 3852 679 3922 leges
705 3862 790 3908 est
817 3862 996 3908 actum
1025 3853 1336 3909 firmitatem
1366 3869 1475 3909 non
1508 3855 1726 3911 habeat.
1765 3876 1783 3907 ι
1821 3857 1884 3910 Et
1917 3855 1974 3910 S.
2005 3855 2112 3910 Au—

534 3951 781 4021 gustinus
803 3951 860 4011 in
883 3949 1020 4006 libro
1058 3951 1126 4006 de
1154 3964 1280 4005 vera
1311 3949 1617 4019 Religione,
1645 3949 1775 4004 dicit
1805 3964 1819 4002 :
1855 3967 1873 4000 ‹
1913 3948 1970 4004 lu
2003 3948 2122 4002 istis

536 4042 920 4114 temporalibus
949 4043 1155 4116 legibus
1177 4058 1485 4115 quanquam
1506 4043 1571 4098 de
1595 4042 1680 4098 his
1713 4043 1962 4097 homines
1979 4042 2124 4112 judi-

532 4146 677 4202 cent,
719 4154 841 4194 cum
873 4153 966 4194 eas
995 4139 1318 4204 instituunt;
1364 4145 1545 4192 tamen
1576 4153 1700 4193 cum
1742 4136 1942 4191 fuerint
1970 4136 2122 4190 insti-

533 4236 661 4283 tuta:
703 4239 865 4300 atque
896 4229 1122 4285 ﬁrmatze
1150 4244 1258 4284 non
1307 4227 1677 4297 licebitjudici
1720 4229 1787 4282 de
1824 4227 1952 4295 ipsis
1981 4225 2124 4293 judi-

529 4336 680 4386 care,
725 4322 819 4376 sed
856 4322 1151 4376 secundum
1199 4322 1362 4392 ipsas.
1411 4317 1672 4374 Conditor
1720 4327 1900 4373 tamen
1942 4317 2122 4388 legum

532 4412 909 4483 temporalium
939 4413 983 4467 si
1008 4413 1092 4466 vir
1121 4414 1294 4468 bonus
1315 4421 1372 4468 et
1396 4412 1614 4480 sapiens
1643 4419 1743 4474 est,
1777 4409 1923 4465 illam
1950 4409 2124 4479 ipsam

533 4503 764 4558 consulit
785 4510 1066 4568 attentam,
1091 4505 1159 4558 de
1186 4518 1292 4572 qua
1315 4501 1445 4556 nulli
1475 4501 1922 4570 animzejudicare
1937 4501 2123 4556 datum

534 4602 636 4654 est,
663 4600 721 4644 ut
759 4592 1057 4646 secundum
1104 4591 1221 4659 ejus
1262 4590 1729 4646 incommutabilcs
1759 4590 1973 4659 regulas
1995 4591 2123 4659 quid

536 4683 606 4735 sit
637 4696 732 4749 pro
758 4688 998 4750 tempore
1041 4680 1339 4750 jubendum
1385 4681 1782 4748 velandumque
1830 4681 2120 4737 discernat.

536 4772 817 4828 rEtcrnam
855 4773 1024 4842 igitur
1056 4773 1227 4846 legem
1256 4773 1469 4828 mundis
1490 4772 1689 4827 animis
1711 4771 1792 4828 fas
1817 4780 1899 4828 est
1925 4788 2124 4843 cogno-

537 4881 710 4931 scere,
733 4865 888 4924 nefas
912 4876 999 4924 est
1023 4867 1290 4939 judicare.
1323 4887 1342 4920 ι
1377 4867 1452 4923 De
1474 4883 1580 4940 qua
1601 4867 1663 4923 Β.
1691 4867 1925 4941 Prosper
1950 4867 2079 4925 dicit
2104 4885 2119 4923 :

627 5011 739 5078 Le_x_
758 5019 961 5074 reterns,
989 5013 1086 5063 Dei
1111 5013 1276 5065 stabili
1301 5015 1433 5078 regit
1455 5016 1614 5078 omnia
1633 5023 1784 5078 nutu,

695 5073 800 5127 Nec
823 5085 975 5127 mutat
1006 5079 1140 5128 vario
1163 5073 1387 5141 temporé
1409 5077 1681 5128 consilium.

601 5212 739 5270 Nam
767 5214 810 5270 si
834 5213 1190 5286 imperatores
1213 5214 1578 5270 Romanorum
1605 5229 1758 5270 suam
1780 5214 1952 5286 legem
1971 5225 2127 5272 teter-

535 5320 682 5371 nam,
712 5306 796 5362 vel
817 5315 1136 5378 perpetuam
1167 5307 1594 5378 appellaverunt,
1627 5308 1798 5362 multo
1824 5307 1998 5378 magis
2039 5307 2125 5362 lex

535 5397 626 5455 illa
650 5407 856 5455 aeterna
891 5407 997 5465 est,
1029 5416 1149 5470 quae
1199 5409 1280 5458 est
1309 5410 1500 5457 sancto
1527 5400 1732 5471 Spiritu
1763 5399 2123 5472 promulgata.

535 5488 612 5545 De
648 5505 756 5562 qua
802 5489 862 5546 S.
917 5490 1028 5547 Leo
1075 5501 1198 5562 post
1247 5492 1631 5550 discretionem
1674 5508 1795 5562 qua:
1835 5491 1889 5547 in
1941 5506 2006 5547 ea
2043 5499 2128 5548 est

534 5593 809 5643 ostensam
841 5585 973 5642 dicit
1002 5600 1018 5641 :
1053 5603 1072 5638 ι
1099 5585 1157 5641 ln
1185 5587 1270 5644 his
1299 5603 1418 5657 quae
1463 5587 1549 5642 vel
1581 5586 1740 5644 dubia
1771 5585 1998 5651 fuerint,
2039 5585 2126 5641 vel

534 5677 790 5742 obscura,
812 5677 864 5734 id
895 5678 1144 5734 novimus
1169 5679 1527 5748 sequendum,
1552 5679 1696 5750 quod
1723 5695 1823 5736 nec
1845 5678 2129 5750 praeceptis

529 5770 868 5840 evangelicis
895 5771 1253 5836 contrarium,
1305 5786 1408 5828 nec
1433 5771 1665 5828 decretis
1693 5781 2005 5828 sanctorum
2044 5771 2128 5826 in-

533 5871 792 5933 veniatur
817 5863 1126 5933 adversum.
1179 5884 1198 5918 ι
1250 5863 1402 5931 Quae,
1454 5865 1632 5939 inquit
1675 5864 1733 5920 S.
1781 5864 2128 5932 Ccelestinus,

2224 3367 2488 3436 ejicientes
2511 3366 2765 3437 rogabant
2794 3376 2850 3418 ut
2874 3365 3244 3436 egrederentur
3265 3365 3328 3419 de
3353 3367 3483 3419 urbe
3511 3367 3651 3436 (Act.
3679 3365 3810 3430 xvi).

2223 3457 2290 3512 Et
2313 3458 2443 3513 item
2488 3457 2540 3513 in
2571 3457 2758 3512 eadem
2789 3472 2945 3512 sacra
2974 3455 3200 3511 historia
3229 3473 3243 3509 :
3280 3453 3416 3520 Quia
3448 3473 3556 3509 non
3592 3467 3668 3510 est
3697 3472 3810 3509 coa-

2223 3550 2447 3604 suetudo
2491 3549 2746 3604 Romanis
2772 3549 3026 3604 damnare
3053 3548 3280 3620 aliquem
3318 3549 3616 3610 hominem,
3647 3549 3810 3617 priuso

2228 3657 2387 3711 quam
2416 3641 2462 3695 is
2489 3641 2578 3712 qui
2606 3650 2888 3695 accusatur
2924 3649 3202 3712 prazsentes
3247 3640 3429 3693 habeat
3460 3652 3809 3704 accusatores,

2225 3733 2494 3806 locm’nque
2545 3735 2858 3804 defendendi
2907 3735 3134 3803 accipiat
3180 3718 3254 3787 ad,
3279 3732 3536 3787 abluenda
3591 3734 3810 3787 crimina

2225 3827 2362 3899 (Act.
2402 3828 2553 3900 xxv).
2591 3827 2658 3882 Et
2682 3828 2811 3883 item
2839 3843 2959 3882 cum
2988 3826 3322 3897 torquendus
3350 3834 3516 3892 esset,
3546 3825 3738 3880 dicens
3759 3839 3813 3881 se

2224 3932 2344 3972 esse
2365 3917 2689 3983 Romanum,
2722 3918 2978 3973 dimissus
3002 3927 3104 3973 est.
3139 3916 3289 3973 Unde
3317 3933 3421 3972 non
3451 3917 3812 3988 perfunctorie

2225 4009 2412 4064 audire
2443 4010 2648 4064 debetis
2690 4011 2833 4079 quod
2870 4009 3108 4065 cmlestis
3155 4009 3281 4062 tuba
3308 4007 3509 4062 Paulus
3539 4006 3813 4077 apostolus

2224 4101 2355 4156 dicit
2387 4119 2400 4154 :
2433 4100 2522 4155 Sic
2566 4113 2741 4156 autem
2771 4112 3040 4172 peccantes
3064 4104 3119 4156 in
3150 4102 3373 4170 fratres,
3405 4112 3454 4154 et
3473 4103 3814 4171 percutieutcs

2225 4193 2594 4249 conscientiam
2648 4212 2826 4249 eorum
2877 4195 3164 4265 inﬁrmam,
3199 4194 3254 4248 in
3289 4193 3558 4248 Christum
3587 4194 3812 4262 peccatis

2226 4287 2277 4358 (1
2308 4287 2431 4342 Cor.
2466 4289 2606 4360 vm).
2644 4288 2708 4343 Et
2750 4289 2802 4343 in
2852 4304 3004 4344 sacra
3044 4288 3250 4358 Regum
3287 4288 3510 4343 historia
3554 4288 3811 4356 scriptum

2224 4389 2308 4438 est
2333 4395 2348 4435 :
2378 4379 2439 4436 Si
2479 4382 2768 4452 peccaverit
2791 4383 2870 4436 vir
2904 4383 2961 4436 in
2999 4383 3187 4446 virum,
3215 4379 3419 4452 placari
3445 4381 3491 4434 ei
3513 4390 3682 4450 potest
3713 4378 3814 4433 Do-

2223 4471 2398 4525 minus
2432 4485 2450 4524 :
2481 4473 2528 4526 si
2552 4481 2726 4526 autem
2757 4473 2811 4526 in
2841 4471 3068 4526 Domino
3102 4472 3389 4544 peccaverit
3421 4471 3515 4534 vir,
3548 4471 3667 4540 quis
3703 4486 3813 4522 ora-

2227 4563 2298 4618 bit
2345 4581 2438 4636 pro
2485 4566 2586 4619 eo?
2621 4564 2674 4636 (I
2704 4564 2828 4635 Reg.
2861 4565 2944 4636 ιι.)
2978 4564 3306 4620 Mementote
3333 4563 3456 4618 facti
3482 4559 3815 4617 memorandi

2230 4653 2540 4718 Theodosii,
2567 4663 2620 4710 et
2639 4653 3006 4710 memorabilis
3034 4653 3136 4710 viri
3167 4652 3467 4718 Ambrosii,
3493 4661 3550 4706 et
3575 4652 3709 4721 quia
3735 4665 3815 4704 ex-

2232 4749 2395 4804 cessit
2443 4756 2501 4802 ut
2549 4749 2711 4804 homo
2727 4735 3091 4814 Theodosius,
3117 4747 3383 4818 corripuit
3406 4761 3533 4801 eum
3567 4754 3627 4800 ut
3667 4756 3816 4799 verus

2232 4838 2486 4894 sacerdos
2514 4838 2855 4907 Ambrosius,
2878 4849 2934 4894 et
2981 4840 3188 4912 recepit
3215 4840 3486 4911 patienter
3518 4847 3686 4906 atque
3726 4836 3813 4890 hu-

2231 4931 2432 4988 militer
2457 4948 2556 5004 per
2583 4932 2731 4987 illum
2763 4932 2999 4988 divinam
3040 4932 3439 4988 correctionem
3461 4929 3813 4986 Theodosius.

2234 5023 2302 5078 Et
2324 5024 2446 5080 ideo
2489 5023 2756 5080 exaltatus
2785 5035 2886 5092 est,
2909 5034 2964 5080 et
3004 5025 3203 5082 merito
3231 5033 3286 5082 et
3310 5023 3567 5090 nomine,
3615 5033 3672 5078 et
3706 5038 3815 5079 san-

2235 5114 2440 5170 ctitatis
2463 5114 2672 5185 insigne
2707 5130 2870 5186 super
2894 5130 3082 5172 omnes
3105 5127 3227 5187 post
3254 5115 3677 5180 Constantinum
3715 5111 3815 5166 Bo-

2232 5221 2422 5262 manos
2464 5208 2837 5280 imperatores.
2884 5206 3038 5263 Felix
3091 5208 3182 5262 ille
3235 5208 3541 5278 imperator
3596 5205 3685 5276 qui
3728 5216 3817 5259 suo

2230 5309 2471 5373 tempore
2504 5301 2664 5357 talem
2702 5301 2892 5358 habuit
2929 5302 3289 5364 sacerdotem,
3314 5301 3410 5370 qui
3447 5310 3578 5372 post
3615 5301 3817 5372 dignam

2230 5411 2328 5467 pro
2347 5411 2573 5452 excessu
2604 5394 3031 5451 satisfactionem
3055 5393 3184 5449 fecit
3214 5393 3286 5448 illi
3315 5408 3544 5464 ponere,
3557 5404 3614 5450 et
3633 5389 3820 5448 confir-

2229 5503 2380 5544 mare
2404 5487 2596 5558 legem,
2624 5495 2683 5542 ut
2709 5488 2753 5542 si
2795 5497 2944 5544 moto
2969 5485 3151 5541 animo
3182 5484 3432 5540 severius
3461 5484 3742 5540 vindicare
3771 5480 3819 5534 in

2233 5582 2444 5653 aliquos
2472 5581 2720 5652 princeps
2747 5580 2977 5652 quisque
3011 5578 3354 5643 decerneret,
3380 5575 3624 5632 ministri
3651 5575 3819 5644 reipu-

2233 5675 2388 5730 blicae
2418 5689 2588 5743 usque
2616 5673 2682 5728 ad
2706 5673 2921 5743 triginta
2971 5671 3087 5728 dies
3111 5669 3361 5726 eamdem
3391 5667 3571 5740 legem
3611 5677 3821 5733 exsequi

2236 5783 2341 5824 non
2367 5767 2648 5831 auderent,
2683 5766 2853 5820 donec
2878 5763 3200 5836 refrigerato
3226 5761 3427 5826 animo,
3463 5769 3518 5815 et
3560 5760 3614 5814 in
3649 5773 3710 5814 se
3741 5769 3817 5810 re-

2240 5876 2420 5930 verso,
2435 5859 2564 5931 quid
2583 5874 2770 5922 verum
2793 5867 2958 5925 esset,
2976 5859 3203 5928 videret,
3226 5865 3284 5914 et
3309 5854 3542 5928 exsequi
3564 5852 3708 5924 quod
3746 5847 3820 5922 ju-
