4010 6330
189 371 336 430 ιωι

1092 368 1230 426 ιιιιο
1269 367 1626 426 ECCLESUE
1662 368 2114 428 LIBERTATUM
2139 371 2592 434 DEFENSIONE.

3345 375 3484 438 1062

184 487 516 562 respiciant,
545 493 600 541 et
620 483 757 540 nihil
782 483 906 540 novi
935 483 1167 540 audeam
1199 485 1378 542 facere
1406 485 1459 540 in
1489 484 1603 542 suis
1629 500 1788 557 paro-
1816 491 1860 554 Α
1893 500 2063 544 nones
2094 497 2400 550 monstrant
2435 491 2700 558 dicentes,
2728 500 2789 547 ut
2821 491 2908 548 vel
2937 492 2989 549 in
3022 493 3248 566 synodo,
3277 497 3361 552 vel
3384 511 3484 569 per

181 584 335 640 chiis
369 581 491 640 sine
519 577 854 636 conscientia
882 585 938 634 et
968 577 1193 633 consilio
1223 579 1306 634 sui
1345 579 1745 650 metropolitani
1770 596 1786 646 ;
1883 578 2114 648 iudices,
2147 583 2262 638 sive
2287 599 2423 655 quos
2452 586 2897 656 conquirentibus
2926 589 3188 660 primates
3214 590 3481 662 dederint,

181 691 294 738 nec
323 673 776 745 nietmpolitanus
804 670 922 732 sine
944 685 1134 728 eorum
1159 672 1407 728 consilio.
1442 691 1462 725 ι

257 767 335 832 Et
371 767 502 832 item
535 766 592 822 in
639 765 831 824 eodem
871 765 1030 830 libro,
1079 781 1198 836 cap.
1223 766 1294 824 28
1325 781 1340 822 :
1374 785 1396 822 ι
1429 766 1501 830 Ut
1525 767 1570 822 si
1607 767 1792 824 clerici

183 862 282 918 vel
304 859 559 930 monachi
581 859 722 924 inter
755 874 816 918 se
845 859 1124 932 negotium
1159 860 1376 931 aliquod
1412 861 1726 928 banuerint,
1759 875 1794 916 a

182 971 298 1020 sua
323 955 582 1028 episcopo
605 951 999 1022 dijudicentur;
1034 968 1140 1009 non
1177 954 1322 1023 apud
1346 951 1654 1014 smulares.
1693 972 1712 1008 ι

259 1047 333 1113 Ei
383 1046 518 1114 item
564 1044 624 1110 in
671 1043 864 1106 eodem
913 1043 1088 1110 libro,
1121 1058 1241 1115 cap.
1280 1043 1396 1104 58.:
1438 1043 1568 1104 t'Ul
1604 1042 1792 1100 clerici

183 1137 551 1206 ecclesiastici
603 1137 814 1207 ordinis
864 1137 910 1194 si
965 1136 1176 1209 culpam
1232 1139 1591 1206 incurrerint,
1647 1138 1791 1210 apud

182 1230 599 1295 ecclesiasticos
627 1228 960 1301 judicentur,
985 1246 1095 1298 non
1120 1232 1264 1303 apud
1289 1232 1598 1298 szeculares.
1637 1251 1655 1284 ι

263 1323 332 1378 Ει
364 1325 480 1380 haec
506 1324 803 1380 constituta
845 1333 972 1380 sunt
1001 1325 1072 1381 de
1111 1324 1200 1382 bis
1237 1341 1356 1396 qua:
1400 1328 1467 1382 ab
1513 1326 1789 1397 episcopo,

187 1416 282 1476 vel
314 1415 654 1488 presbytero,
697 1432 794 1482 seu
839 1417 1068 1478 diacono
1103 1420 1534 1485 committuntur,
1575 1420 1693 1478 sive
1733 1420 1786 1474 in

185 1509 592 1578 “mallibus,
628 1510 744 1576 sive
774 1511 842 1576 de
869 1511 1138 1579 civilibus,
1169 1514 1221 1568 id
1254 1523 1338 1569 est
1364 1514 1431 1570 de
1459 1511 1790 1584 pecuniariis

187 1605 400 1660 causis.
427 1602 696 1668 Craterum
721 1603 787 1658 de
814 1605 974 1662 rebus
997 1614 1052 1670 et
1083 1606 1386 1676 mancipiis,
1409 1617 1464 1661 et
1493 1606 1789 1677 mancipio-

188 1712 316 1752 rum
347 1696 676 1768 commissis,
708 1696 948 1770 episcopi
965 1712 1031 1754 ex
1062 1697 1323 1756 Ecelesiis
1350 1699 1506 1754 nobis
1533 1698 1785 1754 commis-

1893 674 2006 732 sive
2029 691 2166 746 quos
2193 676 2293 747 ipsi
2325 679 2530 736 vicinos
2557 696 2622 735 ex
2655 695 2924 740 consensu
2946 681 3267 752 delegerint.

1961 768 2258 840 Depntatos
2282 780 2462 826 autem
2487 771 2700 842 judiees
2728 774 3014 846 episcopos
3032 816 3046 842 ,
3079 785 3138 834 ut
3163 775 3486 840 Africanum

1891 864 2023 920 dicit
2040 865 2353 922 concilium.
2385 885 2406 918 ι
2424 867 2507 922 Ab
2534 867 2623 924 illo
2641 870 2722 938 pri
2732 879 2875 928 mate
2893 879 3024 929 sunt
3043 870 3226 936 dandi,
3250 871 3306 928 in
3325 869 3490 942 etijus

1889 957 2167 1026 provincia
2198 973 2362 1016 causa
2386 969 2652 1018 versatur.
2687 960 2744 1018 Si
2770 972 2954 1022 autem
2979 978 3046 1024 ex
3075 965 3348 1024 communi
3371 965 3487 1036 pla-

1891 1048 2001 1104 cito
2031 1051 2420 1121 conquirentes
2443 1052 2654 1110 vicinos
2673 1052 2886 1123 judices
2909 1057 3196 1128 elegerint,
3227 1065 3321 1116 aut
3347 1074 3488 1118 unus

1890 1143 2143 1215 eligatur,
2192 1155 2288 1203 aut
2330 1155 2472 1213 tres;
2510 1159 2564 1206 et
2593 1149 2637 1204 si
2668 1157 2782 1206 tres
2814 1150 3099 1222 elegerint,
3125 1160 3219 1212 aut
3244 1153 3490 1214 omnium

1891 1238 2218 1294 sententiam
2242 1251 2563 1310 sequantur,
2597 1249 2692 1298 aut
2715 1243 2963 1300 duorum.
2997 1262 3018 1295 ι

1964 1327 2030 1384 Et
2052 1328 2492 1396 Chalcedonense
2518 1335 2810 1392 concilium
2843 1335 2978 1392 dicit
3009 1353 3023 1392 :
3062 1353 3084 1396 ι
3119 1334 3334 1406 Siquis
3367 1335 3485 1396 cle-

1895 1419 2042 1476 ricus
2073 1421 2335 1480 adversus
2377 1424 2636 1482 clericum
2674 1426 2842 1484 habet
2867 1427 3169 1497 negotium,
3197 1442 3306 1484 non
3337 1428 3496 1485 desco

1892 1519 1982 1565 rat
2004 1526 2320 1582 episcopum
2350 1517 2652 1586 proprium,
2685 1527 2741 1578 et
2789 1517 2856 1572 ad
2883 1517 3172 1582 saecularia
3201 1528 3496 1588 percurrat

1884 1600 2086 1671 judicia
2113 1622 2128 1669 ;
2180 1607 2273 1661 sed
2302 1608 2452 1677 prius
2481 1610 2624 1666 actio
2650 1610 2944 1665 ventiletur
2978 1610 3122 1680 apud
3160 1611 3489 1681 episcopum

1890 1696 2193 1766 preprium,
2221 1697 2308 1754 vel
2338 1709 2486 1755 certe
2517 1700 2744 1758 consilio
2784 1700 3026 1770 ejusdem
3057 1701 3318 1772 episcopi,
3350 1700 3492 1771 apud

188 1791 292 1855 sis,
317 1789 400 1846 vel
423 1789 490 1845 de
515 1790 937 1861 proprietatibus
965 1790 1313 1857 clericorum,
1344 1792 1633 1848 advocatos
1656 1791 1786 1846 dare
1827 1855 1865 1862 _
1891 1799 2028 1852 quos
2071 1795 2313 1859 utrasque
2360 1798 2542 1858 partes
2590 1790 2899 1858 voluerint,
2928 1791 3195 1862 judicium
3245 1789 3487 1854 contine—

187 1884 490 1946 secundutn
514 1884 964 1948 consuetudinem
985 1900 1090 1944 non
1124 1885 1431 1942 abnuimus.

269 1975 376 2033 Ubi
403 1986 584 2056 autem
615 1991 680 2034 ea
709 1977 986 2038 emendari
1014 1978 1269 2045 debeant,
1303 1993 1423 2050 quae
1449 1978 1683 2050 episcopi
1713 1977 1800 2034 vel

191 2069 384 2134 clerici
412 2069 464 2124 in
487 2069 861 2126 eriminalihus
886 2071 968 2130 vel
990 2070 1238 2128 civilibus
1265 2072 1628 2137 committunt,
1655 2071 1799 2142 leges

191 2161 485 2218 manifeste
507 2161 899 2227 demonstrant,
926 2164 1164 2230 dicentes
1183 2162 1365 2232 multis
1386 2164 1799 2222 decernentibus

192 2256 636 2330 imperatoribus.
663 2255 739 2312 Ex
765 2257 962 2328 quibus
984 2257 1234 2322 omnibus
1255 2257 1343 2313 hic
1371 2257 1542 2328 legem
1568 2257 1800 2313 Valenti-

189 2349 413 2406 nianiet
430 2347 672 2414 Valentis
690 2364 974 2419 ponemus,
999 2350 1090 2419 qui
1108 2351 1496 2408 decreverunt:
1530 2367 1547 2400 ι
1573 2347 1641 2406 Ut
1660 2349 1799 2408 ultra

189 2442 496 2514 provincia:
516 2443 776 2500 terminos
813 2441 1101 2499 accusandi
1130 2441 1344 2498 licentia
1369 2443 1737 2512 prohibeatur.
1773 2461 1793 2496 ι

274 2536 341 2591 Et
372 2536 498 2592 hinc
525 2551 741 2592 sacrum
778 2535 1204 2606 Carthaginense
1245 2535 1532 2591 concilium
1559 2534 1752 2590 statuit
1783 2551 1798 2588 :

197 2647 221 2681 ι
261 2627 641 2684 Utaccus‘atus
680 2638 735 2684 et
761 2637 1048 2684 accusator
1079 2629 1134 2683 in
1160 2643 1224 2684 eo
1262 2628 1378 2684 loco
1407 2629 1548 2683 unde
1589 2636 1675 2684 est
1713 2627 1801 2684 i‘llc

194 2721 296 2790 qui
320 2729 630 2785 accusatur,
671 2719 848 2775 locum
877 2719 979 2775 sibi
1013 2719 1176 2791 eligat
1203 2718 1528 2789 proximum,
1561 2733 1667 2788 quo
1693 2734 1798 2773 non

193 2812 274 2868 sit
303 2811 526 2874 difﬁcile
565 2820 729 2868 testes
756 2811 1071 2882 perducere,
1106 2812 1195 2866 ubi
1239 2825 1399 2866 causa
1441 2810 1658 2864 ﬁniatur
1689 2821 1737 2862 α.
1777 2827 1795 2860 ι

271 2905 342 2962 Ει
373 2907 504 2978 item
545 2903 691 2977 leges
735 2905 960 2960 dicunt:
998 2923 1015 2957 ι
1055 2903 1112 2959 Si
1143 2905 1266 2976 quis
1298 2904 1669 2959 adversarium
1706 2910 1802 2957 aut

196 2999 528 3070 repetitione
551 3005 644 3052 aut
664 2997 909 3054 criminis
931 2997 1235 3068 objectionc
1264 2995 1579 3067 pulsaverit,
1604 2995 1658 3048 in
1683 3010 1802 3064 pro-

196 3093 384 3164 vincia
410 3093 464 3147 in
492 3108 599 3163 qua
634 3092 886 3158 consistit
907 3091 994 3147 ille
1024 3091 1112 3161 qui
1144 3091 1410 3162 pulsatur,
1442 3103 1569 3146 suas
1587 3096 1802 3155 exerat,

201 3187 472 3252 actiones,
503 3201 604 3242 nec
647 3187 880 3242 aestimet
925 3186 1298 3242 adversarium
1337 3201 1492 3240 suum
1525 3184 1677 3250 alibi,
1708 3191 1804 3238 aut

198 3279 418 3349 longius
446 3281 512 3337 ad
536 3280 800 3350 judicium
829 3279 1275 3350 pertrahendum.
1300 3277 1393 3336 ille
1417 3294 1544 3338 vero
1565 3279 1658 3347 qui
1681 3277 1799 3348 pul-

199 3382 360 3432 satus
386 3372 570 3441 fuerit,
612 3374 658 3431 si
689 3373 930 3444 judicem
971 3381 1284 3445 suspectum
1333 3371 1606 3439 habuerit,
1638 3371 1801 3428 liceat

201 3467 508 3540 appellare.
558 3487 577 3520 ι

278 3561 350 3616 Et
379 3559 437 3618 S.
477 3559 824 3619 Innocentius
859 3562 930 3617 ad
951 3559 1271 3617 Victricium
1297 3559 1610 3631 episcopum
1639 3573 1653 3613 :
1686 3577 1706 3611 ι
1742 3555 1804 3614 Si

205 3670 352 3727 quae,
387 3655 584 3726 inquit,
613 3669 791 3711 causae
816 3653 902 3709 vel
954 3655 1332 3711 contentiones
1366 3654 1511 3710 inter
1552 3653 1803 3718 clericos,

207 3757 324 3804 tam
348 3746 648 3818 superioris
671 3745 896 3811 ordinis,
925 3761 1089 3816 quam
1117 3747 1281 3802 etiam
1307 3747 1578 3804 inferioris
1604 3744 1807 3802 fuerint

206 3849 438 3907 exortae,
481 3849 542 3895 ut
583 3839 879 3896 secundum
915 3841 1183 3911 synodum
1212 3839 1487 3896 Nicaeuam
1511 3855 1807 3912 congrega-

210 3937 287 3992 tis
308 3933 552 4006 ejusdem
573 3933 866 4004 provincite
886 3932 1176 4004 episcopis,
1189 3932 1430 4004 iurgium
1449 3935 1801 3999 terminetur;

211 4044 321 4089 nec
345 4028 505 4085 alicui
549 4027 727 4093 liceat,
772 4025 1280 4100 (sine_prmjudicio
1328 4034 1510 4082 tamen
1551 4026 1808 4082 Romamn

211 4123 492 4190 Ecclesiae,
541 4123 628 4180 cui
673 4123 728 4177 in
778 4121 1028 4178 omnibus
1078 4119 1258 4176 causis
1303 4119 1461 4176 debet
1505 4121 1808 4176 reverentia

212 4216 526 4288 custodiri),
553 4213 756 4271 relictis
775 4215 859 4269 his
890 4214 1264 4270 sacerdotibus
1280 4212 1371 4282 qui
1397 4211 1452 4265 in
1475 4213 1662 4269 eadem
1685 4226 1811 4282 pro-

215 4306 393 4362 vincia
423 4293 520 4362 De'i
548 4306 844 4362 Eeclesiam
868 4315 1002 4381 nutu
1028 4305 1211 4362 divino
1234 4305 1559 4375 gubernant,
1582 4305 1648 4357 ad
1673 4304 1810 4361 alias

217 4399 510 4457 convolare
533 4402 859 4471 provincias.
891 4399 1045 4468 Quod
1072 4400 1120 4455 si
1143 4399 1266 4471 quis
1289 4399 1432 4454 forte
1455 4413 1812 4468 praesumpse-

220 4491 316 4558 rit,
354 4501 409 4546 et
442 4493 508 4546 ab
539 4491 718 4548 ofﬁcio
747 4492 880 4548 cieri
910 4493 1212 4558 submotus,
1244 4500 1301 4546 et
1325 4490 1650 4561 injuriarum
1690 4503 1815 4545 reus

1827 1855 1870 1915 Β
1901 1879 2057 1935 bunt.
2087 1879 2144 1935 Si
2172 1855 2295 1950 quis
2323 1855 2506 1939 autem
2535 1892 2732 1954 praeter
2747 1885 2862 1940 haec
2883 1855 3096 1949 fecerit,
3122 1882 3348 1950 canonis
3376 1897 3491 1944 cor-

1903 1975 2234 2032 rectionibus
2260 1976 2561 2046 subjacebit
2588 1994 2634 2032 ιτ.
2675 1999 2694 2033 ι

1974 2068 2043 2122 Ει
2063 2068 2120 2122 S.
2144 2067 2442 2140 Gregorius
2454 2086 2521 2126 ex
2547 2071 2757 2144 legibus
2775 2081 2830 2128 et
2852 2074 3026 2130 sacris
3037 2072 3336 2130 canouibus
3363 2085 3496 2130 cons

1903 2160 2080 2218 stituit
2107 2161 2353 2218 scribens
2377 2164 2446 2222 ad
2471 2164 2833 2230 Bonifacium,
2859 2165 3202 2224 defensorem
3230 2165 3496 2231 Corsicae.

1902 2263 1956 2310 et
1990 2257 2140 2312 vices
2189 2265 2440 2327 agentem
2465 2257 2778 2329 apostolicae
2809 2258 2977 2325 sedis,
3007 2274 3144 2329 quas
3171 2259 3226 2314 in
3257 2257 3379 2314 istis
3407 2272 3496 2313 re-

1903 2347 2154 2419 gionibus
2182 2348 2443 2418 primates
2471 2350 2874 2420 provinciarum
2925 2359 3110 2408 tenent
3143 2369 3154 2404 :
3193 2367 3214 2403 ι
3253 2349 3313 2405 Si
3344 2349 3492 2420 quis.

1903 2439 2099 2511 inquit,
2130 2451 2320 2498 contra
2339 2443 2599 2499 clericum
2620 2459 2842 2504 causam
2872 2444 3143 2510 habuerit,
3170 2444 3494 2514 episcopum

1903 2531 2076 2602 ipsius
2102 2535 2279 2590 adeat.
2309 2535 2413 2602 Qui
2438 2536 2482 2591 si
2515 2535 2657 2592 forte
2685 2544 2971 2606 suspectus
2992 2534 3175 2603 fuerit,
3204 2545 3496 2592 exsecutor

1908 2626 1996 2680 vel
2026 2626 2094 2682 ab
2123 2625 2263 2695 ipso,
2296 2626 2405 2692 vel,
2429 2626 2476 2681 si
2505 2627 2687 2684 ethoc
2717 2636 2870 2684 actor
2897 2626 3178 2698 refugerit,
3201 2642 3232 2681 a
3280 2634 3372 2684 tua
3413 2631 3502 2686 est

1903 2719 2239 2788 experientia
2279 2717 2643 2789 deputandus,
2670 2720 2763 2790 qui
2794 2728 2979 2790 partes
3003 2721 3105 2776 sibi
3139 2727 3330 2778 mutuo
3357 2733 3490 2776 con-

1905 2826 2066 2866 sensu
2108 2810 2318 2880 judices
2342 2813 2634 2883 compellat
2681 2813 2905 2884 eligere,
2933 2829 2962 2868 a
2992 2812 3192 2884 quibus
3222 2810 3492 2882 quidquid

1907 2905 2070 2961 fuerit
2109 2905 2418 2971 deﬁnitum,
2453 2906 2526 2960 ita
2569 2906 2656 2962 vel
2689 2915 2799 2970 tua,
2833 2905 2918 2960 vel
2967 2904 3204 2975 episcopi
3231 2901 3498 2960 sollicitu—

1907 2999 2050 3066 dine,
2080 3006 2297 3055 servata
2343 2999 2484 3068 lege,
2520 2998 2697 3056 modis
2747 2998 2999 3056 omnibus
3043 2997 3397 3068 compleatur,
3431 3002 3496 3051 ut

1907 3107 2016 3148 non
2053 3093 2127 3149 sit
2157 3092 2299 3147 unde
2329 3091 2540 3163 possint
2587 3090 2776 3163 litigiis
2821 3089 3060 3162 fatigari.
3101 3107 3122 3144 ι
3154 3088 3293 3145 Etsi
3322 3087 3498 3144 laicus

1911 3195 2098 3242 contra
2129 3187 2442 3258 episcopum
2476 3185 2716 3251 civilem,
2745 3184 2798 3240 id
2841 3193 2923 3240 est
2947 3183 3320 3254 pecuniariam
3367 3196 3502 3237 cau-

1909 3295 2027 3336 sam
2075 3280 2350 3345 habuerit,
2377 3279 2666 3349 episcopus
2706 3276 2988 3333 admoneri
3016 3275 3099 3331 vel
3131 3272 3381 3343 compelli
3429 3273 3500 3327 ab

1908 3376 1994 3432 his
2019 3390 2251 3445 quorum
2275 3374 2505 3429 interest
2532 3373 2724 3436 debet;
2757 3369 3011 3425 similiter
3035 3379 3090 3424 et
3109 3367 3281 3423 laicus
3309 3365 3500 3422 admo-

1909 3468 2024 3523 neri
2052 3466 2135 3522 vel
2152 3465 2400 3538 compelli
2427 3464 2587 3521 debet
2614 3479 2646 3518 a
2678 3460 2990 3532 reipublicae
3013 3466 3303 3532 potestate,
3330 3465 3392 3513 ιιι
3418 3456 3490 3512 ad

1909 3558 2222 3626 arbitrium,
2254 3559 2310 3614 id
2340 3564 2424 3615 est
2453 3557 2522 3612 ad
2539 3554 2806 3626 judicium
2834 3567 2904 3610 ex
2934 3560 3164 3622 utraque
3194 3559 3356 3622 parte
3379 3547 3496 3606 ele-

1911 3662 2124 3710 ctorum
2165 3653 2413 3724 judicum
2460 3651 2706 3716 veniant,
2736 3658 2798 3706 et
2843 3661 3036 3703 eorum
3079 3643 3286 3714 judicio
3335 3655 3504 3699 causa

1913 3747 2154 3802 ﬁniatur.

1985 3839 2138 3894 Sicut
2172 3836 2242 3892 ad
2267 3835 2539 3892 Malchum
2582 3834 2898 3904 episcopum
2943 3831 3090 3887 idem
3114 3830 3172 3887 S.
3209 3826 3506 3900 Gregorius

1913 3948 1982 3989 ex
2011 3931 2223 4002 legibus
2264 3936 2321 3985 et
2367 3927 2538 3984 sacris
2584 3926 2789 3999 regulis
2833 3923 3078 3980 scribens
3121 3921 3502 3977 demonstrat:

1919 4043 1940 4079 ι
1979 4025 2254 4080 Praeterea
2279 4063 2296 4089 ,
2327 4021 2548 4092 inquit,
2595 4017 2996 4075 fraternitatem
3049 4023 3196 4070 tuam
3249 4011 3506 4084 praesenti

1915 4119 2280 4193 praeceptione
2304 4116 2620 4173 curavimus
2634 4111 3050 4176 admonendam,
3076 4117 3136 4164 ιιι
3165 4106 3506 4178 Stephanum

1917 4215 2230 4285 episcopum
2250 4211 2319 4267 ad
2339 4208 2647 4280 eligendum
2677 4203 2969 4278 compellas
2997 4201 3183 4259 venire
3203 4197 3503 4268 judicium:

1918 4318 1974 4364 et
2008 4307 2270 4379 quidquid
2318 4305 2460 4361 inter
2486 4302 2805 4374 praedictum
2849 4298 3111 4354 Joannem
3157 4295 3336 4351 virum
3384 4307 3504 4346 ma-

1921 4401 2202 4470 gnificum,
2225 4406 2282 4454 et
2309 4396 2680 4468 supradictum
2708 4393 3046 4464 episcopum,
3071 4387 3366 4444 electorum
3388 4381 3507 4437 fue-

1924 4493 1996 4548 rit
2024 4492 2296 4550 sententia
2338 4487 2647 4553 diﬁnitum,
2680 4485 2751 4540 ad
2791 4482 3042 4540 effectum
3071 4478 3368 4550 perducere
3397 4487 3507 4529 non

218 4584 292 4643 ab
335 4586 586 4642 omnibus
623 4587 916 4657 judicetur.
962 4585 1021 4644 Si
1050 4597 1230 4644 autem
1261 4588 1495 4661 majores
1539 4603 1720 4643 causa:
1759 4587 1813 4641 in
1845 4613 1900 4674 Β
1924 4587 2162 4643 omittat.

221 4677 404 4736 medio
428 4677 630 4734 fuerint
657 4679 946 4744 devolutze,
975 4681 1044 4734 ad
1070 4680 1253 4736 sedem
1281 4681 1653 4752 apostolicam,
1680 4681 1818 4735 sicut

217 4774 460 4846 synodus
483 4774 690 4839 statuit,
721 4783 775 4828 et
810 4781 964 4828 vetus
997 4776 1332 4828 consuetudo
1358 4776 1547 4844 exigit,
1575 4785 1699 4844 post
1722 4773 1814 4844 ju-

220 4865 425 4922 dicium
467 4865 773 4936 episcopale
815 4864 1102 4920 referatur.
1140 4883 1158 4914 ι
1199 4863 1351 4919 Unde
1391 4866 1816 4935 Carthaginiense

219 4958 360 5015 dicit
384 4959 672 5016 concilium
707 4976 721 5012 :
758 4977 778 5011 ι
817 4957 885 5014 Ut
913 4973 943 5012 a
983 4957 1394 5027 quibuscunque
1423 4956 1696 5025 judicibus
1724 4973 1814 5013 ec-

219 5055 548 5114 clesiasticis
577 5057 643 5112 ad
673 5055 807 5111 alios
830 5054 1040 5123 judiees
1068 5053 1490 5117 ecclesiasticos,
1516 5054 1604 5108 ubi
1640 5052 1812 5122 major

218 5155 662 5217 estauctoritas,
719 5150 883 5206 fuerit
935 5157 1305 5220 provocatum,
1354 5163 1458 5201 non
1509 5147 1588 5201 eis
1644 5148 1810 5212 obsit,

221 5263 459 5318 quorum
492 5247 654 5302 fuerit
695 5245 871 5301 soluta
904 5245 1194 5310 sententia,
1227 5245 1271 5299 si
1301 5244 1547 5299 convinci
1584 5260 1687 5298 non
1719 5260 1812 5313 po-

221 5340 431 5396 tuerint
459 5340 541 5396 vel
575 5339 791 5393 inimico
813 5336 1305 5405 animojudieasse,
1337 5336 1417 5390 vel
1453 5336 1630 5405 aliqua
1655 5336 1809 5406 cupi-

221 5434 396 5490 ditate
423 5443 514 5488 aut
537 5434 709 5505 gratia
735 5431 1038 5502 depravari.
1063 5431 1204 5486 Sane
1233 5432 1274 5486 si
1300 5445 1364 5485 ex
1389 5446 1656 5485 consensu
1682 5446 1809 5500 par-

223 5527 365 5582 tium
394 5527 551 5582 electi
585 5527 782 5582 fuerint
817 5524 1044 5594 judiccs,
1072 5525 1231 5578 etiam
1265 5540 1293 5576 a
1323 5523 1561 5592 pauciorl
1589 5538 1817 5580 numero

226 5622 374 5690 quod
396 5621 748 5676 constitutum
779 5628 881 5684 est,
909 5634 1013 5672 non
1041 5616 1200 5672 liceat
1224 5617 1507 5686 provocari
1539 5616 1590 5670 δι
1623 5635 1641 5668 ι
1675 5615 1818 5685 Qua-

228 5712 354 5767 liter
381 5721 560 5766 autem
586 5712 847 5767 sententia
885 5709 1027 5766 ﬁniri
1055 5708 1268 5774 debeat,
1299 5707 1445 5779 leges
1472 5715 1528 5764 et
1557 5708 1700 5764 sacri
1727 5723 1818 5766 ca-

303 5841 329 5868 δι
357 5827 521 5882 Cone.
553 5825 745 5892 Afric.,
772 5840 891 5879 can.
920 5824 1006 5880 50.

310 5899 336 5937 ι’
370 5898 531 5954 Cone.
562 5898 840 5967 Carthag,
874 5911 958 5954 an.
992 5897 1116 5964 597,
1147 5895 1368 5970 can.le

1995 4682 2064 4736 Et
2093 4681 2219 4735 hinc
2268 4677 2416 4748 leges
2448 4689 2586 4745 quas
2609 4678 2792 4728 servat
2814 4666 3059 4724 Ecclesia
3085 4664 3292 4728 dicunt,
3320 4661 3512 4716 obser~

1922 4791 2050 4830 vare
2081 4781 2260 4827 autem
2289 4768 2598 4840 specialiter
2623 4766 2834 4836 judices
2864 4763 3063 4817 debent
3095 4773 3110 4813 :
3147 4777 3166 4810 ι
3199 4755 3270 4812 Ut
3300 4757 3353 4809 in
3394 4769 3507 4807 om-

1921 4871 2082 4924 nibus
2111 4865 2290 4920 causis
2325 4863 2592 4919 sententia
2621 4875 2741 4930 quae
2770 4857 3066 4912 deliberata
3106 4849 3268 4906 fuerit
3300 4843 3508 4901 consti-

1919 4963 2052 5016 tutis
2079 4959 2289 5030 pariter
2327 4955 2573 5027 partibus
2603 4951 2901 5013 recitetur;
2938 4953 3000 5000 ut
3024 4945 3093 5000 ab
3119 4942 3204 4996 his
3242 4955 3274 4994 ιι
3309 4937 3509 5007 quibus

1923 5070 2087 5112 causa
2118 5054 2262 5109 dicta
2317 5061 2420 5116 est,
2452 5050 2519 5106 ad
2558 5050 2830 5119 integrum
2859 5056 2980 5112 quae
3019 5038 3159 5094 dicta
3191 5033 3356 5089 fuerit
3383 5046 3508 5086 sen-

1923 5146 2088 5200 tentia
2115 5150 2495 5216 cognoscatur,
2512 5149 2566 5197 et
2587 5138 2848 5210 quidquid
2873 5129 3232 5207 praesentibus
3257 5124 3508 5198 partibus

1923 5242 1976 5296 in
2006 5242 2186 5297 causis
2213 5239 2374 5294 fuerit
2404 5238 2736 5300 ordinatum,
2767 5230 2987 5288 habebit
3013 5224 3384 5298 plenissimam
3416 5222 3509 5274 ﬁre

1923 5338 2188 5403 mitatem,
2223 5353 2321 5392 nec
2350 5335 2550 5405 poterit
2583 5330 2884 5387 immutari.
2926 5349 2945 5382 ι

1993 5431 2061 5486 Ει
2110 5430 2238 5500 quia
2267 5429 2642 5497 imperatores,
2672 5425 2762 5496 qui
2816 5438 2913 5478 suo
2943 5429 3184 5489 tempore
3234 5411 3394 5468 fuerit
3442 5409 3510 5464 de

1925 5521 2254 5596 pecuniariis
2283 5519 2464 5574 causis
2499 5516 2929 5573 ecclesiasticum
2960 5510 3288 5573 ministrum,
3320 5511 3376 5558 et
3405 5501 3511 5555 rci-

1922 5617 2153 5688 publica:
2181 5609 2902 5678 administrantem,judices
2927 5607 2994 5663 ad
3017 5617 3239 5662 causam
3265 5600 3332 5656 de
3357 5610 3512 5654 accu-

1923 5720 2045 5771 sato
2074 5710 2346 5782 episcopo,
2381 5709 2526 5763 sicut
2552 5705 2700 5776 leges
2749 5714 2805 5762 et
2833 5716 3074 5761 canones
3097 5699 3309 5774 jubent,
3337 5695 3508 5766 depu-

1998 5839 2020 5867 c
2063 5825 2226 5881 Cone.
2258 5821 2609 5888 Chalcedon.,
2641 5835 2762 5876 can.
2793 5818 2843 5874 ’).
