4010 6330
525 411 666 470 {065

1329 401 1664 460 HINCMARI
1704 400 1920 458 RHEM.
1958 394 2278 457 ARCHIEP.
2315 390 2683 452 OPUSCULA
2724 389 2954 448 VARIA.

3697 391 3844 446 ωδι

525 535 802 592 taverunt,
823 525 884 580 Β.
916 520 1213 593 Gregorius
1237 519 1294 574 in
1319 518 1550 591 epistola
1580 516 1842 574 decretali
1864 516 1932 572 ad
1953 513 2120 571 Joan-
2147 514 2201 576 Α
2225 506 2469 573 obedire,
2496 505 2742 560 Africani
2789 502 3005 560 concilii
3043 501 3308 573 judicium
3362 499 3700 568 sustinebit,
3734 518 3846 572 quo

525 637 649 677 nem
705 618 1018 688 episcopum
1073 611 1399 668 Larissa’um
1457 611 1798 666 demonstrat
1858 608 2045 664 dicens
2095 621 2111 660 :

532 730 552 764 ς
587 712 833 780 Cumque
856 713 1105 777 porrecta
1135 701 1425 773 appellatio
1456 716 1555 771 per
1577 700 1824 756 homines
1852 697 2111 754 Hadriani

528 803 792 875 episc0pi,
817 806 1121 867 caeteraque
1151 811 1272 866 quae
1303 809 1471 867 penes
1493 803 1547 850 te
1572 802 1725 865 gesta
1755 801 1904 859 sunt,
1935 791 2116 863 piissi-

527 900 632 953 mis
687 895 916 950 fuissent
966 892 1255 962 deportata
1302 887 1660 960 principibus,
1712 885 2009 956 deputatis,
2058 893 2119 940 ut

526 988 800 1052 diximus,
835 984 1115 1040 Honoran
1171 980 1480 1053 apostolicae
1545 979 1690 1034 sedis
1741 977 2007 1040 diacono,
2062 982 2119 1030 et

527 1078 849 1135 Sebastiano
875 1076 1112 1148 glorioso
1161 1073 1543 1142 antigrapheo,
1569 1071 1894 1140 cunctisque
1939 1069 2118 1124 subti-

523 1171 649 1227 liter
678 1169 1024 1232 examinatis,
1058 1182 1088 1221 a
1121 1165 1488 1222 serenissimis
1529 1163 1866 1235 principibus
1894 1169 2020 1218 sunt
2047 1160 2119 1217 ab

523 1262 778 1320 omnibus
802 1259 1139 1329 iussionibus
1175 1256 1429 1312 absoluti.
1470 1274 1490 1306 ι

596 1357 753 1414 Unde
771 1356 920 1427 leges
939 1370 1076 1425 quas
1099 1355 1295 1424 probat
1316 1353 1559 1409 Ecclesia
1589 1367 1604 1406 :
1634 1370 1653 1404 ‹
1685 1352 1818 1419 Res,
1844 1350 2116 1421 inquiunt,

520 1449 774 1523 iudicatae
813 1447 1069 1501 videntur
1095 1446 1165 1502 ab
1209 1446 1296 1501 his
1326 1446 1420 1516 qui
1450 1445 1737 1516 imperium
1769 1449 2120 1513 potestatem-

525 1559 632 1615 que
660 1543 882 1608 habent,
911 1540 998 1595 vel
1023 1541 1116 1611 qui
1147 1554 1215 1595 ex
1247 1539 1572 1596 auctoritate
1598 1553 1790 1594 eorum
1822 1538 1965 1592 inter
1994 1549 2120 1605 par-

524 1643 610 1692 tes
639 1635 855 1692 dantur.
895 1653 913 1687 ι

593 1727 662 1782 Et
708 1714 1028 1792 notandum,
1061 1733 1121 1780 ut
1159 1725 1547 1796 praemisimus,
1576 1723 1831 1793 quoniam
1879 1722 2117 1791 impera-

522 1830 672 1878 tores
693 1821 842 1893 leges
871 1819 1053 1876 saaculi
1079 1827 1134 1874 et
1162 1818 1418 1874 Ecclesiae
1452 1825 1859 1880 conservantes,
1889 1813 1956 1868 ad
1990 1828 2118 1868 cau-

2218 599 2456 655 dicitur:
2493 618 2512 651 ‹
2548 598 2595 653 Α
2614 597 2892 668 iudicibus
2921 605 3016 651 aut
3044 610 3180 666 quos
3231 595 3538 651 communis
3587 611 3848 652 consen-

2219 707 2313 749 sus
2341 691 2586 762 elegerit,
2618 706 2726 746 non
2754 690 2916 746 liceat
2958 689 3286 760 provocari;
3317 695 3372 744 et
3414 689 3692 760 quisquis
3723 705 3852 759 preo

2217 787 2380 843 batus
2410 785 2577 839 fuerit
2597 801 2696 856 pro
2725 782 3070 840 contumacia
3101 780 3245 838 nolle
3265 782 3672 852 obtemperare
3702 779 3849 848 judi-

2220 880 2396 945 cibus,
2429 894 2554 937 cum
2585 879 2691 935 hoc
2716 879 2908 950 primae
2953 877 3100 933 sedis
3123 877 3379 947 episcopo
3413 873 3589 930 fuerit.
3637 875 3846 945 proba-

2223 978 2357 1037 tum,
2396 971 2486 1026 det
2527 970 2740 1026 litteras
2771 977 2832 1024 ut
2880 967 3062 1026 nullus
3089 969 3140 1025 ei
3187 968 3556 1024 communicet
3615 967 3846 1037 episeo-

2221 1081 2434 1138 porum,
2469 1068 2643 1122 donec
2663 1067 3005 1137 obtemperet
3039 1078 3088 1119 α.
3128 1083 3148 1116 ι
3190 1063 3258 1119 Et
3282 1064 3328 1119 si
3361 1062 3539 1118 laicus
3571 1077 3848 1132 quarens

2225 1169 2416 1216 contra
2444 1160 2759 1232 episcopum
2788 1157 3029 1215 noluerit
3053 1157 3275 1214 obedire
3292 1155 3602 1226 iudicibus,
3628 1170 3670 1208 ι
3699 1154 3850 1224 prin-

2225 1253 2344 1323 cipe
2371 1252 2706 1322 reipublicae,
2743 1259 2802 1306 et
2823 1251 3091 1308 Ecclesiae
3121 1259 3304 1306 tutore
3326 1264 3394 1305 ac
3418 1247 3764 1314 defensore,
3793 1256 3846 1302 et

2223 1346 2374 1417 regia
2408 1345 2748 1417 benignitate
2777 1352 3303 1417 protectore.........

2293 1441 2354 1496 ln
2392 1440 2645 1512 capitulis
2694 1440 3071 1511 imperialibus
3101 1440 3364 1511 scriptum
3407 1446 3520 1504 est,
3551 1435 3715 1493 libro
3761 1451 3841 1493 se-

2223 1532 2401 1587 cundo
2448 1548 2460 1585 :
2503 1549 2522 1583 c
2558 1531 2637 1587 De
2665 1531 2751 1586 his
2801 1532 2891 1602 qui
2926 1531 3124 1603 injuste
3171 1545 3334 1602 super
3376 1530 3519 1585 alios
3579 1528 3840 1599 querelas

2221 1627 2427 1682 faciunt
2460 1645 2474 1680 :
2503 1635 2565 1681 ut
2604 1627 2650 1682 si
2686 1624 2813 1681 inde
2859 1626 3094 1682 convicti
3141 1624 3368 1689 fuerint,
3400 1631 3646 1694 propter
3693 1623 3836 1677 illam

2222 1720 2551 1778 calumniam
2576 1720 2880 1777 secundum
2907 1720 3084 1793 legem
3105 1730 3162 1776 et
3189 1720 3514 1790 aequitatem
3558 1718 3834 1788 iustitiam

2223 1815 2474 1870 reddant.
2515 1833 2534 1867 ι

524 1928 641 1969 sam
683 1913 1074 1984 pecuniariam,
1109 1911 1163 1967 id
1202 1919 1287 1966 est
1333 1909 1570 1974 civilem,
1603 1909 1748 1964 inter
1797 1907 2111 1978 episcopum
2144 1895 2191 1954 Β
2293 1909 2357 1964 Et
2389 1908 2516 1963 hinc
2545 1907 2685 1962 libro
2714 1907 2879 1963 tertio
2919 1907 3183 1979 scriptum
3230 1905 3516 1962 habetur:
3555 1924 3579 1957 ‹
3622 1904 3709 1960 De
3753 1906 3834 1959 his

522 2011 580 2058 et
626 2001 913 2058 saeculares
960 2000 1389 2072 investigandam
1447 2017 1511 2057 ac
1549 1999 1946 2064 diﬁinieudam,
1982 2013 2108 2053 cum

524 2097 774 2152 ministro
826 2095 1202 2150 ecclesiastico
1262 2094 1735 2149 administrantem
1799 2092 2112 2162 reipublicm

523 2189 872 2259 deputarunt.
924 2187 983 2242 Si
1021 2203 1152 2242 vero
1203 2187 1490 2258 episc0pus
1539 2195 1633 2241 aut
1677 2185 1969 2249 veraciter,
2018 2192 2114 2238 aut

523 2279 774 2336 simulata
806 2278 1142 2343 inﬁrmitate,
1189 2287 1282 2334 aut
1313 2278 1415 2332 alia
1446 2277 1688 2347 qualibet
1737 2277 2029 2333 occasione
2052 2291 2112 2332 se

523 2371 724 2427 dixerit
750 2387 857 2426 non
884 2385 1045 2442 posse
1073 2370 1260 2425 venire
1288 2371 1355 2425 ad
1382 2370 1672 2441 synodum,
1697 2377 1793 2425 aut
1815 2369 1884 2424 ad
1913 2368 2112 2425 electa

523 2479 645 2519 rum
689 2462 953 2534 judicium
1000 2473 1187 2518 contra
1235 2461 1525 2516 adversum
1568 2474 1629 2516 se
1673 2461 2109 2531 conquirentem,

521 2557 686 2629 eligat
713 2555 817 2611 sibi
841 2555 1071 2627 iudices,
1101 2565 1196 2610 aut
1229 2555 1514 2624 deputatos
1562 2555 1844 2625 suscipiat,
1878 2555 2018 2610 sicut
2043 2569 2112 2608 ex

519 2646 732 2720 legibus
754 2656 811 2702 et
857 2645 1060 2718 regulis
1089 2646 1261 2701 sacris
1287 2646 1682 2716 praemisimus;
1713 2654 1769 2701 et
1809 2646 1987 2700 mittat
2013 2660 2112 2714 pro

522 2755 584 2797 se
608 2755 895 2811 personam
931 2741 1258 2795 instructam
1291 2740 1360 2794 ad
1409 2740 1613 2804 locum,
1644 2748 1700 2795 et
1745 2739 1888 2796 diem
1941 2739 2111 2794 desti—

526 2839 739 2896 natum,
767 2847 887 2901 qua:
912 2831 1319 2887 exsecutionem
1363 2822 1418 2885 et
1449 2829 1822 2886 diﬁinitionem
1869 2829 2114 2900 legaliter

522 2932 579 2980 et
625 2926 949 2996 regulariter
979 2925 1046 2980 ad
1094 2939 1258 2980 voces
1303 2923 1450 2979 illius
1483 2924 1534 2978 in
1566 2924 1865 2979 electorum
1908 2922 2113 2991 iudicio

521 3026 913 3086 prosequatur;
944 3026 1000 3071 et
1025 3016 1168 3086 quod
1200 3014 1698 3070 fueritexsecutum
1719 3030 1783 3068 ac
1804 3015 2111 3078 diﬂinitum,

521 3109 784 3176 suscipiat
828 3108 1272 3172 observandum,
1328 3109 1470 3162 sicut
1521 3106 1722 3176 regula:
1773 3122 1838 3162 ac
1895 3107 2113 3162 decreta

523 3207 724 3253 sancta-
755 3197 899 3252 sedis
930 3196 1188 3252 Romana:
1238 3197 1577 3267 pontiﬁcum,
1613 3197 1709 3252 sed
1739 3206 1793 3252 et
1821 3196 1878 3254 S.
1910 3197 2113 3278 Grego-

2219 2001 2311 2072 qui
2341 2017 2566 2057 causam
2591 1999 2890 2069 iudicatam
2938 2009 3187 2072 repetere
3230 2009 3598 2070 praesumunt,
3643 1999 3747 2054 sed
3785 2006 3838 2053 e'.

2217 2094 2285 2149 de
2308 2095 2393 2150 bis
2430 2096 2522 2165 qui
2553 2094 2729 2168 legem
2777 2097 3072 2152 observare
3119 2095 3573 2164 contempserint,
3627 2105 3694 2149 ut
3743 2109 3837 2164 per

2222 2183 2576 2257 ﬁdeiussores
2605 2178 2672 2242 ad
2701 2189 3046 2258 praesentiam
3078 2190 3222 2260 regis
3259 2186 3624 2243 deducantur.
3663 2205 3688 2238 ι

2296 2276 2373 2332 De
2401 2279 2487 2334 his
2514 2293 2647 2334 vero
2675 2279 2768 2350 qui
2799 2279 3064 2335 Romanis
3087 2279 3297 2350 legibus
3333 2278 3689 2348 iudicantur,
3740 2279 3832 2332 dve-

2226 2377 2436 2426 cretum
2463 2379 2546 2426 est
2580 2387 2594 2424 :
2629 2388 2648 2422 ‹
2688 2370 2760 2425 Ut
2783 2372 2872 2441 qui
2896 2387 2994 2441 per
3031 2371 3360 2426 calumniam
3396 2369 3622 2441 injuria:
3659 2371 3831 2424 aetio-

2215 2475 2339 2516 nem
2367 2461 2622 2527 instituit,
2651 2471 2807 2517 extra
2838 2463 3087 2518 ordinem
3117 2463 3404 2533 puniatur;
3451 2476 3655 2516 omnes
3687 2460 3828 2514 enim

2221 2554 2648 2611 calumniatores
2670 2538 2845 2610 exsilii
2865 2555 2949 2611 vel
2977 2555 3166 2610 insulae
3181 2554 3523 2620 relegatione
3576 2563 3669 2607 aut
3689 2552 3830 2608 ordi-

2231 2649 2315 2704 nis
2344 2644 2640 2704 amissione
2663 2649 2840 2720 puniri
2873 2649 3126 2719 placuit.»

2287 2740 2458 2812 Regia
2497 2741 2659 2812 igitur
2703 2741 3031 2806 sollicitudo,
3067 2757 3095 2795 a
3129 2741 3275 2811 Rege
3308 2757 3507 2813 regum
3544 2751 3603 2796 et
3627 2739 3824 2809 aequia-

2215 2831 2354 2887 simo
2396 2832 2580 2902 judice
2618 2833 2748 2897 Deo,
2783 2841 2843 2886 ut
2883 2834 2949 2887 in'
2978 2833 3276 2888 directione
3323 2834 3514 2888 cordis
3551 2829 3820 2898 judicium

2210 2924 2498 2996 iudicetur,
2540 2927 2856 2993 constituta,
2895 2927 3118 2999 provide
3153 2927 3500 2998 solliciteque
3521 2925 3812 2997 providere

2218 3017 2395 3082 debet,
2427 3027 2484 3072 ut
2509 3016 2643 3072 tales
2665 3016 2880 3086 iudices
2903 3035 3026 3074 cum
3047 3020 3316 3090 episcopis
3335 3019 3402 3074 ad
3427 3033 3653 3073 causam
3683 3016 3824 3070 inter

2217 3109 2623 3166 ecclesiasticos
2683 3120 2738 3167 et
2784 3112 3074 3168 saeculares
3137 3113 3505 3168 dirimendam
3556 3111 3722 3183 eligat
3775 3119 3828 3163 et

2223 3201 2546 3266 constituat,
2576 3201 2669 3271 qui
2702 3202 2940 3274 religiosi
2987 3202 3115 3269 sint,
3157 3211 3215 3258 et
3245 3202 3538 3257 Dominum
3577 3201 3821 3264 timeant,

523 3289 638 3344 rius
669 3289 966 3359 saepissime
995 3289 1048 3344 in
1075 3289 1318 3360 epistolis
1351 3289 1464 3345 suis
1489 3303 1555 3345 ex
1584 3288 1797 3360 legibus
1827 3299 1884 3347 et
1913 3273 2113 3361 regulis
2142 3268 2187 3332 Ο
2220 3300 2274 3347 et
2302 3307 2412 3347 non
2437 3293 2682 3349 muneris
2706 3295 2952 3363 prazmio,
2985 3309 3093 3349 non
3131 3294 3355 3359 favoris,
3386 3292 3473 3348 vel
3508 3293 3826 3362 propinqui-

523 3383 697 3438 sacris
724 3382 991 3453 agendum
1023 3381 1378 3437 demonstrat.

595 3474 674 3528 Ex
723 3473 923 3544 quibus
955 3489 1121 3528 unum
1161 3475 1228 3528 de
1257 3473 1503 3542 pluribus
1548 3475 1638 3529 hic
1681 3473 1828 3529 beati
1872 3474 2117 3544 Gregorii

524 3565 801 3621 decretum
847 3580 1052 3635 ponere
1087 3565 1298 3629 censui,
1330 3565 1474 3634 quod
1511 3565 1578 3618 ad
1608 3565 1966 3620 Fortunatum
1997 3568 2116 3637 epi-

523 3670 746 3726 scopum
799 3657 1045 3711 scribens
1104 3675 1116 3710 :
1176 3675 1194 3706 ‹
1255 3656 1694 3722 Fraternitatem,
1739 3658 1934 3727 inquit,
1969 3668 2114 3713 tuam

522 3746 608 3804 his
642 3748 926 3804 hortamur
979 3749 1254 3814 aliatibus,
1286 3757 1345 3804 ut
1390 3761 1641 3805 cessante
1689 3750 1842 3806 omni
1882 3766 2112 3805 excusa-

521 3841 692 3906 tione,
731 3856 1022 3913 personam
1081 3842 1188 3897 huc
1234 3842 1557 3898 instructam
1617 3845 1719 3899 sub
1769 3843 2116 3900 festinatione

523 3936 883 4002 transmittas,
916 3953 1036 4008 quae
1081 3947 1176 3992 aut
1200 3937 1256 3992 in
1283 3937 1605 4003 electorum,
1633 3948 1728 3992 aut
1757 3949 1908 3994 certe
1932 3939 1984 3992 in
2020 3939 2114 3993 de-

520 4038 835 4101 putatorum
861 4047 892 4084 a
923 4031 1080 4086 nobis
1121 4031 1346 4102 judicio,
1378 4032 1422 4087 si
1451 4048 1556 4102 qua
1593 4047 1693 4102 pro
1722 4033 1832 4088 tuis
1860 4032 2112 4103 partibus

522 4134 668 4190 sunt,
698 4140 880 4195 agere,
904 4134 959 4180 et
981 4126 1420 4182 adversariorum
1452 4127 1847 4183 intentionibus
1873 4143 1938 4184 ac
1967 4127 2116 4197 obie-

524 4215 624 4270 ctis
645 4215 824 4270 valeat
842 4230 941 4286 per
965 4216 1146 4272 omnia
1181 4217 1529 4286 respondere,
1545 4225 1608 4272 ut
1620 4217 1851 4273 veritate
1870 4219 2110 4289 cognita,

523 4307 796 4364 salubrem
827 4308 917 4364 hic
947 4309 1110 4364 ﬁnem
1141 4311 1426 4380 suscipiat.
1478 4329 1498 4363 ι

595 4399 662 4454 Ει
688 4399 744 4453 in
787 4399 1013 4469 epistola
1057 4401 1124 4456 ad
1175 4399 1422 4471 Sergium
1460 4400 1800 4459 defensorem
1849 4405 2107 4475 Siponti:

529 4506 549 4540 ι
581 4489 943 4559 Experientiaa
972 4499 1075 4544 tute
1100 4493 1354 4560 praesenti
1383 4493 1712 4549 auctoritate
1741 4497 2106 4564 praecipimus,

524 4590 584 4634 ut
632 4579 1062 4635 FruniscendIIm
1113 4581 1406 4637 admonere
1455 4584 1704 4650 studeat,
1746 4597 2016 4653 quatenus
2063 4586 2109 4639 si

2222 3384 2372 3450 tatis,
2402 3392 2500 3439 aut
2528 3383 2784 3440 amicitiae
2808 3386 2998 3456 gratia,
3050 3400 3157 3440 non
3188 3385 3444 3440 indebita:
3471 3382 3824 3454 subiectionis

2218 3475 2504 3544 obsequio,
2542 3491 2651 3531 non
2684 3476 2909 3532 alterius
2950 3478 3125 3547 partis
3162 3475 3303 3540 odio,
3341 3492 3649 3545 personam
3688 3476 3826 3530 acci-

2218 3568 2372 3638 piant
2410 3569 2464 3622 in
2503 3566 2741 3636 judicio;
2771 3571 2866 3625 sed
2909 3569 3115 3641 absque
3161 3569 3509 3626 contentione
3542 3580 3608 3624 et
3636 3569 3822 3631 livore,

2219 3660 2361 3716 sicut
2413 3662 2529 3731 ipsa
2559 3662 2773 3718 Veritas
2818 3662 2950 3718 dicit
2983 3680 2996 3716 :
3026 3662 3152 3717 Non
3176 3661 3464 3718 secundum
3494 3663 3716 3732 faciem,
3737 3664 3820 3716 sed

2211 3751 2418 3820 justum
2454 3753 2718 3821 judicium
2753 3755 2993 3824 judicent
3024 3755 3210 3826 (Joan.
3257 3759 3377 3824 vu).
3406 3756 3475 3810 Et
3493 3755 3602 3810 hoc
3631 3772 3742 3810 non
3769 3755 3821 3808 in

2217 3843 2430 3913 publico
2452 3845 2642 3915 iudicii
2695 3846 2833 3913 loco,
2884 3847 2979 3904 sed
3021 3849 3076 3903 in
3113 3850 3328 3920 privato
3356 3868 3372 3904 :
3400 3851 3528 3919 quia
3576 3845 3819 3920 episcopi

2219 3948 2328 3988 non
2367 3933 2422 3987 in
2454 3936 2780 3992 consistorio
2810 3952 3021 4010 regum,
3056 3955 3164 3994 non
3187 3941 3244 3994 in
3273 3941 3528 4010 praetorio
3549 3939 3819 4009 iudicum,

2217 4041 2321 4081 nec
2344 4027 2452 4082 nisi
2491 4030 2559 4082 ab
2582 4031 2871 4102 episcopis,
2912 4032 2968 4086 in
3000 4033 3230 4104 synodo,
3262 4044 3355 4088 aut
3379 4034 3434 4087 in
3458 4032 3675 4103 privato
3707 4032 3823 4087 loco

2219 4133 2250 4172 a
2290 4119 2616 4189 primatibus
2665 4124 3074 4193 deputatorum,
3125 4133 3219 4179 aut
3255 4141 3285 4180 a
3315 4141 3375 4181 se
3412 4125 3714 4181 electorum
3738 4126 3821 4192 ju-

2219 4211 2398 4269 dicum
2423 4212 2632 4283 judicio
2669 4217 2868 4273 debent
2913 4227 3009 4273 aut
3036 4228 3268 4290 possunt
3312 4220 3635 4291 regulariter
3668 4217 3817 4288 iudi-

2220 4318 2359 4361 carl.

2291 4397 2358 4451 Et
2384 4409 2686 4469 pragtexato
2715 4405 2877 4460 modo
2925 4406 3269 4477 supradictas
3295 4407 3444 4478 leges
3490 4415 3603 4460 tam
3640 4405 3820 4476 publi-

2218 4501 2312 4542 cas
2353 4505 2515 4559 quam
2541 4492 2946 4552 ecclesiasticas
2996 4499 3049 4552 in
3104 4499 3218 4552 suis
3245 4497 3578 4567 temporibus
3607 4497 3814 4551 servari

2219 4580 2521 4637 decrevisse
2555 4584 2843 4642 didicimus
2871 4589 3124 4660 antiquos
3154 4591 3532 4660 imperatores,
3585 4601 3638 4644 et
3683 4605 3815 4660 prae-

523 4669 654 4738 quid
701 4673 766 4723 de
793 4669 1057 4724 obstrictu
1089 4671 1376 4727 redhibere
1401 4672 1659 4729 Ecclesiae
1701 4677 2000 4746 cognoscit,
2027 4693 2113 4732 sa-
2141 4645 2193 4705 Β
2221 4672 2540 4730 decessores
2597 4692 2663 4733 ac
2714 4645 3090 4753 progenitoi-es
3141 4645 3375 4752 vestros,
3435 4645 3710 4756 episcopis
3765 4695 3815 4740 et

528 4759 781 4815 tisfacere
811 4760 1066 4818 dilatione
1094 4765 1390 4835 postposita
1420 4780 1528 4821 non
1562 4767 1808 4823 desistat.
1848 4769 2112 4840 Alioquin

525 4869 680 4911 mora
710 4863 960 4911 cessante
987 4858 1055 4911 ad
1084 4857 1381 4913 electorum
1417 4859 1640 4914 accedat
1675 4870 1726 4915 te
1750 4862 2112 4930 compellente

520 4947 812 5022 judicium,
845 4959 901 5006 et
927 4952 1187 5022 quidquid
1231 4953 1464 5008 veritate
1498 4955 1714 5023 cognita
1745 4955 2112 5010 sacrosanctis

523 5041 821 5114 evangeliis
838 5040 1002 5099 fuerit
1032 5051 1316 5108 statutum,
1345 5044 1421 5099 ita
1449 5044 1516 5098 ad
1530 5044 1783 5100 eﬂectum
1809 5046 2115 5101 exsecutio-

524 5135 615 5191 nis
639 5144 731 5189 tua
759 5135 1017 5192 instantia
1053 5139 1400 5207 perducatur,
1430 5148 1490 5193 ut
1522 5138 1681 5208 huius
1725 5141 1802 5194 rei
1834 5140 2012 5195 denuo
2042 5139 2109 5194 ad

529 5243 629 5283 nos
657 5229 877 5298 querela
907 5246 1014 5286 non
1047 5231 1258 5286 redeat.
1301 5250 1320 5284 ι

598 5319 666 5374 Et
691 5321 780 5375 hic
801 5319 948 5392 leges
977 5320 1258 5388 Romanis,
1287 5323 1339 5377 in
1364 5338 1423 5378 re
1442 5325 1779 5394 pecuniaria,
1815 5333 2106 5395 tormenta,

525 5413 632 5468 nisi
661 5427 782 5469 cum
815 5415 881 5470 de
929 5415 1090 5470 rebus
1116 5414 1459 5472 hereditariis
1505 5420 1786 5489 quaeritur,
1818 5435 1924 5477 non
1956 5421 2111 5476 adbi-

522 5506 674 5563 bent.
725 5507 872 5563 Alias
909 5517 1088 5564 autem
1140 5509 1495 5580 iureiurando
1521 5523 1616 5569 aut
1664 5515 1892 5571 testibus
1942 5516 2111 5587 expli-

523 5610 739 5656 cantur.
773 5599 840 5655 Et
871 5600 917 5656 si
941 5601 1227 5672 episcopus
1268 5603 1502 5660 noluerit
1532 5606 1646 5661 suis
1676 5607 2013 5678 coepiscopis
2044 5623 2110 5664 ac

520 5691 793 5764 iudicibus
839 5710 870 5748 a
899 5710 958 5750 se
1001 5694 1210 5762 electis,
1241 5696 1328 5751 vel
1380 5713 1411 5753 a
1461 5700 1787 5769 primatibus
1832 5701 2110 5772 deputatis

599 5874 625 5906 α
657 5865 822 5922 Cone.
853 5866 1046 5936 Afric.,
1079 5887 1199 5928 can.
1236 5869 1356 5928 ηε.
1455 5905 1466 5920 -

2217 4765 2350 4821 viris
2408 4769 2798 4828 ecclesiasticis
2840 4792 2854 4828 :
2911 4784 2967 4830 et
3005 4777 3163 4831 nobis
3218 4786 3398 4832 vestra
3459 4777 3812 4834 dilectissima

2215 4866 2272 4912 et
2301 4858 2688 4930 benignissima
2729 4865 3028 4922 dominatio
3071 4878 3413 4924 servaturam
3439 4885 3497 4924 se
3544 4871 3713 4926 verbo
3761 4881 3815 4923 et

2215 4950 2614 5022 subscriptione
2636 4958 2890 5025 promisit
2935 4959 2989 5013 in
3016 4959 3295 5017 Carisiaco
3325 4980 3338 5015 :
3377 4962 3472 5017 ubi
3520 4963 3627 5017 hoc
3664 4962 3808 5032 capi-

2218 5042 2387 5097 tulum
2421 5043 2473 5098 in
2502 5047 2752 5101 consultu
2777 5065 2842 5104 ac
2859 5049 3090 5105 consilio
3113 5052 3351 5106 ﬁdelium
3372 5061 3681 5108 vestr-0mm
3703 5065 3808 5108 tam

2215 5134 2592 5206 episcoporum
2645 5155 2808 5210 quam
2849 5149 2905 5195 et
2951 5141 3214 5197 laicorum
3263 5146 3607 5211 condidistis,
3657 5155 3708 5201 et
3755 5145 3807 5199 ei

2215 5229 2636 5300 subscripsistis,
2665 5234 3233 5303 dicentes:Quantum
3261 5238 3456 5303 sciero,
3495 5249 3555 5294 et
3582 5239 3810 5294 rationa-

2214 5317 2398 5375 biliter
2436 5333 2686 5393 potuero,
2737 5324 2968 5382 Domino
3013 5326 3326 5396 adiuvante,
3373 5343 3807 5402 unumquemque

2215 5424 2478 5482 vestrum,
2508 5417 2806 5474 secundum
2836 5436 2992 5476 suum
3021 5422 3270 5479 ordinem
3318 5433 3375 5480 et
3401 5439 3690 5494 personam
3716 5424 3809 5479 bo-

2219 5509 2426 5564 norabo
2449 5518 2505 5564 et
2534 5510 2778 5578 salvabo,
2803 5513 2854 5568 ei
2883 5514 3208 5570 honoratum
3237 5525 3294 5572 et
3315 5516 3587 5572 salvatum
3611 5518 3809 5588 absque

2220 5597 2330 5654 ullo
2371 5601 2494 5658 dolo
2533 5612 2590 5659 et
2610 5603 2958 5663 damnatione
2987 5607 3071 5663 vel
3107 5609 3426 5679 deceptione
3454 5609 3804 5666 cotisembo.

2217 5689 2289 5748 Et
2310 5693 2604 5768 unicuique
2650 5708 3047 5770 competentem
3074 5699 3248 5773 legem
3287 5710 3345 5756 et
3375 5700 3650 5771 justitiam
3681 5696 3808 5756 coit-

2661 5923 2676 5951 ι
