4010 6330
85 338 98 349 ’
137 361 284 417 1065

1016 363 1154 422 PRO
1189 365 1544 422 ECCLESIA'J
1587 366 2034 429 LIBERTATUM
2079 374 2511 438 DEFENSIONE

3281 397 3309 451 I
3319 396 3426 456 066

131 469 398 526 servabo.
437 467 505 522 Et
544 467 636 538 qui
667 466 812 524 illam
860 485 1084 527 necesse
1120 475 1368 530 habuerit
1404 486 1458 530 et
1492 477 1729 532 rationa-
1757 486 1802 544 Α
1832 481 1978 550 plum
2006 483 2205 542 imitari
2235 490 2522 558 voluerint,
2543 491 2708 548 ullam
2733 497 2948 566 penitus
2972 501 3296 563 divisionem
3325 523 3423 567 aut

132 561 325 616 biliter
356 561 596 629 petierit.
629 561 1001 617 rationabilem
1047 564 1473 621 misericordiam
1504 569 1727 624 exhibe-

132 653 234 719 bo,
263 651 402 707 sicut
451 650 626 706 ﬁdelis
682 666 778 707 rex
809 668 934 709 suos
973 653 1159 710 ﬁdeles
1189 672 1285 726 per
1310 668 1516 714 rectum
1559 659 1732 715 hono-

135 758 289 808 rare,
317 750 372 798 et
398 742 631 806 salvare,
659 751 714 798 et
738 743 1028 815 unicuique
1047 757 1446 816 competentetn
1476 750 1644 819 legem
1675 761 1731 806 et

129 832 406 905 justitiam
448 832 502 887 in
533 847 859 903 unoquoque
900 835 1090 890 ordine
1125 851 1468 903 conservare,
1500 851 1555 896 et
1592 841 1731 896 indi-

130 923 414 996 gentibus,
453 931 508 977 et
564 923 958 979 rationabiliter
999 926 1307 995 petentibus
1357 931 1728 987 rationabilem

130 1013 575 1071 misericordiam
627 1014 786 1070 debet
822 1014 1169 1086 impendere;
1207 1027 1262 1072 et
1292 1036 1388 1090 pro
1437 1021 1582 1075 nullo
1635 1023 1731 1077 ho-

130 1108 288 1165 mine
315 1107 384 1164 ab
422 1108 546 1173 hoc,
593 1117 854 1178 quantum
908 1109 1133 1165 dimittit
1161 1112 1392 1166 humana
1440 1113 1725 1185 fragilitas,

130 1214 240 1274 per
264 1198 519 1266 studium,
547 1210 641 1255 aut
662 1201 1104 1269 malivolentiam,
1156 1206 1239 1259 vel
1265 1206 1494 1278 alicujus
1524 1209 1730 1264 indebi-

129 1299 255 1344 tum
294 1291 696 1346 hortamentum
742 1293 989 1359 deviabo,
1018 1303 1279 1366 quantum
1308 1298 1437 1351 mihi
1467 1297 1608 1354 Deus
1650 1299 1730 1354 in—

131 1379 414 1435 tellectqu
455 1389 510 1436 et
548 1382 959 1452 possibilitatem
1005 1387 1304 1442 donaverit.
1336 1388 1401 1442 Et
1427 1389 1472 1444 si
1500 1405 1597 1459 per
1624 1389 1732 1444 fra-

129 1468 403 1539 gilitatem
430 1480 621 1526 contra
645 1473 749 1527 hoc
777 1474 909 1529 mihi
932 1477 1246 1547 subreptum
1277 1477 1460 1543 fuerit,
1491 1495 1613 1533 cum
1631 1482 1731 1535 hoc

131 1581 528 1637 recognovero,
570 1568 700 1624 illud
747 1573 1036 1630 emendare
1072 1575 1294 1632 curabo.
1333 1597 1351 1628 ι
1395 1576 1503 1633 Nos
1551 1588 1730 1634 autem

131 1654 325 1711 ﬁdeles
353 1653 541 1720 vestri,
571 1658 829 1728 episcopi,
853 1670 908 1716 et
931 1663 1114 1717 caeteri
1149 1665 1358 1720 laicalis
1395 1667 1604 1722 ordinis
1638 1670 1729 1738 qui

128 1745 446 1813 adfuerunt,
481 1747 585 1804 hoc
635 1751 931 1821 capitulum
982 1762 1037 1806 et
1075 1757 1351 1810 vobiscum
1394 1759 1733 1815 condidimus

1827 571 2097 640 jacturam
2131 580 2425 644 patiantur.
2463 603 2482 634 ι

1906 663 1973 718 Ει
2004 665 2106 720 hoc
2135 682 2260 722 cum
2306 671 2427 727 aliis
2471 675 2766 745 capitulum
2817 682 2961 750 quod
3006 687 3274 756 sequitur,
3323 706 3424 749 vos

1833 753 1949 825 ipse
1980 772 2142 811 manu
2174 773 2389 829 propria
2413 764 2467 818 in
2495 767 2617 821 villa
2644 784 2764 839 quae
2788 772 2986 829 dicitur
3015 777 3261 848 Colonia,
3289 798 3422 839 cou-

1834 859 1995 899 scusu
2021 847 2416 918 episcoporum,
2459 864 2514 909 et
2549 854 2784 926 Warini,
2813 877 2878 918 ac
2906 865 3137 923 aliorum
3184 874 3421 941 optima-

1836 944 1946 989 tum
1985 947 2308 1005 vestrorum,
2342 956 2485 996 anno
2534 961 2586 999 ιν
2637 951 2790 1019 regni
2831 956 2998 1010 vestri
3028 959 3423 1030 conﬁrmastis,

1835 1037 1891 1083 et
1926 1045 2025 1100 per
2067 1032 2353 1090 Bicuiuum
2392 1037 2665 1097 Ludovico
2720 1045 2876 1103 fratri
2925 1062 3108 1110 vestro
3153 1057 3424 1116 misistis:

1840 1137 1858 1170 α
1891 1120 1967 1175 De
1988 1121 2192 1178 honore
2219 1126 2492 1194 videlicet,
2524 1140 2578 1184 et
2605 1132 2754 1189 cultu
2782 1137 2898 1204 Dei,
2925 1151 3087 1211 atque
3113 1159 3426 1206 sanctarum

1833 1205 2207 1284 ecclesiarum,
2227 1235 2368 1289 quze,
2392 1233 2613 1279 auctore
2628 1227 2756 1293 Deo,
2775 1230 2875 1284 sub
2898 1233 3102 1291 ditione
3122 1248 3177 1292 et
3196 1240 3427 1300 tuitione

1835 1306 2116 1376 regitniuis
2165 1313 2336 1366 nostri
2383 1317 2707 1383 consistunt,
2767 1327 3154 1394 communiter,
3198 1331 3425 1392 Domino

1835 1395 2131 1462 mediante,
2160 1401 2519 1466 decernimus,
2548 1417 2607 1462 ut
2650 1410 2792 1465 sicut
2841 1421 3081 1486 tempore
3125 1421 3295 1476 beatze
3343 1439 3430 1478 re-

1835 1487 2167 1545 cordationis
2191 1491 2372 1548 domui
2403 1512 2466 1562 ac
2489 1500 2751 1567 genitoris
2780 1506 2952 1560 nostri
2981 1508 3209 1565 excultae
3236 1527 3300 1567 ac
3330 1514 3426 1568 ho-

1834 1585 2064 1641 noratae,
2088 1587 2251 1647 atque
2301 1583 2460 1638 rebus
2491 1587 2761 1656 ampliata:
2789 1590 3030 1659 fuerunt,
3073 1596 3221 1652 salva
3258 1603 3427 1672 aequi-

1836 1665 1962 1720 tatis
1986 1668 2195 1724 ratione
2220 1670 2293 1724 ita
2323 1688 2699 1742 permaneant.
2726 1680 2791 1734 Et
2817 1697 2937 1752 qua:
2967 1701 2996 1738 a
3025 1697 3208 1743 nostra
3235 1665 3428 1749 libera-

1839 1753 1990 1810 litate
2014 1758 2354 1816 honorantur
2383 1775 2544 1835 atque.
2572 1770 2829 1835 ditantur,
2863 1775 2930 1830 de
2959 1787 3160 1834 caetero
3205 1785 3306 1838 sub
3346 1785 3428 1840 in-

131 1839 258 1894 etei
280 1837 1112 1916 subscripsimus,unusquisque
1133 1848 1465 1919 proﬁtendo:
1492 1871 1508 1902 ι
1545 1851 1727 1919 Quau-
1757 1845 1802 1904 Β
1833 1845 2086 1915 tegritate
2135 1851 2218 1905 sui
2277 1865 2580 1911 serventur.
2610 1859 2678 1915 Et
2725 1867 2980 1922 sacerdos
3031 1885 3093 1925 ac
3141 1875 3284 1930 servi
3328 1877 3426 1933 Dei

129 1935 249 1984 tum
294 1931 474 1986 sciero
519 1940 576 1986 et
603 1941 851 2004 potuero,
901 1935 1131 1991 Domino
1158 1939 1470 2009 adjuvante,
1523 1943 1728 2011 absque

129 2017 245 2072 ulla
289 2017 576 2076 dolositate
601 2029 697 2076 aut
720 2023 1033 2079 seductione
1064 2035 1120 2080 et
1144 2029 1370 2083 consilio
1399 2039 1454 2084 et
1502 2031 1722 2098 auxilio,

127 2111 431 2166 secundum
475 2128 654 2168 meum
705 2116 1087 2184 ministerium,
1123 2117 1504 2176 et’secundum
1549 2139 1722 2179 meam

125 2212 441 2268 personam,
470 2203 646 2260 ﬁdelis
669 2205 822 2262 vobis
848 2207 1061 2278 adjutor
1082 2225 1199 2276 ero,
1223 2221 1282 2266 ut
1311 2211 1456 2266 illam
1489 2222 1726 2284 potesta-

127 2299 263 2356 tem,
313 2307 477 2362 quam
512 2295 568 2352 in
606 2298 754 2368 regio
803 2300 1023 2356 nomine
1069 2310 1125 2357 et
1167 2319 1334 2375 regno
1382 2306 1536 2362 vobis
1581 2308 1724 2364 Deus

126 2385 420 2452 concessit,
450 2388 518 2443 ad
561 2388 733 2460 ipsius
780 2391 1136 2461 voluntatem,
1187 2405 1241 2451 et
1272 2398 1338 2452 ad
1384 2407 1620 2454 vestram
1668 2407 1724 2455 et

125 2477 368 2535 ﬁdelium
401 2492 709 2541 vestrorum
743 2487 1119 2556 salvationem,
1147 2505 1271 2545 cum
1302 2493 1484 2549 debito
1513 2493 1721 2551 honore

121 2575 183 2622 et
209 2571 397 2639 vigere
425 2580 610 2631 tenere
635 2585 693 2632 et
714 2576 1020 2648 gubernare
1047 2580 1290 2651 possitis.

803 2699 1030 2714 ——

525 2761 962 2825 EXPOSITIO
1021 2766 1319 2828 TERTIA

410 2876 516 2922 cm
559 2878 825 2924 'rrruws
861 2884 878 2924 :
925 2864 1435 2929 ADMONITIO.

196 2975 354 3034 Hanc
404 2977 578 3051 legem
612 2980 925 3038 decessores
963 2991 1019 3039 et
1066 2987 1496 3054 praedecessores
1547 2988 1714 3046 vestri

116 3082 288 3140 reges
305 3068 563 3126 Ecclesia:
602 3083 956 3130 servaverunt
986 3091 998 3129 :
1031 3093 1151 3147 quae
1189 3077 1236 3133 si
1271 3089 1364 3133 aut
1393 3095 1490 3151 per
1523 3097 1714 3138 exces-

112 3174 249 3216 sum
265 3159 591 3230 principum,
614 3170 708 3216 aut
724 3178 822 3232 per
831 3165 1212 3237 negligentiam
1226 3168 1603 3241 episcoporum
1619 3172 1716 3228 ali-

113 3263 238 3320 quo
269 3251 426 3307 modo
451 3251 648 3308 violata
677 3253 799 3321 fuit,
846 3266 1026 3314 tamen
1051 3271 1320 3327 correcta,
1361 3263 1500 3318 sicut
1540 3264 1592 3320 in
1627 3282 1715 3322 eo-

113 3349 249 3389 rum
277 3337 524 3408 capitulis
547 3339 762 3412 legitur,
793 3343 995 3400 existit.
1031 3343 1138 3402 Vos
1164 3348 1354 3413 etiam,
1398 3349 1714 3409 decessores

114 3434 336 3483 vestros
359 3441 664 3500 sequentes,
693 3433 834 3492 hanc
859 3435 1033 3506 legem
1075 3439 1501 3498 ecclesiasticam
1530 3460 1713 3500 serva-

118 3529 279 3576 turos
305 3522 415 3580 Deo
443 3533 497 3580 et
517 3526 672 3582 nobis
706 3530 1055 3599 promisistis,
1085 3533 1227 3588 sicut
1253 3534 1344 3591 hic
1380 3537 1708 3595 continetur.

194 3611 254 3664 In
284 3611 420 3669 libro
462 3616 640 3685 primo
683 3620 1043 3689 capitulorum
1091 3623 1473 3696 imperialium,
1529 3629 1711 3684 domui

116 3700 301 3757 Caroli
347 3705 456 3770 avi,
485 3715 542 3761 et
584 3706 766 3762 domui
792 3709 1045 3766 Ludovici
1085 3715 1258 3783 patris
1282 3717 1473 3782 vestri,
1510 3718 1565 3771 in
1595 3719 1712 3788 lege

115 3792 193 3846 ab
221 3793 355 3862 ipsis
403 3793 740 3856 conﬁrmata.
775 3796 1033 3856 Ecclesia:
1062 3809 1118 3856 et
1147 3803 1415 3860 universis
1441 3806 1708 3876 episcopis

117 3883 384 3952 scriptum
422 3892 526 3950 est,
569 3900 688 3956 cap.
718 3889 774 3943 8.
811 3907 831 3941 ‹
866 3887 935 3946 Ut
973 3891 1040 3945 ad
1089 3895 1562 3964 metr0politanum
1597 3899 1712 3968 epi-

111 3987 344 4041 scopum
373 3973 697 4047 suﬁ'raganei
729 3979 1048 4050 respiciant,
1073 3991 1129 4038 et
1159 3983 1291 4038 nihil
1318 3987 1440 4040 novi
1473 3988 1710 4044 audeant

116 4061 305 4119 facere
334 4063 385 4120 in
409 4065 524 4121 suis
551 4069 845 4137 parochiis,
878 4071 996 4126 siue
1035 4073 1367 4129 conscientia
1396 4083 1452 4130 et
1481 4077 1709 4136 consilio

110 4155 206 4209 sui
254 4156 675 4227 metropolitani,
721 4175 824 4218 nec
869 4162 1314 4234 metropolitauus
1362 4165 1482 4222 sine
1516 4181 1705 4223 eorum

113 4242 374 4297 consilio.
411 4262 428 4296 ι
458 4244 589 4300 Item
615 4248 669 4301 iu
692 4249 883 4305 eodem
908 4250 1066 4316 libro,
1091 4265 1212 4322 cap.
1240 4253 1332 4308 28.
1368 4273 1388 4306 ‹
1429 4255 1498 4311 Ut
1527 4257 1572 4312 si
1597 4257 1706 4311 cle-

113 4334 247 4399 rici,
282 4335 364 4391 vel
393 4338 643 4394 monachi
672 4339 815 4396 inter
855 4357 914 4398 se
940 4345 1213 4413 negotium
1249 4345 1466 4416 aliquod
1498 4348 1702 4403 habue-

113 4424 250 4489 rint,
273 4439 417 4480 asuo
428 4426 678 4497 episcopo
691 4429 1076 4500 dijudicentur,
1102 4449 1208 4489 non
1231 4449 1262 4489 a
1285 4436 1652 4492 srecularibus.
1676 4457 1696 4492 ι

107 4513 251 4567 Item
282 4514 337 4568 in
366 4516 556 4571 eodem
585 4517 746 4583 libro,
773 4535 891 4590 cap.
925 4523 1016 4578 58.
1053 4539 1073 4574 ‹
1111 4522 1180 4579 Ut
1216 4524 1398 4582 clerici
1442 4527 1700 4583 ecclesia-

109 4604 236 4658 stici
263 4605 472 4661 ordinis
503 4608 548 4662 si
576 4610 788 4681 culpam
811 4612 1163 4682 iucurrerint,
1196 4617 1336 4687 apud
1365 4619 1697 4677 ecclesiasti-

108 4707 206 4747 cos
219 4691 552 4764 judiceutur,
579 4714 686 4756 nou
718 4702 858 4771 apud
885 4703 1187 4762 saeculares.
1219 4725 1238 4758 ι
1267 4707 1400 4764 Item
1424 4709 1476 4764 in
1504 4711 1695 4768 eodem

107 4783 274 4850 libro,
303 4801 421 4856 cap.
449 4787 535 4842 77.
573 4808 590 4840 ι
619 4789 757 4857 Quia
793 4791 948 4862 juxta
977 4805 1286 4850 sanctorum
1320 4798 1543 4856 Patrum
1586 4810 1698 4857 tra-

106 4873 376 4930 ditionem
406 4877 654 4934 novimus
691 4894 780 4936 res
822 4864 1078 4939 Ecclesia:
1122 4899 1242 4940 esse
1270 4898 1390 4941 vota
1433 4889 1693 4956 ﬁdelium,

103 4966 283 5036 pretia
313 4977 680 5038 peccatorum,
726 4983 781 5027 et
801 4975 1127 5043 patrimonia
1155 4991 1471 5048 pauperum,
1499 4982 1696 5052 cuique

102 5069 220 5108 non
250 5055 427 5111 solum
457 5057 643 5115 habita
689 5075 1040 5131 conservare,
1081 5080 1266 5122 verum
1295 5069 1461 5124 etiam
1503 5071 1694 5140 multa,

101 5145 222 5202 Deo
261 5149 584 5217 Opitulante,
611 5152 862 5211 conferre
895 5167 1162 5227 optamus.
1192 5160 1393 5217 Tamen
1421 5171 1482 5216 ut
1508 5163 1575 5217 ab
1605 5179 1698 5220 cc-

99 5237 454 5306 clesiasticis,
491 5243 559 5297 de
598 5259 707 5299 non
738 5246 1039 5305 dividendis
1068 5253 1229 5308 rebus
1259 5253 1400 5311 illius
1424 5256 1694 5325 suspicio-

97 5344 230 5384 uem
261 5329 466 5386 dudum
507 5344 823 5406 conceptam
865 5353 1259 5410 amovercmus,
1313 5351 1602 5407 statuimus
1638 5357 1699 5406 ut

95 5431 288 5489 neque
315 5421 538 5489 nostris,
589 5439 764 5497 neque
806 5427 1058 5497 ﬁliorum,
1089 5442 1146 5488 et
1171 5434 1280 5489 Deo
1323 5439 1691 5510 dispensante,

88 5524 486 5568 successorum
529 5525 843 5575 nostrorum
880 5525 1230 5593 temporibus,
1279 5531 1369 5600 qui
1422 5546 1690 5608 nostram,

89 5597 186 5657 vel
212 5604 626 5674 progenitorum
655 5618 963 5668 nostrorum
1007 5597 1338 5676 voluntatem
1372 5624 1458 5680 vel
1498 5597 1687 5686 exem;

170 5763 200 5794 ι
238 5752 484 5825 Sputum,
511 5757 659 5830 épée.

505 5849 780 5914 Ριτιοι..
821 5852 1075 5918 CXXV.

1831 1935 2069 2004 vigorem
2105 1941 2530 2001 ecclesiasticum
2559 1959 2612 2004 et
2632 1950 2810 2007 debita
2839 1957 3119 2028 privilegia
3155 1963 3310 2032 juxta
3340 1984 3426 2025 re-

1831 2029 2123 2082 verendam
2147 2035 2526 2092 auctoritatem
2565 2041 2868 2100 obtineant.
2903 2048 3120 2106 Eisdem
3157 2029 3292 2112 vero
3333 2076 3422 2116 re-

1828 2116 1966 2184 galis
1987 2129 2247 2189 potestas,
2279 2134 2335 2180 et
2373 2127 2663 2186 illustrium
2697 2136 2938 2193 virorum
2980 2147 3278 2204 Strenuitas
3326 2166 3424 2208 seu

1827 2205 2142 2276 reipublicae
2191 2215 2687 2291 administratores,
2739 2236 2798 2281 ut
2844 2244 3220 2303 competenter
3267 2205 3424 2301 suum

1827 2297 2193 2357 ministerium
2220 2311 2443 2379 exsequi
2472 2313 2707 2381 valeant,
2735 2319 2788 2373 iu
2815 2323 3066 2380 omnibus
3089 2329 3425 2388 rationabili-

1825 2398 1914 2447 ter
1934 2407 1998 2448 ac
2017 2393 2167 2463 juste
2189 2413 2542 2460 concurrant.
2579 2426 2598 2460 ι

1897 2483 1962 2538 Et
1997 2485 2102 2542 hoc
2142 2503 2266 2544 cum
2303 2491 2425 2548 aliis
2457 2497 2751 2565 capitulum
2781 2504 2926 2573 quod
2964 2509 3330 2583 subsequitur,
3366 2516 3423 2572 in

1822 2571 2113 2644 Belgivaco
2160 2580 2401 2649 civitate,
2436 2600 2582 2643 anno
2609 2605 2665 2644 vr
2695 2571 2847 2664 regni
2879 2599 3044 2654 vestri
3083 2571 3266 2659 coram
3311 2607 3425 2665 Deo

1821 2670 1880 2716 et
1917 2665 2122 2735 angelis
2158 2666 2298 2736 ejus,
2333 2671 2392 2726 in
2423 2672 2529 2730 ﬁde
2574 2686 2630 2732 et
2667 2679 2891 2738 dextera
2929 2698 3133 2758 vestra,
3165 2707 3264 2762 per
3297 2712 3424 2768 spa-

1823 2761 1935 2808 tam
1976 2766 2002 2795 ι
2041 2765 2279 2815 vestram
2317 2761 2596 2835 iurantes,
2650 2770 2790 2827 sicut
2834 2790 3130 2845 praesentes
3175 2761 3414 2858 episcopi

1821 2843 1913 2912 qui
1966 2846 2258 2904 adfuerunt
2303 2855 2605 2926 petierant,
2646 2860 2753 2919 illis
2789 2843 2850 2919 et
2887 2872 3097 2927 cmteris
3145 2843 3416 2950 episcopis

1821 2936 1976 3007 regni
2007 2941 2195 3008 vestri,
2228 2959 2293 3000 ac
2323 2951 2732 3009 successoribus
2770 2958 2905 3024 suis,
2938 2968 2994 3015 et
3021 2936 3208 3021 eorum
3242 2936 3418 3026 ccc-le-

1820 3027 1918 3084 siis
1959 3033 2169 3089 cunctis
2207 3035 2396 3095 diebus
2431 3042 2555 3097 vitae
2583 3055 2778 3102 vestrae
2817 3065 2914 3106 vos
2949 3066 3259 3115 servaturos
3289 3078 3418 3132 pro-

1820 3117 2079 3189 misistis,
2128 3129 2436 3194 petentibus
2481 3150 2496 3187 :
2545 3153 2563 3186 ‹
2601 3133 2672 3190 Ut
2710 3137 2801 3208 jus
2841 3117 3306 3217 ecclesiasticum:
3361 3117 3419 3211 et

2710 3194 2730 3208 _
2851 3194 3297 3217 __-_---_--.-.....,
3361 3194 3416 3211 ν.

1743 3194 1788 3256 C
1821 3212 1990 3287 legem
2022 3220 2340 3276 canonicam
2385 3227 2540 3282 nobis
2580 3228 2658 3284 ita
2705 3239 3057 3304 conservetis,
3090 3241 3229 3297 sicut
3262 3253 3416 3301 ante-

1818 3319 2068 3364 cessores
2093 3312 2281 3377 vestri,
2308 3315 2398 3383 qui
2427 3316 2531 3373 hoc
2559 3319 2697 3376 bene
2723 3333 2779 3377 et
2806 3327 3201 3386 rationabiliter
3224 3334 3413 3392 obser-

1817 3409 2096 3464 vaverunt,
2109 3399 2266 3470 juxta
2289 3408 2430 3476 quod
2453 3409 2580 3465 sciri
2604 3415 2824 3482 poterit,
2848 3427 2900 3472 et
2915 3418 3055 3476 Deus
3072 3422 3223 3479 vobis
3249 3441 3411 3496 posse

1813 3484 2044 3556 dederit,
2075 3495 2278 3550 noetris
2311 3500 2802 3567 praedecessoribus
2841 3525 3323 3574 conservaverunt.
3361 3541 3382 3574 ι

1883 3579 1953 3636 Ει
1999 3583 2103 3639 hoc
2145 3602 2268 3641 cum
2322 3589 2442 3646 aliis
2491 3595 2791 3664 capitulum
2839 3602 2982 3671 quod
3036 3608 3409 3680 subsequitur,

1813 3685 1958 3728 anno
2009 3675 2401 3748 Iucaruatiouis
2454 3685 2748 3747 Dominica:
2802 3709 2985 3752 ncccu
3030 3699 3085 3754 in
3131 3701 3251 3760 loco
3305 3709 3400 3777 qui

1817 3761 2018 3818 dicitur
2073 3765 2320 3825 Marsana
2384 3789 2507 3829 cum
2562 3777 2824 3838 fratribus
2884 3791 3081 3846 vestris
3138 3761 3406 3855 Waltario

1813 3853 2117 3931 [Lothario]
2144 3870 2200 3915 et
2224 3860 2497 3952 Ludovico
2536 3886 2702 3928 manu
2743 3881 2959 3946 propria
2990 3898 3088 3952 per
3120 3853 3409 3948 consilium

1810 3953 1865 3998 et
1895 3960 2218 4002 consensum
2255 3950 2491 4010 ﬁdelium
2523 3970 2831 4017 vestrorum
2862 3950 3229 4028 communium
3257 3993 3406 4033 com-

1808 4034 2047 4088 muniter
2082 4037 2486 4098 conﬁrmastis:
2518 4064 2538 4097 ι
2577 4044 2647 4101 Ut
2680 4054 2849 4106 nostri
2889 4055 3075 4113 ﬁdeles
3108 4066 3401 4134 unusquis-

1809 4138 1916 4192 que
1954 4125 2010 4180 in
2051 4142 2150 4182 suo
2191 4131 2383 4188 ordine
2420 4141 2478 4188 et
2522 4144 2664 4194 statu
2697 4145 2965 4201 veraciter
3001 4149 3110 4205 sint
3147 4152 3213 4207 de
3243 4125 3403 4214 nobis

1808 4216 2010 4282 securi,
2053 4219 2180 4287 quia
2208 4221 2414 4277 nullum
2442 4225 2640 4285 abhinc
2669 4231 2724 4286 iu
2760 4242 2907 4302 ante,
2931 4248 3118 4294 contra
3149 4242 3319 4315 legem
3343 4256 3402 4303 et

1799 4303 2092 4374 justitiam,
2119 4310 2204 4364 vel
2245 4315 2626 4375 auctoritatem
2665 4337 2732 4377 ac
2749 4323 2952 4394 justam
2982 4303 3270 4402 rationein,
3305 4347 3400 4394 aut

1804 4394 2220 4498 damnab-imus,
2281 4415 2378 4462 aut
2430 4409 2929 4488 dehonorabimus,
2983 4433 3078 4480 aut
3118 4394 3395 4498 opprime-

1802 4501 1924 4543 mus
1965 4490 2051 4547 vel
2100 4493 2354 4554 indebitis
2401 4504 2892 4567 machinationibus
2965 4490 3294 4588 alﬁiget-n-us;
3339 4529 3396 4578 et

2504 4557 2511 4558 ,
2550 4557 2890 4567 manu---"
2965 4557 3294 4588 ......,........s,
3339 4557 3396 4578 ε.

1725 4557 1776 4618 Ῑ)
1803 4581 2018 4638 illorum
2044 4626 2061 4650 ,
2115 4587 2319 4644 scilicet
2360 4595 2630 4651 veraciter
2685 4600 2844 4658 nobis
2903 4603 3140 4662 ﬁdelium
3166 4649 3181 4675 ,
3245 4625 3397 4667 com-

1803 4675 1954 4730 muni
2024 4679 2249 4735 consilio
2284 4722 2298 4746 ,

1803 4853 1900 4910 Dei
1940 4857 2220 4926 Ecclesiae,
2262 4869 2318 4915 et
2360 4874 2560 4921 statum
2608 4872 2779 4942 regni,
2807 4883 2863 4928 et
2893 4874 2960 4928 ad
2998 4878 3259 4934 honorem
3303 4897 3390 4938 re-

1804 4944 1972 5014 gium,
2008 4957 2170 5016 atque
2198 4964 2388 5019 pacem
2417 4958 2596 5027 populi
2627 4963 2900 5020 commissi
2924 4967 3078 5022 nobis
3105 4971 3386 5037 pertinen-

1805 5037 1878 5090 tia
1906 5051 2187 5094 assensqu
2214 5045 2540 5113 praebemus,
2573 5049 2629 5105 in
2670 5052 2772 5106 hoc
2810 5061 2868 5107 ut
2910 5055 3040 5110 nulli
3070 5073 3176 5113 non
3207 5061 3383 5118 solum

1803 5139 1910 5180 non
1942 5127 2052 5180 sint
2079 5131 2235 5186 nobis
2263 5137 2694 5194 contradicentes
2723 5149 2778 5194 et
2807 5143 3141 5212 resistentes,
3173 5151 3238 5206 ad
3278 5152 3386 5210 ista

1802 5220 2167 5288 exsequenda,
2204 5237 2392 5280 verum
2438 5229 2600 5282 etiam
2632 5228 2713 5284 sic
2757 5230 2868 5286 sint
2902 5233 3060 5290 nobis
3100 5235 3285 5295 ﬁdeles
3327 5252 3386 5298 et

1801 5309 2146 5380 obedientes,
2188 5331 2252 5371 ac
2291 5318 2404 5372 veri
2448 5318 2752 5389 adjutores,
2793 5333 2957 5394 atque
3000 5340 3380 5399 cooperatores

1803 5417 1932 5459 vero
1970 5407 2216 5473 consilio,
2246 5416 2301 5462 et
2339 5410 2552 5467 sincero
2589 5413 2790 5471 auxilio
2826 5418 2894 5472 ad
2930 5417 3034 5472 ista
3066 5423 3380 5492 peragenda

1802 5507 1922 5561 quae
1949 5497 2325 5564 praemisimus,
2353 5500 2492 5555 sicut
2526 5517 2623 5571 per
2661 5513 2866 5561 rectum
2914 5511 3283 5581 unusquisque
3320 5515 3376 5571 in

1797 5597 1898 5638 suo
1924 5586 2112 5642 ordine
2138 5595 2194 5642 et
2217 5595 2382 5654 statu,
2414 5604 2512 5647 suo
2539 5592 2794 5665 principi,
2819 5605 2875 5652 et
2901 5613 3001 5655 suo
3027 5601 3227 5658 seniori
3254 5619 3375 5662 esse

1795 5671 1973 5728 debet.
2009 5692 2029 5729 ο

2539 5913 2550 5922 -
2638 5847 2749 5949 at
