4010 6330
556 322 695 382 1071

1369 317 1703 378 BINCMARI
1742 315 1958 373 RHEM.
1997 309 2319 370 ARCHIEP.
2359 310 2727 370 OPUSCULA
2761 311 2998 371 VARIA.

3707 318 3861 374 1οη

555 442 870 508 mediante,
898 437 1178 512 observari
1208 435 1581 501 decernimus,
1610 448 1716 489 non
1746 448 1881 488 nova
1908 431 2136 486 conden-
2165 429 2212 488 A
2242 425 2457 479 valeant
2498 426 2785 496 displicere
2835 427 2983 509 (quia
3034 426 3277 484 medicus
3327 440 3506 500 saepe,
3533 440 3696 498 quos
3751 428 3861 487 leni

562 545 671 601 tes,
695 535 788 592 sed
812 549 932 604 quae
952 548 980 586 a
1004 529 1300 601 majoribus
1325 527 1528 583 nostris
1545 525 1838 582 secundum
1870 523 2144 578 tramitem

564 635 874 684 sanctarum
923 623 1328 693 Scripturarum
1376 627 1610 684 statuta,
1657 626 1713 672 et
1745 632 1776 671 a
1820 615 2145 670 Christianis

564 713 984 788 imperatoribus
1022 726 1087 766 ac
1112 710 1329 780 regibus
1358 708 1728 780 promulgata,
1777 714 1832 760 et
1881 720 2049 775 usque
2079 703 2147 757 ad

563 807 681 864 haec
727 802 1025 877 periculosa
1074 811 1276 856 nostra:
1323 800 1652 855 infelicitatis
1700 809 1942 868 tempora
1995 795 2145 848 fuere

564 906 780 953 servata
800 937 816 961 ,
843 894 996 964 quasi
1027 893 1229 947 lumina
1262 892 1316 947 in
1349 891 1710 961 malignorum
1733 903 1956 958 operum
1991 896 2144 940 tene—

560 990 723 1050 bras,
764 1001 883 1054 qua:
917 994 1192 1039 excaeant
1221 981 1527 1037 difﬁdentia:
1577 980 1745 1045 tilios,
1783 979 2142 1043 devocamus;

562 1088 622 1132 ut
667 1072 804 1131 falce
835 1075 1008 1130 sancti
1055 1073 1318 1144 Spiritus.
1352 1088 1450 1143 per
1487 1072 1728 1128 divinum
1780 1069 2143 1124 ministerium

559 1173 731 1225 nostri
761 1169 920 1226 ollicii
948 1183 1151 1239 perque
1199 1168 1364 1240 regiae
1409 1166 1787 1222 sollicitudinis
1816 1173 2144 1235 potestatem

562 1278 625 1317 ac
646 1262 927 1318 ministros
950 1261 1281 1332 reipublicae,
1307 1261 1447 1316 male
1468 1259 1784 1329 pullulantia
1808 1257 2140 1322 recidantur,

558 1365 616 1410 et
644 1355 921 1410 fructuosa
958 1353 1286 1410 Christianis
1323 1352 1596 1408 mentibus
1630 1351 1957 1407 inserantur.

1156 1485 1577 1550 CAPITULA.

560 1637 602 1693 l.
645 1637 798 1704 Quod
843 1635 1104 1692 distincta:
1147 1637 1251 1691 sint
1291 1645 1522 1776 argestes
1567 1633 1710 1705 regia
1755 1641 1804 1687 et
1854 1630 2144 1686 auctoritas

1184 1717 1328 1776 ponti
1372 1725 1512 1762 cum.

1184 1717 1512 1778 pontiﬁcum.

2246 527 2518 586 unguento
2540 520 2812 575 medicare
2829 534 2936 574 non
2955 529 3156 590 potest,
3181 535 3280 590 per
3299 537 3547 576 amarum
3575 521 3861 593 poculum

2244 609 2603 666 confectiouis
2652 612 2862 668 reducit
2911 613 2978 667 ad
3029 612 3358 668 hilaritatem
3414 615 3754 684 sanitatis),
3795 630 3862 670 ne

2244 703 2426 759 dicant
2455 705 2521 759 de
2551 706 2706 760 nobis
2733 707 2876 775 quod
2903 706 3110 761 dictum
3156 706 3383 777 legimus
3417 707 3486 761 de
3514 706 3860 762 sedentibus

2245 795 2298 850 in
2330 797 2585 852 cathedra
2617 798 2814 870 Moysis
2850 817 2863 852 :
2899 798 3185 862 lmponunt
3213 816 3371 854 onera
3397 800 3591 870 grauia
3645 810 3702 853 es
3763 800 3862 851 in-

2243 890 2525 960 portabilia
2571 892 2626 944 in
2673 891 2914 946 humeros
2957 893 3262 958 hominum,
3302 893 3468 963 digito
3518 902 3720 945 autem
3768 909 3859 945 sae

2246 981 2430 1035 nolunt
2479 999 2542 1036 ea
2585 999 2786 1037 movere
2833 981 3052 1052 (Matth.
3102 984 3261 1052 xm),
3303 998 3403 1038 nos
3450 983 3619 1052 prius
3674 981 3861 1036 verbis

2245 1071 2417 1126 sancti
2436 1061 2706 1140 Gregorii,
2728 1088 2796 1128 ex
2814 1073 3039 1127 homilia
3060 1088 3222 1144 quam
3240 1074 3306 1128 de
3323 1073 3638 1144 Evangelia
3656 1081 3860 1128 tracta-

2244 1162 2323 1216 vit
2351 1171 2593 1230 tempore
2620 1163 2811 1234 synodi
2849 1163 3226 1234 episcoporum
3246 1205 3262 1229 ,
3291 1180 3633 1221 accusamus
3669 1182 3684 1217 :
3722 1179 3857 1234 quo-

2244 1255 2390 1311 niam
2420 1257 2486 1310 ad
2516 1257 2787 1312 exteriora
2832 1259 3048 1326 negotia
3067 1298 3083 1324 ,
3113 1258 3311 1328 partim
3355 1259 3710 1314 necessitate
3735 1256 3856 1313 bar-

2243 1345 2413 1401 barici
2446 1346 2686 1412 timoris,
2719 1347 2916 1418 partim
2958 1348 3284 1418 negligentia
3327 1350 3510 1404 nostri
3543 1349 3854 1419 temporis,

2244 1437 2439 1508 dilapsi
2462 1444 2684 1506 ’sumus,
2714 1449 2769 1495 et
2791 1440 2936 1495 aliud
2960 1456 3029 1496 ex
3057 1443 3264 1497 honore
3286 1443 3670 1512 suscepimus,
3697 1450 3853 1512 atque

2241 1528 2386 1584 aliud
2435 1528 2614 1586 cilicio
2645 1532 2876 1588 actionis
2925 1531 3271 1589 exhibemus.
3303 1532 3688 1590 Ministerium
3719 1549 3850 1606 pra-

2244 1622 2529 1680 dicationis
2559 1624 2946 1696 relinquimus,
2976 1634 3034 1682 et
3079 1627 3148 1682 ad
3193 1643 3413 1698 poenam
3464 1638 3764 1694 nostram,
3797 1638 3850 1684 ut

2244 1716 2433 1782 video,
2463 1717 2702 1788 episcopi
2747 1733 3027 1784 vocamur,
3075 1721 3167 1790 qui
3215 1721 3443 1777 honoris
3487 1737 3700 1777 nomen
3749 1736 3849 1777 non

629 1829 756 1885 Ilatc
779 1842 1013 1898 namque
1035 1809 1161 1884 sunt
1191 1827 1544 1883 sacerdotalis
1573 1826 1732 1881 oﬂicii
1752 1867 1766 1892 ,
1789 1835 1845 1881 et
1870 1825 2002 1893 regii
2034 1825 2140 1879 mi-

2244 1811 2500 1866 virtutem
2535 1821 2802 1868 tenemus.
2828 1812 3163 1884 Relinquunt
3185 1829 3424 1886 namque
3447 1814 3629 1872 Deum
3667 1816 3725 1870 bi
3763 1814 3848 1885 qui

560 1923 766 1979 nisterii
804 1941 818 1975 :
849 1922 975 1991 quia
1018 1922 1159 1977 sicut
1203 1921 1256 1974 in
1295 1921 1466 1974 sacris
1504 1919 1732 1991 legimus
1776 1919 2004 1980 litteris,
2035 1917 2142 1972 duo

559 2022 704 2077 sunt,
721 2011 917 2082 quibus
935 2011 1310 2082 principaliter
1335 2012 1569 2066 mundus
1594 2009 1680 2065 hic
1704 2010 1928 2080 regitur.
1954 2017 2142 2063 aucto-

569 2106 706 2162 ritas
726 2119 878 2159 sacra
901 2102 1215 2172 pontiﬁcum
1239 2143 1253 2166 ,
1277 2112 1333 2156 et
1360 2103 1506 2172 regia
1536 2110 1792 2171 potestas.
1819 2099 1980 2156 Solus
1997 2102 2142 2155 enim

560 2195 822 2251 Dominus
847 2201 1029 2248 uoster
1057 2191 1216 2247 Jesus
1251 2191 1503 2247 Christus
1534 2207 1664 2246 vere
1699 2191 1816 2246 ﬁeri
1845 2193 2019 2262 potuit
2048 2207 2144 2245 rex

558 2297 616 2345 et
639 2287 917 2343 sacerdos.
945 2283 1076 2339 Post
1119 2283 1548 2339 incarnationem
1587 2297 1748 2347 vero,
1805 2290 1862 2336 ct
1893 2295 2142 2337 resurre-

559 2379 831 2443 ctionem,
879 2383 934 2431 et
976 2375 1350 2432 ascensionem
1395 2372 1511 2442 ejus
1556 2373 1611 2428 in
1639 2372 1860 2438 ctelum,
1900 2386 2000 2427 nec
2048 2386 2143 2427 rex

558 2468 831 2542 pontiﬁcis
859 2467 1178 2537 dignitatem
1198 2505 1213 2530 ,
1241 2479 1343 2520 nec
1387 2462 1628 2537 pontifex
1663 2462 1868 2534 regiam
1897 2470 2141 2533 potesta-

560 2573 666 2619 tem
683 2562 784 2618 sibi
805 2577 1068 2630 usurpare
1083 2559 1430 2632 praesumpsit
1451 2577 1463 2612 :
1489 2558 1567 2614 sic
1582 2558 1888 2614 actionibus
1907 2557 2144 2628 propriis

557 2654 1020 2725 dignitatibusque
1047 2653 1115 2707 ab
1143 2667 1209 2707 eo
1239 2650 1510 2706 distinctis
1529 2691 1544 2716 ,
1573 2659 1636 2704 ut
1660 2657 1716 2705 ct
1738 2647 2031 2704 Christiani
2062 2664 2145 2704 re-

555 2761 652 2818 ges
677 2761 778 2815 pro
805 2754 1006 2800 teterna
1040 2744 1151 2798 vita
1181 2742 1530 2814 pontiﬁcibus
1559 2742 1896 2813 indigerent,
1926 2749 1982 2795 et
2008 2754 2143 2810 pon—

557 2837 733 2895 tiﬁccs
760 2852 858 2907 pro
887 2835 1268 2906 temporalium
1299 2850 1478 2889 rerum
1506 2848 1668 2888 cursu
1695 2847 1882 2902 regum
1911 2829 2144 2901 disposi-

559 2929 793 2984 tionibus
824 2935 1110 2984 uterentur
1139 2945 1152 2980 :
1193 2934 1463 2997 quatenus
1487 2922 1750 2995 spiritalis
1785 2923 1928 2976 actio
1955 2937 1984 2975 a
2017 2937 2140 2976 car-

556 3020 770 3079 nalibus
817 3020 1042 3076 distaret
1089 3018 1427 3083 incursibus,
1475 3024 1531 3071 et
1582 3016 1704 3071 ideo
1746 3013 1982 3069 militans
2031 3015 2141 3069 Deo

555 3109 782 3164 minime
811 3121 870 3163 se
899 3108 1132 3178 negotiis
1170 3108 1520 3163 stecularibus
1568 3106 1902 3176 implicaret,
1943 3121 2008 3162 ac
2053 3106 2137 3161 vi-
2166 3145 2212 3210 Ο

555 3198 741 3254 cissim
773 3213 879 3252 non
931 3198 1020 3251 ille
1072 3197 1233 3252 rebus
1281 3197 1479 3252 divinis
1508 3197 1799 3268 praesidere
1838 3197 2132 3264 videretur,

555 3290 647 3360 qui
673 3298 820 3345 esset
863 3289 1098 3362 negotiis
1126 3289 1474 3346 saecularibus
1506 3289 1828 3360 implicatus.
1879 3290 1947 3344 Et
1989 3299 2138 3346 tanto

553 3390 638 3438 est
667 3383 902 3453 dignitas
953 3381 1270 3453 pontiﬁcum
1320 3383 1493 3454 major
1540 3397 1701 3452 quam
1735 3395 1958 3453 regum,
2010 3383 2136 3452 quia

554 3489 711 3544 reges
759 3475 814 3530 in
863 3473 1078 3530 culmen
1130 3475 1337 3544 regium
1385 3482 1726 3527 sacrautura
1755 3472 2134 3544 pontiﬁcibus,

557 3569 836 3638 pontiﬁces
867 3575 1047 3620 autem
1077 3582 1108 3619 a
1133 3566 1350 3635 regibus
1385 3565 1692 3620 consecrari
1724 3580 1830 3620 non
1861 3572 2088 3636 possunt
2120 3583 2133 3620 :

553 3669 610 3714 et
638 3670 786 3714 tanto
810 3659 1029 3730 gravius
1067 3659 1278 3728 pondus
1305 3667 1391 3712 est
1428 3657 1806 3723 sacerdotum,
1839 3674 1999 3728 quam
2047 3674 2136 3714 re-

553 3767 710 3824 gum,
740 3759 941 3820 quanto
973 3749 1136 3805 etiam
1186 3763 1285 3818 pro
1332 3748 1462 3818 ipsis
1509 3749 1726 3820 regibus
1775 3751 2135 3831 hominumin

553 3843 739 3898 divino
763 3841 1023 3899 reddituri
1053 3850 1180 3897 sunt
1207 3841 1456 3897 examine
1487 3842 1749 3896 rationem
1778 3857 1792 3895 :
1821 3851 1876 3897 et
1903 3851 2052 3896 tanto
2081 3842 2135 3897 in

552 3919 806 3989 humanis
841 3931 1003 3988 rebus
1047 3947 1233 4001 regum
1282 3947 1413 3988 cura
1460 3939 1544 3986 est
1581 3932 1919 4003 propensior,
1966 3948 2132 4003 quam

553 4026 924 4090 sacerdotum,
973 4034 1178 4096 quanto
1221 4041 1320 4096 pro
1367 4026 1572 4081 honore
1618 4036 1673 4080 et
1715 4025 2029 4081 defensione
2071 4041 2136 4082 ac

551 4120 734 4191 quiete
757 4129 959 4176 sancta:
985 4119 1261 4184 Ecclesiae,
1291 4135 1354 4174 ac
1378 4129 1650 4174 rectorum
1677 4127 1730 4172 et
1757 4117 2133 4174 ministrorum

553 4214 755 4284 ipsius,
785 4223 842 4268 et
868 4213 1015 4284 leges
1043 4211 1466 4284 promulgando,
1497 4228 1560 4268 ac
1589 4212 1893 4278 militando,
1925 4228 1955 4266 a
1987 4213 2135 4282 Rege

552 4319 740 4374 regum
777 4311 860 4359 est
889 4305 968 4358 eis
1002 4317 1146 4358 cura:
1174 4319 1312 4358 onus
1341 4305 1670 4374 impositum.
1705 4303 1769 4358 Et
1802 4303 2028 4375 legimus
2079 4304 2133 4358 in

552 4396 724 4451 sacris
752 4395 996 4452 historiis
1025 4394 1203 4465 (Deut.
1227 4395 1363 4464 xvu)
1391 4437 1405 4451 .
1430 4398 1553 4466 quia
1584 4410 1705 4450 cum
1736 4396 2049 4451 sacerdotes
2079 4396 2133 4450 in

2245 1900 2400 1956 nobis
2427 1902 2700 1958 commissi
2735 1913 2893 1966 sunt,
2925 1912 2982 1958 et
3006 1913 3252 1960 tacemus
3281 1921 3295 1958 ε
3327 1905 3381 1959 in
3409 1907 3609 1975 pravis
3639 1905 3848 1960 actibus

2240 1991 2455 2062 jaceat,
2484 2002 2540 2047 et
2573 1994 2939 2050 correctionis
2961 2010 3180 2049 manum
3213 2010 3323 2050 non
3355 1995 3640 2050 tendimus
3671 2013 3687 2048 :
3720 2010 3847 2066 quo-

2245 2085 2377 2140 tidie
2401 2100 2498 2156 per
2531 2086 2730 2142 multas
2764 2087 3037 2157 nequitias
3064 2095 3330 2158 pereunt,
3360 2096 3414 2143 et
3443 2104 3535 2144 eos
3565 2089 3643 2142 ad
3675 2089 3846 2143 inter-

2243 2195 2372 2234 num
2400 2180 2627 2236 teudere
2654 2181 2994 2252 negligenter
3028 2181 3298 2238 videmus.
3329 2179 3440 2238 Sed
3479 2183 3714 2252 quando
3753 2196 3851 2238 nos

2242 2269 2409 2325 vitam
2439 2271 2716 2343 corrigere
2745 2271 3026 2328 valeamus
3071 2272 3342 2339 alienam,
3388 2274 3484 2344 qui
3522 2273 3848 2344 negligimus

2244 2348 2526 2417 nostram?
2557 2363 2716 2419 Curis
2741 2365 2886 2419 enim
2918 2364 3271 2420 saecularibus
3316 2363 3552 2432 intenti,
3584 2374 3738 2422 tanto
3762 2366 3842 2420 in-

2245 2451 2616 2508 sensibiliores
2644 2453 2789 2508 intus
2813 2452 3098 2518 eﬂicimur,
3125 2462 3332 2525 quanto
3359 2454 3430 2509 ad
3460 2469 3528 2511 ea
3564 2471 3691 2526 quae
3716 2454 3843 2511 foris

2245 2550 2370 2597 sunt
2397 2541 2750 2597 studiosiores
2785 2543 3054 2598 videmur.
3087 2542 3199 2600 Usu
3233 2544 3434 2615 quippe
3483 2559 3640 2600 cura:
3673 2555 3838 2602 terre-

2245 2648 2329 2686 nte
2375 2648 2405 2685 a
2453 2632 2664 2687 caelesti
2693 2631 2962 2688 desiderio
2987 2633 3297 2690 obdurescit
3347 2634 3609 2700 animus,
3641 2644 3696 2690 et
3719 2635 3836 2691 dum

2244 2724 2362 2794 ipso
2392 2739 2490 2778 suo
2513 2739 2614 2779 usu
2643 2723 2812 2779 durus
2841 2723 3072 2780 edicitur
3098 2741 3199 2798 per
3227 2726 3506 2782 actionem
3528 2729 3712 2784 saeculi
3734 2769 3748 2794 ,
3771 2728 3837 2783 ad

2243 2829 2307 2869 ea
2333 2814 2564 2870 emolliri
2603 2829 2708 2870 nor.
2739 2814 2918 2881 valet,
2947 2831 3071 2884 qua:
3108 2816 3390 2885 pertinent
3417 2817 3489 2872 ad
3515 2818 3838 2875 charitatem

2243 2903 2339 2959 Dei
2389 2927 2403 2958 -.
2455 2905 2584 2974 quia
2629 2906 2756 2961 dum
2801 2908 3078 2964 extraneis
3108 2907 3422 2964 actionibus
3469 2910 3834 2980 implicamur,

2241 2996 2605 3052 ministerium
2629 2998 2862 3054 actionis
2893 3009 3099 3055 nostra;
3124 3000 3472 3072 negligimus.
3499 3001 3596 3057 Dei
3619 3017 3839 3058 causam

2242 3086 2628 3156 relinquimus,
2680 3089 2745 3142 ad
2794 3097 3010 3146 terrena
3059 3093 3277 3163 negotia
3323 3093 3839 3150 vacamuszlocutn

2243 3179 2548 3235 sanctitatis
2597 3181 2931 3252 accipimus,
2962 3193 3019 3238 et
3046 3185 3280 3240 terrenis
3329 3187 3547 3243 actibus
3593 3186 3840 3259 implica-

2241 3284 2386 3324 mur.
2414 3270 2698 3341 lmpletum
2729 3281 2813 3326 est
2842 3273 2896 3328 in
2921 3273 3079 3330 nobis
3112 3275 3361 3344 profecto
3394 3278 3540 3348 quod
3571 3279 3835 3349 scriptum

2240 3369 2325 3415 est
2357 3375 2372 3415 :
2406 3360 2475 3414 Et
2507 3363 2605 3416 erit
2635 3365 2770 3418 sicut
2797 3365 3055 3436 populus,
3093 3369 3170 3422 sic
3213 3370 3463 3424 sacerdos
3503 3369 3646 3442 (Isa.
3692 3387 3835 3438 xm,

2244 3451 2367 3506 Ose.
2398 3455 2493 3522 iv).
2524 3452 2790 3510 Sacerdos
2814 3457 2958 3511 enim
2982 3472 3088 3513 non
3117 3459 3280 3514 distat
3300 3475 3328 3513 a
3351 3461 3597 3531 populo,
3629 3463 3836 3533 quando

2240 3544 2388 3599 nullo
2418 3545 2541 3600 vitae
2568 3561 2679 3601 suae
2723 3548 2919 3603 merito
2963 3549 3107 3622 vul'gi
3161 3549 3494 3607 transcendit
3539 3556 3833 3611 actionem.

2241 3634 2380 3690 Ecce
2407 3633 2521 3703 jam
2552 3651 2688 3705 pene
2711 3637 2857 3691 nulla
2888 3647 2973 3693 est
3007 3639 3189 3694 saeculi
3212 3641 3355 3696 actio
3374 3681 3390 3706 ,
3417 3657 3592 3713 quam
3629 3661 3736 3700 non
3758 3660 3838 3700 sa-

2241 3727 2492 3780 cerdotes
2517 3727 2920 3783 administrent.
2958 3728 3176 3797 Quanto
3221 3744 3402 3787 autem
3455 3735 3697 3790 mundus
3729 3735 3838 3807 gls-

2240 3817 2329 3872 dio
2359 3817 2588 3873 feriatur
2633 3819 2960 3889 aspicimus,
3010 3823 3211 3892 quibus
3255 3824 3501 3894 quotidie
3527 3827 3837 3896 percussio-

2239 3911 2399 3967 nibus
2449 3911 2681 3968 intereat
2721 3912 2990 3983 populus,
3041 3915 3309 3971 videmus.
3359 3915 3532 3985 Cujus
3586 3918 3691 3974 hoc
3731 3919 3835 3976 nisi

2239 4012 2427 4058 nostro
2471 4004 2742 4074 praecipue
2787 4013 3013 4076 peccato
3059 4008 3278 4079 agitur?
3323 4023 3454 4065 ecce
3498 4010 3835 4082 depopulata

2238 4095 2437 4162 urbes,
2467 4109 2656 4150 eversa
2706 4106 2920 4163 castra,
2951 4098 3194 4155 ecclesia:
3244 4114 3310 4155 ac
3358 4105 3700 4160 monasteria
3749 4105 3835 4161 de-

2237 4195 2476 4252 structa,
2503 4186 2557 4242 in
2591 4186 2936 4246 solitudinem
2987 4191 3104 4262 agri
3151 4193 3361 4249 redacti
3405 4205 3537 4250 sunt
3572 4215 3588 4250 :
3619 4197 3713 4254 sed
3741 4213 3835 4254 nos

2236 4279 2486 4348 pereunti
2515 4280 2712 4351 populo
2736 4291 2993 4340 auctores
3022 4285 3214 4342 mortis
3242 4287 3532 4345 existimas
3553 4331 3571 4356 ,
3596 4292 3689 4361 qui
3715 4307 3832 4348 eme

2237 4367 2524 4426 debuimus
2549 4371 2716 4427 duces
2741 4373 2810 4428 ad
2837 4373 3025 4429 vitam.
3057 4374 3137 4430 Ex
3163 4386 3353 4433 nostro
3375 4381 3589 4437 etenim
3613 4393 3832 4454 peccato

552 4489 816 4560 regimine
861 4488 1012 4559 regni
1043 4503 1196 4558 reges
1243 4464 1547 4561 ungebam,
1575 4498 1630 4544 et
1658 4489 1964 4544 diademata
1993 4490 2138 4560 capi-
2166 4499 2214 4561 ι)
2239 4464 2422 4561 Ρορψί
2475 4465 2632 4561 "mm
2663 4474 2960 4561 Progn”
3002 4476 3120 4535 es"
3154 4471 3309 4541 quiat
3357 4471 3605 4530 faeieme
3654 4487 3832 4532 "05‘"

552 4579 698 4634 tibus
727 4577 940 4632 illorum
969 4579 1340 4648 imponebant,
1366 4579 1538 4650 legem
1567 4581 1620 4635 in
1651 4582 1903 4639 manibus
1928 4584 2008 4639 eis
2033 4585 2133 4639 da-

551 4669 715 4734 bant,
744 4679 800 4723 ut
824 4669 1097 4724 discerent
1121 4678 1177 4724 et
1201 4670 1407 4726 scirent
1427 4673 1661 4742 qualiter
1696 4689 1755 4729 se
1781 4683 1837 4728 et
1863 4674 2133 4744 subjectos

551 4761 651 4816 sibi
687 4776 874 4832 regere
891 4802 906 4826 ,
935 4769 992 4817 et
1012 4763 1323 4819 sacerdotes
1346 4762 1556 4818 Domini
1583 4766 1851 4822 honorare
1877 4767 2130 4825 debeant.

550 4852 807 4921 Legimus
841 4852 1003 4908 etiam
1027 4852 1081 4907 in
1104 4867 1259 4908 sacra
1287 4853 1510 4909 historia
1535 4856 1659 4925 quia
1687 4855 1848 4913 Ozias
1878 4875 1968 4914 rex
1997 4876 2134 4930 prte-

550 4946 779 5015 sumpsit
807 4944 1084 5001 incensum
1113 4960 1315 5015 ponere
1349 4947 1490 5016 quod
1533 4964 1638 5003 non
1690 4950 1857 5017 regii,
1908 4952 2004 5007 sed
2041 4968 2132 5008 sa-

549 5034 840 5091 cerdotalis
864 5044 985 5091 erat
1027 5035 1313 5091 ministerii
1348 5055 1360 5090 :
1397 5036 1542 5106 lepra
1574 5049 1658 5092 est
1688 5054 1718 5092 a
1766 5039 1875 5094 Deo
1903 5055 2128 5110 percus-

517 5113 520 5116 ’
548 5141 642 5182 sus
661 5168 675 5193 ,
705 5137 760 5183 et
784 5127 850 5182 de
876 5127 1075 5199 templo
1100 5144 1130 5182 a
1157 5129 1531 5184 sacerdotibus
1551 5129 1757 5200 ejectus
1774 5171 1788 5190 ,
1812 5138 1867 5185 et
1889 5131 1941 5185 in
1971 5133 2132 5187 domo

549 5234 645 5276 sua
673 5228 758 5275 est
785 5235 958 5290 usque
982 5220 1049 5275 ad
1079 5229 1309 5276 mortem
1334 5221 1576 5278 reclusus
1603 5221 1689 5294 (II
1725 5221 1854 5276 Par.
1883 5223 2056 5295 xxvr).

507 5347 510 5350 ’
549 5352 613 5412 ll.
654 5351 955 5426 Increpatio
985 5356 1288 5480 torporis‘et
1309 5355 1642 5481 Eegtigentia:
1665 5350 2036 5426 sacerdotum;
2063 5375 2131 5415 ea:

1099 5441 1225 5480 sane
1248 5443 1280 5481 ο
1359 5443 1580 5481 reaorzo.

1099 5441 1280 5482 sancto
1309 5441 1580 5499 bregorro.

620 5555 866 5631 Denique
883 5557 932 5616 si
953 5571 1055 5632 pro
1077 5556 1253 5616 saluts
1271 5559 1416 5632 regis
1435 5575 1502 5618 ac
1519 5561 1832 5634 reipublicae
1849 5562 2131 5621 ministro-

548 5662 673 5705 rum
693 5688 710 5713 ,
730 5657 786 5704 et
810 5664 908 5720 pro
927 5649 1234 5707 ministerio
1253 5651 1561 5724 indignitati
1592 5664 1792 5710 nostra
1808 5655 2126 5723 commisso,

552 5737 608 5792 in
630 5751 885 5808 processu
913 5740 1090 5811 aliqua
1118 5740 1436 5799 dixerimus.
1457 5758 1578 5814 qua
1600 5745 1910 5803 carnalibus
1932 5747 2127 5804 animis

2240 4557 2588 4628 negligentia,
2610 4560 2676 4613 ad
2694 4559 2857 4614 vitam
2871 4562 3083 4617 erudita
3106 4577 3211 4618 non
3233 4573 3334 4619 est.
3357 4563 3665 4624 Pensemus
3688 4584 3829 4640 ergo,

2242 4650 2332 4718 qui
2362 4664 2598 4720 unquam
2631 4665 2729 4720 per
2757 4651 2998 4722 linguam
3030 4663 3272 4710 nostram
3319 4659 3580 4714 conversi
3607 4660 3675 4717 de
3711 4677 3829 4732 per-

2241 4755 2401 4795 verso
2433 4755 2530 4795 suo
2556 4756 2721 4811 opere
2738 4783 2754 4808 ,
2785 4751 2970 4799 nostra
2995 4744 3368 4817 increpatione
3393 4753 3640 4821 correpti
3667 4754 3830 4824 posui-

2242 4831 2468 4886 tentiam
2497 4842 2748 4904 egerunt,
2773 4835 2897 4904 quis
2927 4835 3198 4892 luxuriam
3218 4855 3287 4894 ex
3309 4850 3496 4896 nostra
3525 4845 3831 4901 eruditione

2231 4923 2512 4998 deseruit,
2537 4926 2660 4996 quis
2684 4929 2973 4984 avaritiam
2994 4971 3009 4996 ,
3035 4932 3158 5000 quis
3180 4934 3491 5004 superbiam
3518 4937 3826 4995 declinavit.

2239 5013 2342 5071 Hic
2367 5026 2611 5086 pastores
2640 5020 2817 5074 vocati
2846 5035 3064 5088 sumus,
3096 5032 3152 5078 et
3182 5040 3304 5080 cum
3333 5037 3464 5082 ante
3490 5031 3690 5087 aeterni
3731 5046 3825 5103 pa-

2239 5110 2402 5164 storis
2428 5111 2612 5166 oculos
2640 5113 2981 5181 venerimus,
3022 5116 3094 5172 ibi
3133 5134 3353 5190 gregem
3404 5131 3597 5177 nostra
3636 5124 3827 5194 praedi-

2237 5202 2450 5258 catione
2476 5219 2799 5260 conversum
2828 5223 2936 5263 non
2960 5209 3238 5267 ducemus.
3270 5212 3379 5268 Sed
3407 5215 3654 5282 utinam,
3683 5215 3732 5271 si
3759 5216 3825 5272 ad

2236 5295 2633 5366 praedicationis
2685 5297 2942 5356 virtutem
2976 5316 3083 5357 non
3131 5303 3429 5363 suiﬁcimus
3496 5307 3606 5364 loci
3656 5309 3828 5366 nostri

2234 5387 2472 5445 cilicium
2499 5389 2556 5446 in
2588 5389 2903 5450 innocentia
2934 5393 3062 5452 vita:
3089 5401 3377 5454 teneamus

2373 5519 2459 5580 Ill.
2499 5521 2581 5581 De
2600 5523 2798 5583 honore
2818 5527 3066 5602 cultuque
3090 5529 3191 5587 Dei
3228 5540 3278 5588 et
3315 5533 3686 5591 ecclesiarum.

2303 5659 2382 5715 De
2411 5659 2620 5718 honore
2647 5669 2703 5718 et
2741 5663 2890 5722 cultu
2913 5664 3044 5733 Dei,
3073 5676 3239 5739 atque
3284 5679 3605 5727 sanctarum
3647 5671 3828 5730 eodm

2229 5752 2434 5811 siarum
2452 5793 2469 5822 ,
2496 5769 2618 5826 quas
2639 5764 2864 5816 auctore
2892 5757 3005 5817 Deo
3029 5761 3132 5817 sub
3150 5761 3358 5819 ditioue
3376 5763 3664 5835 regiminis
3682 5764 3826 5834 regis
