4010 6330
190 395 335 455 1073

1426 398 1768 462 CAPITULA
1811 403 2221 466 SYNODALIA.

3313 426 3336 482 1
3349 430 3450 487 οη

189 509 367 565 nostri
395 507 730 576 consistunt,
764 513 1128 569 communiter
1157 516 1339 572 verbis
1365 517 1482 589 ejus
1510 519 1602 588 qui
1634 517 1771 574 dixit
1796 521 1852 582 Α
1873 522 2212 588 manducare,
2240 533 2295 579 et
2320 536 2537 595 caetera,
2561 531 2755 600 quibus
2775 533 2905 590 dicit
2931 553 2942 591 :
2970 535 3230 594 Discedite
3270 559 3301 596 a
3345 561 3449 610 me,

183 598 467 669 discipulis
492 609 546 654 et
569 600 826 670 apostolis
838 602 971 669 suis,
1001 619 1251 675 quorum,
1283 607 1410 664 licet
1438 609 1668 682 indigni,
1691 610 1770 665 vi-

1873 607 2158 678 maledicti,
2187 614 2243 667 in
2269 615 2436 685 ignem
2468 625 2844 695 wternum,qui
2865 639 3084 695 paratus
3120 641 3194 686 est
3218 607 3446 704 diabolo,

181 687 344 742 cibus
373 689 429 742 in
459 689 698 744 Ecclesia
736 692 1000 764 sanguine
1023 694 1226 752 Christi
1269 698 1547 768 redempta
1591 699 1769 770 fungi-
1871 707 1922 752 et
1948 701 2146 772 angelis
2178 703 2291 773 ejus
2326 707 2542 779 (Matth.
2568 687 2738 786 XXIX).
2767 687 2910 773 llinc
2938 733 3068 791 ergo
3095 687 3448 796 colligendum

144 797 310 835 vmur
343 799 357 836 :
391 780 496 848 Qui
518 801 605 838 vos
634 785 785 840 audit
807 803 887 842 me
907 789 1089 856 audit,
1116 800 1166 845 et
1199 792 1290 862 qui
1335 809 1422 848 vos
1451 795 1646 864 spernit
1684 811 1768 851 me
1869 801 1975 856 est,
2005 803 2206 864 quanta
2233 798 2578 860 damnatione
2605 780 2872 875 plectendi
2892 780 3030 868 sunt
3043 816 3136 886 qui
3164 780 3338 876 aliena
3367 838 3450 878 ra-

170 875 379 940 spernit
408 888 426 926 :
452 891 556 929 non
585 878 724 931 enim
758 895 845 933 vos
866 881 988 936 estis
1011 884 1101 952 qui
1121 882 1429 954 loquimini,
1466 887 1556 940 sed
1591 884 1764 956 Spiri-

170 973 268 1017 tus
283 963 463 1020 Patris
487 969 642 1023 vestri
657 971 749 1041 qui
777 971 1010 1043 loquitur
1030 974 1085 1028 in
1123 974 1267 1030 vobis
1297 974 1446 1046 (Luc.
1489 977 1543 1048 ι)
1564 1017 1579 1041 ,
1608 978 1762 1033 dom-

168 1069 309 1110 num
347 1067 589 1115 nostrum
637 1076 818 1134 regem
864 1081 1180 1134 monemus,
1227 1078 1290 1124 ut
1333 1070 1473 1126 sicut
1518 1079 1763 1141 tempore

167 1153 585 1204 antecessorum
613 1165 833 1207 suorum
862 1154 1252 1225 imperatorum
1280 1173 1346 1214 ac
1371 1175 1557 1231 regum
1577 1161 1762 1217 excul-

167 1239 248 1288 ta:
277 1246 331 1290 et
362 1236 658 1308 honoratae,
687 1251 849 1314 atque
871 1247 1033 1302 rebus
1054 1249 1324 1319 ampliata:
1351 1249 1590 1318 fuerunt,
1609 1252 1758 1308 salva

159 1327 447 1398 aequitatis
491 1335 701 1392 ratione
729 1337 800 1393 ita
839 1351 1226 1409 permaneant;
1257 1351 1310 1397 et
1338 1359 1459 1414 quae
1487 1360 1583 1399 sua
1619 1346 1756 1402 libe-

161 1417 394 1476 ralitate
441 1422 718 1483 honorata:
764 1440 926 1501 atque
955 1433 1142 1488 ditata:
1186 1433 1436 1502 fuerunt,
1467 1436 1532 1491 de
1561 1445 1758 1492 caetero

161 1511 276 1564 sub
337 1513 644 1587 integritate
694 1523 777 1576 sui
825 1534 1132 1580 serventur.
1185 1526 1253 1581 Et
1296 1529 1642 1595 sacerdotes,
1691 1543 1757 1585 ac

159 1603 316 1657 servi
363 1614 417 1660 et
463 1611 672 1666 ancillae
721 1614 845 1681 Dei,
898 1617 1137 1687 vigorem
1188 1619 1650 1687 ecclesiasticum,
1697 1632 1755 1677 et

155 1693 350 1749 debita
400 1699 714 1774 privilegia,
759 1705 914 1775 juxta
964 1711 1317 1766 reverendam
1371 1714 1752 1769 auctoritatem

153 1787 447 1846 obtineant
479 1813 491 1848 :
523 1796 712 1866 eisque
741 1800 941 1870 regalis
966 1811 1238 1872 potestas,
1269 1815 1324 1860 et
1352 1804 1645 1860 illustrium
1672 1806 1750 1860 vi-

1868 881 2042 950 piunt,
2073 884 2117 938 si
2152 893 2296 942 tanta
2324 890 2790 954 animadversione
2832 881 3099 960 feriuntur
3122 909 3212 977 qui
3240 925 3334 966 sua
3366 912 3449 967 in-

1869 972 2104 1032 discrete
2131 985 2434 1036 tenuerunt.
2469 983 2809 1056 Perpendant
2828 1007 2935 1063 quo
2959 1009 3053 1050 eos
3075 972 3273 1070 obliget
3294 1014 3443 1057 reatu

1865 1077 1955 1119 res
1985 1076 2158 1136 rapta,
2211 1070 2256 1125 si
2309 1073 2404 1128 tali
2441 1076 2656 1146 subjicit
2698 1097 2869 1150 pmnae
2915 1101 3021 1141 non
3051 1091 3286 1147 tradita:
3317 1109 3442 1164 per-

1861 1156 2100 1226 pendant
2136 1162 2266 1230 quid
2293 1174 2534 1221 meretur
2563 1169 2823 1238 injustitia
2857 1174 3022 1244 illata,
3071 1180 3116 1235 si
3143 1190 3290 1238 tanta
3318 1156 3440 1254 per-

1861 1249 2113 1308 cussione
2139 1254 2300 1325 digna
2327 1267 2414 1312 est
2456 1260 2630 1329 pietas
2656 1277 2764 1317 non
2788 1264 3054 1336 impensa.
3089 1249 3336 1329 Audiant-
3356 1293 3441 1330 ra-

1859 1350 2080 1408 ptores:
2113 1343 2206 1400 Vw
2246 1348 2292 1401 ei
2329 1351 2417 1418 qui
2454 1351 2768 1423 multiplicat
2811 1373 2913 1411 non
2949 1375 3049 1414 sua
3078 1377 3358 1435 usquequo,
3391 1377 3440 1422 et

1859 1445 2107 1502 aggravet
2135 1450 2314 1494 contra
2334 1458 2388 1496 se
2408 1443 2624 1498 densum
2647 1445 2817 1501 lutum
2839 1449 3065 1521 (Habac.
3087 1455 3171 1526 ll).
3204 1457 3440 1515 Densunt

1859 1520 2028 1579 lutum
2066 1540 2256 1583 contra
2306 1547 2366 1588 se
2415 1549 2730 1606 aggravare,
2773 1520 2856 1595 est
2893 1550 3108 1599 terrena
3137 1545 3285 1602 lucra
3313 1565 3438 1606 cum

1857 1615 2094 1693 pondere
2139 1621 2352 1688 peccati
2400 1625 2694 1682 cumulare.
2749 1628 2986 1686 Audiant
3032 1635 3161 1704 quid
3190 1627 3438 1697 Christus

1855 1705 2000 1761 dicat
2026 1727 2038 1761 :
2069 1709 2211 1776 Quid
2233 1714 2442 1782 prodest
2471 1718 2669 1772 homini
2709 1720 2755 1773 si
2801 1731 2966 1776 totum
2988 1728 3240 1780 mundum
3265 1728 3438 1786 lucre-

1854 1805 1962 1863 tur,
1987 1803 2176 1856 aninue
2205 1821 2325 1859 vero
2353 1823 2466 1861 sum
2500 1809 2864 1865 detrimentum
2887 1815 2983 1882 ﬁat
3006 1816 3032 1869 2
3053 1816 3266 1888 (Matth.
3295 1821 3434 1895 ενι.)

152 1897 353 1940 rorum
385 1889 708 1953 Strenuitas,
742 1905 837 1946 seu
882 1893 1192 1963 reipublicae
1241 1896 1744 1966 administratores,
1779 1878 1830 1939 Β
1853 1890 1909 1946 Ῐά
1935 1902 2039 1958 εει,
2079 1896 2207 1964 quid
2231 1898 2448 1967 pI‘OdBSl
2473 1902 2700 1969 homini,
2733 1905 2778 1959 si
2809 1914 2978 1963 totum
3009 1912 3152 1980 quod
3190 1923 3346 1970 extra
3373 1931 3434 1973 se

149 1983 223 2029 ut
249 1991 407 2034 suum
433 1981 792 2038 ministerium
839 1997 1213 2056 competenter
1247 1991 1474 2060 exsequi
1505 1991 1741 2057 valeant,

146 2065 213 2122 in
244 2072 497 2128 omnibus
529 2076 928 2132 rationabiliter
958 2087 1014 2134 et
1041 2073 1190 2150 justo
1215 2073 1564 2138 concurrant.

335 2184 424 2241 IV.
466 2187 545 2242 De
576 2190 905 2272 suscipienda
940 2208 1068 2247 cura
1103 2197 1560 2251 monasteriorum.

228 2293 301 2352 Ut
328 2298 478 2354 missi
503 2303 638 2372 regii
670 2319 767 2374 per
790 2306 1074 2374 civitates,
1103 2317 1158 2365 et
1177 2310 1388 2382 singula
1415 2316 1743 2373 monasteria

139 2397 266 2445 tam
296 2394 685 2451 canonicorum
705 2439 719 2462 ,
743 2415 906 2469 quam
930 2403 1321 2460 monachorum
1343 2447 1358 2472 ,
1393 2407 1508 2462 sive
1537 2411 1740 2465 sancti-

137 2485 468 2540 monialium
486 2528 500 2553 ,
525 2504 631 2544 una
651 2506 776 2546 cum
805 2495 1060 2564 episcopo
1087 2499 1740 2570 parochiaa‘uniuscujus-

138 2592 371 2648 cunque
417 2581 470 2636 in
519 2597 622 2652 qua
669 2586 1003 2653 consistunt,
1038 2604 1161 2643 cum
1193 2590 1421 2645 consilio
1469 2592 1635 2646 etiam
1686 2599 1741 2647 et

139 2681 423 2723 consensu
453 2671 622 2740 ipsius
650 2674 740 2742 qui
769 2678 1164 2732 monasterium
1193 2680 1431 2746 retinet,
1463 2680 1631 2734 vitam
1662 2680 1738 2734 ibi

135 2756 460 2828 degentium
490 2769 540 2816 ct
570 2766 1043 2820 conversationem
1091 2769 1399 2838 inquirant,
1439 2778 1494 2824 et
1524 2770 1612 2824 ubi
1644 2785 1739 2824 ne-

133 2861 302 2902 cesse
333 2858 417 2904 est
443 2853 751 2922 corrigam,
798 2863 851 2908 et
882 2856 974 2910 ubi
1007 2857 1236 2922 desunt,
1269 2873 1540 2930 congruas
1569 2859 1734 2915 oflici-

132 2955 245 2995 nas
274 2945 874 3014 construerejubcant,
905 2959 958 3003 et
990 2949 1081 3004 ubi
1114 2949 1274 3005 factae
1321 2958 1375 3006 et
1420 2967 1518 3022 per
1559 2953 1732 3024 negli-

132 3031 386 3100 gentiam
434 3043 564 3088 sunt
592 3035 901 3104 destructas,
951 3039 1248 3095 instaurari
1298 3043 1647 3113 prmcipiant,
1680 3052 1734 3098 et

131 3121 346 3176 victum
370 3137 433 3179 ac
461 3135 648 3196 potum
667 3168 684 3194 ,
712 3138 766 3184 et
792 3132 1081 3198 vestitum,
1114 3143 1278 3204 atque
1305 3145 1501 3190 caetera
1537 3152 1727 3193 neces-

129 3212 321 3275 saria,
353 3228 452 3282 pro
491 3217 751 3286 qualitate
775 3229 831 3276 et
863 3223 1221 3290 possibilitate
1251 3224 1392 3292 loci,
1425 3236 1481 3281 et
1504 3227 1722 3283 inhabi-
1754 3237 1802 3302 ο

128 3309 370 3358 tantlum
397 3309 722 3364 necessitate
767 3310 1054 3379 ordinent,
1091 3323 1148 3369 et
1177 3314 1603 3387 hospitalitatem
1635 3333 1725 3372 su-

128 3395 565 3470 pervenientium
597 3400 906 3471 hospitum,
937 3412 995 3458 et
1035 3408 1397 3476 receptionem
1427 3423 1726 3478 pauperum

128 3482 338 3538 ibidem
388 3487 679 3560 disponant
724 3501 779 3548 et
825 3495 1121 3552 ordinent:
1165 3508 1220 3552 et
1267 3500 1611 3569 thesaurum,
1659 3515 1726 3557 ac

123 3577 495 3646 vestimenta,
543 3598 637 3637 seu
705 3584 872 3641 libros
927 3587 1213 3658 diligenter
1260 3592 1616 3661 imbrevient,
1669 3602 1728 3650 et

127 3666 332 3722 breves
363 3671 476 3741 regi
508 3683 805 3742 reportent.
837 3675 1164 3733 lmhrevient
1193 3682 1320 3750 quid
1353 3686 1725 3754 unusquisque

131 3758 495 3816 ecclesiarum
524 3763 795 3832 praelatus,
827 3769 1044 3837 quando
1081 3772 1446 3840 praelationem
1479 3777 1724 3832 ecclesiae

129 3850 402 3921 suscepit,
449 3853 523 3907 ibi
562 3854 870 3923 invenerit,
897 3868 951 3912 et
980 3859 1108 3928 quid
1141 3862 1298 3917 modo
1321 3865 1515 3919 exinde
1543 3867 1724 3923 minus

124 3941 236 4005 sit,
259 3944 342 3999 vel
365 3945 495 4016 quid
522 3956 578 4001 et
600 3959 860 4018 quantum
885 3951 957 4006 sit
975 3954 1400 4022 superadditum.
1426 3957 1721 4016 Numerum

127 4035 298 4090 etiam
334 4039 756 4108 canonicorum,
796 4053 851 4098 et
896 4048 1322 4114 monachorum,
1357 4049 1472 4105 sive
1519 4053 1720 4107 sancti-

126 4129 450 4186 monialium
471 4172 486 4198 ,
515 4134 936 4206 uniuscujusque
981 4137 1086 4193 loci
1135 4138 1479 4208 describant,
1513 4150 1566 4196 et
1601 4142 1715 4214 regi

123 4220 736 4282 referantzsecundum
779 4230 1096 4299 qualitatem
1120 4231 1258 4298 loci,
1306 4249 1429 4288 cum
1487 4235 1716 4290 consilio

127 4315 506 4386 episcoporum
535 4328 590 4374 et
614 4320 856 4376 ﬁdelium
887 4337 1143 4390 suorum,
1186 4326 1277 4382 ubi
1323 4327 1504 4383 minor
1530 4343 1718 4384 nume-

124 4420 220 4460 rus
252 4405 453 4475 fuerit,
481 4410 632 4482 regia
663 4413 990 4470 auctoritate
1021 4414 1252 4472 addatur
1285 4435 1297 4472 :
1331 4420 1422 4474 ubi
1454 4435 1583 4476 vero
1629 4421 1714 4476 in-

120 4499 452 4558 discretione
489 4505 862 4573 przelatorum‘
886 4510 1250 4580 superfuerit,
1281 4513 1348 4568 ad
1399 4529 1710 4570 mensuram

118 4593 418 4664 redigatur.
445 4595 514 4650 Et
540 4598 773 4666 qualiter
792 4599 1132 4658 abbatiarum
1154 4604 1384 4674 praelati,
1409 4615 1464 4662 et
1489 4607 1541 4662 in
1574 4607 1708 4664 locis
1736 4607 1790 4669 D

114 4684 295 4739 sacris
320 4684 705 4755 inhabitantes,
737 4691 804 4746 de
844 4692 929 4746 his
957 4708 1078 4752 quae
1118 4696 1271 4750 missi
1321 4698 1452 4768 regii
1498 4713 1706 4768 praece-

111 4776 330 4847 perint,
361 4779 684 4848 obedierint,
710 4783 825 4854 regi
855 4783 1270 4853 diligentissime
1289 4797 1346 4844 et
1365 4790 1704 4860 capitulatim

110 4869 326 4925 reterre
351 4883 668 4941 procurent.

186 4983 254 5040 ν.
279 4984 583 5060 De'rapinis
623 4993 1010 5065 compescendis
1044 5003 1092 5048 et
1117 5009 1246 5064 pace
1291 4995 1628 5050 restituenda.

180 5097 450 5171 Raptores
487 5114 688 5174 autem,
736 5123 844 5163 non
895 5111 1098 5166 nostris
1126 5110 1325 5175 verbis,
1370 5111 1464 5166 sed
1494 5111 1699 5168 Christi

102 5201 163 5249 et
190 5206 507 5252 sanctorum
534 5199 670 5270 ejus,
701 5201 793 5271 qui
825 5216 949 5256 cum
972 5201 1065 5257 illo
1093 5202 1146 5256 in
1183 5198 1324 5258 coelo
1370 5212 1618 5274 regnant,
1647 5212 1704 5260 et

105 5284 160 5338 in
191 5285 353 5339 terris
378 5287 654 5344 miraculis
689 5299 999 5356 coruscant,
1033 5292 1356 5346 auctoritate
1399 5293 1570 5362 ipsius
1608 5294 1700 5363 qui

104 5374 285 5440 nobis,
310 5375 437 5432 licet
463 5378 722 5450 indignis,
740 5381 792 5435 in
808 5381 1066 5451 apostolis
1092 5382 1208 5438 suis
1231 5382 1403 5438 dixit:
1433 5381 1698 5449 Quaecun-

101 5483 204 5538 que
231 5466 570 5538 alligaveritis
591 5488 748 5542 super
766 5483 982 5538 terram,
1014 5483 1165 5527 erunt
1195 5474 1358 5544 ligata
1379 5483 1427 5529 et
1449 5476 1504 5530 in
1525 5475 1698 5533 ctelis:

102 5567 151 5610 et
175 5575 294 5628 qua:
318 5561 575 5618 solveritis
613 5583 771 5637 super
796 5576 1012 5632 terram,
1044 5576 1198 5622 erunt
1239 5566 1412 5621 soluta
1441 5578 1488 5622 et
1518 5569 1573 5622 in
1604 5585 1705 5624 cte-

103 5651 168 5704 lis
195 5651 409 5718 (illatth.
462 5659 640 5730 xvm),
673 5677 976 5730 monemus,
1015 5671 1070 5718 et
1098 5663 1178 5719 eis
1204 5663 1368 5718 verba
1405 5664 1572 5733 ipsius
1600 5665 1704 5720 Do-

107 5741 240 5796 mini
279 5743 635 5814 inculcamus,
668 5767 810 5821 qum,
857 5753 959 5808 nisi
1004 5767 1064 5809 se
1092 5753 1449 5818 correxerint,
1502 5753 1556 5808 in
1609 5769 1703 5809 ex-

106 5848 286 5896 tremo
333 5838 537 5910 judicio
585 5845 808 5901 audient
837 5863 851 5905 :
879 5843 1115 5914 Esurivi,
1139 5858 1312 5902 etnon
1333 5845 1550 5902 dedistis
1573 5847 1703 5904 milii

1848 1992 1930 2039 est
1965 1996 2280 2057 congregat,
2304 1990 2350 2043 si
2376 1991 2478 2046 hoc
2514 1993 2687 2048 solum
2716 1997 2856 2065 quod
2886 1997 3002 2067 ipse
3045 2009 3130 2056 est
3169 2002 3436 2060 damnat?

1845 2075 2080 2131 Audiant
2108 2079 2250 2146 quod
2285 2079 2372 2134 illa
2401 2096 2522 2150 quae
2548 2084 2765 2152 rapiunt
2811 2087 2866 2141 in
2913 2089 3016 2145 hoc
3060 2092 3275 2148 saeculo-
3301 2094 3436 2149 deﬁ-

1845 2165 2008 2233 cient,
2031 2180 2123 2224 aut
2153 2170 2206 2224 in
2229 2172 2426 2228 saeculo
2448 2173 2742 2244 dimittent,
2766 2181 2860 2235 sed
2881 2196 3063 2238 secum
3086 2186 3152 2240 ad
3168 2185 3433 2255 judicium

1845 2273 2044 2315 causas
2093 2262 2317 2331 rapinae,
2360 2264 2413 2319 id
2458 2274 2543 2320 est
2590 2267 2991 2328 damnationem
3023 2290 3207 2332 secum
3231 2277 3426 2335 ferent.

1841 2348 2078 2406 Audiant
2109 2354 2236 2421 quid
2265 2357 2528 2425 propheta
2558 2357 2724 2416 Isaias
2750 2363 2882 2418 dicit
2907 2381 2919 2417 :
2946 2363 3155 2436 Rapina
3183 2361 3432 2439 pauperis

1840 2439 1897 2492 in
1923 2440 2080 2494 domo
2119 2453 2289 2497 vestra
2323 2444 2460 2514 (Isa.
2501 2446 2603 2515 ιιι).
2642 2448 2711 2504 Ει
2742 2467 2755 2506 :
2787 2449 2964 2517 Causa
2993 2455 3166 2509 vidua:
3206 2473 3310 2512 non
3340 2445 3426 2512 iti-

1841 2535 2080 2601 greditur
2101 2535 2171 2587 ad
2212 2551 2300 2589 eos
2325 2535 2459 2606 (lsa.
2491 2538 2552 2608 ι).
2587 2539 2654 2594 Et
2688 2558 2702 2595 :
2735 2539 2859 2596 Non
2892 2523 3140 2614 despiciet
3167 2545 3427 2605 Dominus

1837 2637 2013 2690 preces
2036 2623 2244 2692 pupilli,
2277 2640 2369 2678 nec
2396 2626 2625 2694 viduam,
2650 2629 2697 2682 si
2722 2631 2959 2700 effundat
2986 2633 3246 2706 loquelam
3264 2640 3430 2708 genti-

1838 2719 1940 2764 tus.
1977 2710 2168 2765 Nonne
2189 2711 2436 2782 lacryma:
2461 2715 2632 2771 vidua:
2671 2720 2742 2773 ad
2787 2721 3056 2776 maxillam
3081 2725 3424 2793 descendunt,

1836 2813 1888 2856 et
1920 2803 2234 2860 exclamatio
2265 2810 2378 2878 ejus
2407 2826 2563 2880 super
2594 2811 2931 2868 deducentem
2959 2831 3049 2870 eas
3071 2817 3097 2872 Ρ
3123 2819 3164 2873 Α
3200 2821 3421 2877 maxilla

1835 2898 1972 2952 enim
1996 2901 2282 2956 ascendunt
2315 2919 2476 2974 usque
2495 2904 2564 2958 ad
2603 2904 2806 2970 calum,
2846 2917 2894 2962 et
2924 2907 3179 2966 Dominus
3200 2914 3431 2968 exaudio

1834 2999 1918 3043 tor
1958 3005 2062 3045 non
2101 2991 2443 3048 delectabitur
2478 2995 2534 3050 in
2583 2994 2689 3049 illis
2714 2995 2906 3066 (Eccli.
2940 3001 3126 3072 xxxv).
3181 3002 3422 3060 Audiant

1833 3087 1959 3152 quia
1989 3086 2040 3140 in
2077 3088 2230 3158 cujus
2257 3088 2419 3145 domo
2447 3090 2634 3159 rapina
2664 3099 2778 3156 est,
2806 3093 2921 3149 sive
2948 3094 3004 3148 in
3033 3095 3191 3151 domo
3221 3110 3418 3168 σοι-μοι

1833 3176 1930 3240 ris,
1986 3177 2097 3233 sive
2149 3179 2203 3234 in
2233 3180 2394 3236 domo
2436 3182 2753 3248 mansionis,
2799 3199 2908 3240 non
2959 3185 3168 3244 habitat
3211 3189 3266 3245 in
3319 3189 3412 3246 illa

1831 3265 1990 3322 domo
2021 3267 2255 3336 Spiritus
2285 3282 2522 3338 saueius,
2567 3272 2664 3329 sed
2689 3274 2912 3343 spirittis
2957 3275 3260 3346 malignus:
3286 3287 3340 3336 et
3363 3280 3430 3337 si.

1829 3359 2035 3414 accedit
2056 3360 2124 3415 ad
2148 3364 2585 3418 communionem"
2607 3365 2850 3437 corporis
2870 3374 2926 3422 et
2952 3370 3231 3439 sanguinis

1828 3450 1896 3505 sti
1928 3460 2055 3508 ante
2081 3452 2299 3525 dignam
2345 3455 2793 3522 satisfactionem,
2842 3473 2950 3513 non
2992 3461 3284 3517 mundatur
3316 3477 3432 3533 per

1829 3543 1975 3599 illam
2019 3547 2452 3602 communionem
2496 3563 2528 3602 a
2571 3558 2812 3617 peccato,
2843 3547 2938 3605 sed
2987 3548 3220 3621 plenius,
3267 3553 3414 3609 sicut

1831 3633 2023 3701 Judas,
2055 3638 2272 3706 quando
2302 3638 2356 3692 in
2386 3653 2540 3695 coena
2570 3638 2763 3710 plenus
2808 3640 2999 3711 rapina
3039 3650 3094 3699 et
3124 3643 3411 3715 iniquitate
3449 3703 3452 3706 ,

1829 3728 2235 3782 communicare
2262 3730 2603 3798 praesumpsit
2633 3730 2701 3785 de
2729 3745 2892 3785 manu
2921 3730 3144 3799 Christi,
3191 3749 3402 3805 posses.
3441 3757 3446 3767 ·

1825 3832 1917 3872 sus
1940 3826 2025 3872 est
2047 3832 2079 3871 a
2109 3817 2342 3872 diabolo.
2371 3817 2525 3874 Unde
2549 3827 2604 3873 et
2623 3834 2917 3889 suspensus
2942 3824 3153 3892 crepuit
3177 3826 3410 3894 medius,

1821 3918 1876 3963 et
1901 3909 2036 3964 abiit
2064 3909 2118 3963 in
2161 3908 2338 3963 locum
2368 3924 2544 3974 suum,
2578 3909 2632 3965 id
2673 3920 2759 3966 est
2800 3911 2914 3966 suis
2936 3913 3145 3970 meritis
3173 3917 3410 3986 acquisi-

1822 4009 1956 4066 tum,
1985 4001 2240 4056 videlicet
2259 4000 2316 4055 in
2345 4001 2523 4072 ignem
2550 4010 2811 4058 aeternum
2833 4017 2850 4057 :
2874 4004 3000 4072 quia
3027 4020 3150 4060 cum
3183 4007 3408 4064 intravit

1820 4100 2038 4149 sanctus
2105 4092 2262 4163 panis
2321 4093 2376 4147 in
2423 4093 2640 4162 plenum
2691 4093 2760 4149 de
2813 4094 3098 4165 iniquitate
3135 4109 3403 4166 ventrem,

1822 4187 2046 4241 intravit
2129 4186 2300 4241 hostis
2377 4186 2670 4255 antiquus,
2727 4187 2818 4256 qui
2897 4188 3096 4244 dicitur
3155 4190 3402 4249 diabolus

1819 4286 1876 4332 et
1932 4275 2186 4340 Satanas,
2269 4277 2325 4331 in
2390 4276 2664 4333 crudelem
2725 4285 2781 4333 et
2858 4280 3077 4349 impiam
3139 4292 3400 4342 mentem.

1817 4367 1884 4422 Et
1907 4367 1994 4422 ille
2027 4369 2192 4432 enim,
2221 4368 2362 4423 sicut
2397 4365 2563 4424 Judas
2610 4368 2828 4424 tradidit
2853 4369 3124 4426 Christum
3149 4386 3401 4443 peccato-

1815 4461 1966 4516 ribus
1993 4459 2213 4526 Judtels,
2246 4468 2320 4514 ita
2348 4459 2538 4530 plenus
2568 4460 2771 4530 rapinis
2811 4470 2866 4516 et
2909 4461 3191 4533 iniquitate
3235 4466 3400 4521 tradit

1815 4550 2088 4607 Christum
2119 4551 2495 4621 peccatoribus
2539 4550 2797 4605 membris
2826 4551 2959 4617 suis,
3009 4553 3104 4623 qui
3141 4553 3273 4610 illud
3317 4555 3400 4610 in-

1814 4642 2132 4698 aestimabile
2153 4641 2368 4698 Domini
2414 4655 2610 4710 corpus
2638 4639 2842 4696 violare
2865 4643 3162 4712 praesumit.
3218 4641 3287 4698 Et
3321 4659 3398 4699 vae

1815 4736 1891 4791 illi
1911 4735 2136 4798 homini,
2168 4735 2260 4805 qui
2283 4734 2352 4789 ad
2373 4747 2614 4788 mensam
2640 4731 2853 4788 Domini
2875 4733 3140 4804 malignus
3163 4733 3394 4802 accedit,

1813 4834 1907 4903 qui
1945 4831 2154 4887 insidiis
2193 4839 2372 4884 mente
2423 4830 2676 4895 conditis,
2725 4829 2817 4900 qui
2856 4831 3166 4900 praecordiis
3205 4832 3396 4902 rapina

1812 4930 1906 4976 aut
1927 4921 2107 4990 aliquo
2145 4918 2348 4974 scelere
2374 4918 2593 4989 pollutis
2635 4919 3016 4991 mysteriorum
3061 4919 3262 4976 Christi
3307 4935 3398 4977 se-

1812 5013 1977 5068 cretis
2015 5011 2340 5082 partieipare
2376 5025 2484 5067 non
2532 5011 2742 5066 metuit.
2793 5010 2884 5065 Vae
2931 5009 3008 5065 illi
3041 5009 3280 5079 homini,
3327 5013 3398 5070 de

1810 5119 1919 5175 quo
1957 5101 2113 5158 Jesus
2136 5142 2151 5166 ,
2189 5102 2280 5171 qui
2309 5102 2571 5158 altaribus
2614 5101 2974 5160 sacrosanctis
3016 5101 3158 5158 inter
3201 5102 3396 5161 immo-

1808 5197 2028 5252 landum
2054 5237 2071 5265 ,
2122 5205 2305 5267 utpote
2353 5195 2623 5267 proposita
2665 5201 3080 5251 consecraturos
3128 5211 3394 5266 munera,

1809 5289 1998 5344 adesse
2045 5302 2150 5342 non
2198 5286 2496 5353 dubitatur,
2527 5285 2831 5342 astantibus
2856 5287 2958 5344 sibi
2990 5287 3256 5346 ministris
3281 5305 3396 5346 ca:-

1807 5386 2036 5441 lestibus
2074 5383 2228 5454 queri
2266 5383 2492 5451 cogitur,
2528 5382 2672 5450 quod
2713 5381 2768 5436 in
2800 5395 2955 5438 coena
3005 5381 3281 5453 discipulis
3327 5383 3396 5439 de

1806 5476 1942 5532 Juda
1975 5476 2148 5531 dixit:
2177 5473 2328 5538 Ecce,
2368 5472 2638 5543 inquiens,
2667 5490 2855 5528 manus
2881 5472 3137 5528 tradentis
3178 5490 3260 5528 me
3280 5490 3393 5528 nte-

1807 5584 1922 5623 cum
1951 5577 2024 5621 est
2062 5566 2118 5618 in
2157 5579 2336 5618 mensa
2361 5561 2511 5635 (Luc.
2539 5564 2697 5634 χχιι).
2733 5563 2796 5618 Et
2823 5579 2901 5619 vae
2928 5563 3004 5619 illi
3033 5564 3100 5622 de
3129 5579 3236 5634 quo
3263 5563 3396 5620 dicit

1805 5657 2005 5714 Paulus
2034 5653 2310 5724 apostolus
2354 5655 2496 5725 quod
2543 5655 2696 5726 quasi
2745 5653 2964 5725 speciali
3011 5654 3292 5726 privilegio
3337 5655 3396 5712 in

1806 5765 1962 5806 cinna
2011 5745 2223 5801 Domini
2275 5746 2492 5816 quando
2538 5747 2651 5804 haec
2701 5759 2828 5804 sunt
2877 5748 3073 5804 tradita
3118 5747 3389 5818 legimus:

1814 5840 2121 5912 Quicunque
2150 5835 2433 5894 manducat
2466 5853 2654 5908 panem
2693 5837 2852 5908 hanc,
2901 5849 2995 5894 aut
3040 5837 3257 5915 calicem
3283 5838 3404 5914 Βοη,
