4010 6330
550 421 693 481 10Ἱὸ
1377 410 1712 473 HINCMARI
1745 403 1959 466 RHEM.
2002 394 2321 488 ARCHIEP.
2357 391 2723 455 OPUSCULA
2758 385 2987 475 νΑιιιΑ.
3700 380 3847 445 ξπ

466 542 481 557 ⁸
549 553 680 595 nunt
710 534 832 590 bibit
862 532 1096 604 indigne,
1117 528 1381 601 judicium
1419 528 1517 585 sibi
1561 524 1847 580 manducat
1893 530 1942 576 et
1983 518 2128 579 bibit,
2157 513 2213 577 Α
2235 518 2329 568 aut
2356 507 2707 604 adultam-aut
2744 519 2934 575 rapax,
2965 501 3470 604 aut‘bomicidgest,

706 589 1031 699 dijudican's,
1160 629 1248 678 est
1274 634 1383 675 non
1408 618 1725 675 discernens
1752 630 1784 670 a
1802 614 1947 670 cibis
1977 618 2138 668 caete-
2238 600 2381 699 modi
2411 616 2517 699 nec.
2540 598 2713 699 cibum
2740 611 2943 699 sumere
2978 592 3032 666 (Ι
3055 591 3181 648 Cor.
3224 592 3279 696 ν)
3305 592 3521 699 Phristi

554 683 656 786 ns,
682 683 870 789 corpus
908 683 1122 770 Domini
1147 711 1202 780 (ι
1229 709 1352 766 Cor.
1387 708 1463 780 ιι)
1495 725 1509 762 ε
1545 708 1639 763 sed
1667 707 1746 763 sic
1782 705 1850 760 ad
1893 717 2136 759 mensam
2241 692 2294 747 id
2339 700 2423 747 est
2459 689 2788 753 Christiano,
2829 688 2960 743 licet
3000 693 3139 741 ante.
3167 684 3641 749 satisfactionem,
3675 683 3731 738 id
3766 690 3857 738 es

552 775 784 869 Domini.
805 805 1013 863 accedit
1037 775 1166 859 sine
1182 775 1484 859 reverentia
1512 808 1567 856 et
1593 799 1787 854 timore
1813 797 1879 851 de
1902 792 2140 866 peccatis
2236 783 2658 847 correctionem,
2695 795 2759 835 ac
2786 778 3217 835 emendationem
3244 786 3299 832 et
3321 777 3549 847 dignam
3579 775 3857 845 poeniten-

554 862 865 964 @Iéhm
886 862 1057 951 fletus
1082 893 1311 957 accedit,
1342 891 1561 962 quando
1597 889 1779 944 socius
1814 862 1946 942 sutis
1986 884 2140 938 illum
2242 875 2394 931 tiam.
2450 873 2689 929 Audiant
2711 871 2857 964 quod
2888 876 3112 925 sanctus
3132 866 3369 922 Joannes
3397 863 3719 936 apostolus,
3741 862 3856 918 eb-

553 959 710 1061 pleua
734 1002 924 1044 mensa
954 987 1131 1054 pascit
1178 986 1247 1040 de
1283 959 1489 1054 rapinis
1527 982 1659 1037 suis.
1707 980 1776 1034 Et
1804 977 1949 1049 quod
1997 976 2142 1031 idem
2241 976 2363 1061 ctus
2408 974 2463 1023 et
2508 967 2750 1061 dilectus
2781 962 3007 1061 Christi,
3060 961 3152 1031 qui
3187 959 3241 1061 in
3273 972 3430 1014 caena
3459 962 3858 1061 super-pectas

554 1045 688 1137 dicit
713 1045 1005 1150 Apostolus
1035 1095 1050 1133 :
1080 1077 1211 1133 Ideo
1235 1045 1372 1130 ἰηιεῖ
1396 1091 1486 1130 vos
1514 1072 1667 1127 multi
1701 1045 1928 1141 inﬁrmi,
1971 1077 2020 1123 et
2049 1069 2146 1122 im-
2240 1058 2359 1129 eius
2387 1057 2653 1122 recubuit,
2681 1054 2840 1109 talem
2862 1052 3136 1108 hominem
3161 1048 3400 1104 salutare
3426 1045 3853 1150 vetat,dieens:

554 1134 873 1236 tentati}:
897 1170 1186 1234 dormiunt,
1216 1167 1271 1223 id
1300 1174 1387 1223 est
1412 1134 1920 1230 moriunturfmuttt
1941 1159 2140 1233 (ἰωή).
2244 1151 2359 1206 Nec
2401 1150 2506 1205 Ave
2533 1149 2580 1203 ei
2613 1146 2875 1212 dixeritis,
2907 1161 3070 1215 neque
3098 1143 3153 1198 in
3181 1142 3397 1198 domum
3424 1138 3741 1236 receperitis
3769 1134 3857 1236 (ιι

553 1259 669 1315 Hoc
696 1231 1033 1318 monstratur
1052 1262 1108 1315 in
1132 1231 1380 1330 exemplo
1407 1260 1473 1313 de
1496 1256 1903 1313 inﬁrmitatibus
1921 1231 1975 1309 et
1996 1267 2143 1309 mor—
2243 1245 2408 1302 Ioan.
2440 1243 2520 1315 ι).
2571 1244 2808 1300 Audiant
2837 1240 2963 1310 quid
2991 1254 3089 1330 per
3123 1238 3446 1330 prophetam
3476 1233 3752 1330 Dominus

556 1351 701 1406 tibus
729 1351 1105 1423 corporalibus
1136 1321 1458 1420 aliquorum,
1493 1351 1636 1419 quod
1681 1348 1743 1409 ﬁt
1782 1348 1836 1402 in
1867 1346 2048 1401 anima
2088 1344 2146 1401 in
2248 1337 2324 1392 cit
2349 1336 2417 1392 ad
2447 1349 2542 1392 008
2571 1333 2664 1405 qui
2692 1333 2747 1388 in
2784 1331 2963 1387 medio
3002 1328 3190 1385 talium
3228 1327 3647 1382 immorantur:
3678 1321 3854 1385 Βάκι

556 1414 892 1511 spiritalibus
927 1414 1331 1496 inﬁrmitatibus
1382 1414 1545 1510 atque
1592 1437 1856 1493 mortibus
1903 1435 2146 1491 omnium
2246 1428 2520 1500 inquiens,
2556 1426 2619 1493 de
2647 1425 2820 1480 medio
2849 1436 3064 1487 eorum,
3089 1428 3137 1476 et
3158 1417 3496 1474 immundum
3524 1431 3595 1471 ne
3625 1414 3855 1484 tetigeri-

555 1530 1049 1588 irreverendorum.
1114 1531 1229 1587 Hoc
1265 1530 1412 1585 enim
1450 1530 1672 1600 pascha,
1702 1529 1842 1599 quod
1875 1536 2003 1582 tunc
2040 1528 2144 1581 Do-
2249 1522 2336 1588 tis,
2368 1530 2417 1575 et
2449 1536 2543 1590 ego
2566 1518 2813 1589 recipiam
2844 1532 2953 1581 vos,
2982 1522 3030 1569 et
3061 1511 3305 1567 habitabo
3338 1511 3480 1564 inter
3517 1524 3637 1571 eos,
3682 1515 3733 1560 et
3769 1521 3852 1559 an

559 1623 741 1681 minus
788 1625 844 1680 in
887 1640 1029 1682 novo
1072 1625 1334 1696 mysterio
1374 1596 1505 1694 egit,
1536 1596 1776 1694 quotidie
1806 1621 2148 1677 celebramus
2250 1615 2390 1672 vobis
2420 1615 2475 1669 in
2502 1613 2694 1678 Deum,
2723 1620 2772 1667 et
2793 1627 2881 1666 vos
2899 1608 3045 1665 eritis
3070 1607 3196 1661 mihi
3220 1607 3276 1661 in
3311 1602 3458 1673 filios
3501 1612 3554 1657 et
3601 1600 3747 1671 ﬁlias
3770 1596 3850 1668 (II

558 1713 988 1793 quotiescunque
1025 1689 1246 1770 missam
1276 1689 1487 1785 agimus
1517 1689 1705 1769 :sicut
1734 1713 1848 1782 ipse
1884 1720 2010 1767 tunc
2037 1724 2149 1765 om-
2252 1706 2375 1762 Cor.
2424 1721 2501 1771 vr,
2546 1704 2661 1760 Jer.
2708 1701 2885 1773 xxxi).
2939 1697 3083 1754 Nihil
3107 1696 3252 1753 enim
3279 1703 3364 1753 est
3390 1693 3546 1749 aliud
3573 1691 3723 1761 quod

553 1779 714 1859 uibus
744 1779 1013 1875 episcopis
1037 1814 1094 1861 et
1122 1779 1472 1876 presbyteris,
1515 1820 1580 1861 ac
1623 1779 1834 1860 czcterls
1876 1801 2144 1865 ﬁdelibus,
2177 1871 2216 1876 _
2255 1805 2502 1869 raptores
2531 1794 2758 1858 faciunt,
2794 1792 2897 1848 nisi
2921 1788 3216 1863 praecursio
3240 1786 3524 1876 exercitus
3570 1779 3852 1838 Antichri-

554 1871 953 1952 celebrantibus
981 1871 1145 1967 atque
1168 1871 1472 1953 astantibus
1509 1898 1578 1952 ad
1629 1896 1733 1951 hoc
1776 1893 2018 1949 terribile
2064 1908 2150 1948 sa—
2176 1871 2227 1934 ³
2255 1891 2343 1955 sti,
2371 1887 2525 1957 cujus
2553 1900 2688 1942 voce
2721 1885 2927 1941 dictum
2956 1890 3077 1938 est:
3106 1879 3232 1936 Non
3264 1875 3515 1932 movebar
3558 1891 3597 1928 α
3644 1886 3855 1944 genere-

554 1997 917 2055 eramentum,
970 1990 1029 2046 in
1078 1991 1339 2061 apostolis
1385 1991 1498 2046 suis
1546 1989 1724 2044 dixit:
1757 1986 1888 2042 llaec
1927 1985 2151 2057 quoties-

556 2076 760 2147 cunque
781 2077 1027 2146 feceritis,
1058 2080 1115 2134 in
1138 2096 1310 2135 meam
1343 2080 1651 2135 memoriam
1692 2078 1898 2147 facietis
1947 2074 2144 2148 (ibid.).

554 2166 625 2225 Et
651 2178 831 2239 potest
856 2172 977 2228 ﬁeri
1028 2182 1090 2228 ut
1114 2173 1335 2243 quidam
1369 2173 1653 2228 audientes
1700 2171 1808 2227 tale
1852 2169 2152 2240 periculum

555 2273 678 2316 esse
726 2264 1132 2320 communicare
1177 2264 1391 2334 corpori
1427 2273 1481 2319 et
1515 2263 1763 2335 sanguini
1787 2261 2035 2326 Domini,
2060 2260 2155 2330 qui

559 2369 670 2411 non
696 2357 887 2413 volunt
911 2372 942 2413 a
972 2358 1130 2415 malis
1157 2361 1411 2417 recedere
1440 2369 1496 2414 et
1541 2358 1608 2413 de
1649 2357 1941 2428 praeteritis
1983 2354 2155 2426 paeni-

558 2443 786 2505 tentiam
844 2464 1007 2522 agere
1033 2493 1050 2516 ,
1105 2451 1327 2507 dicant:
1359 2450 1765 2506 Abstinebimus
1807 2463 1908 2503 nos
1953 2448 2022 2502 ab
2064 2446 2155 2501 illa

559 2541 969 2606 communione,
999 2543 1127 2615 quia
1149 2559 1257 2601 non
1275 2542 1604 2598 retrabimus
1615 2555 1714 2597 nos
1739 2555 1771 2595 a
1795 2538 1938 2594 mala
1958 2551 2153 2609 opera-

560 2630 728 2688 tione.
784 2630 942 2688 Unde
967 2634 1191 2690 audiant
1216 2634 1627 2705 quibuscunque
1659 2630 1905 2687 diabolus
1928 2631 2031 2685 ista
2056 2644 2155 2685 su-

559 2733 762 2787 surrat,
822 2727 1080 2794 quoniam
1131 2728 1274 2783 sicut
1312 2726 1574 2783 Dominus
1603 2724 1737 2781 dicit
1762 2726 1828 2780 de
1853 2723 2152 2794 baptismo,

562 2814 706 2884 quod
731 2815 912 2873 nullus
931 2826 1113 2888 potest
1139 2817 1255 2874 ﬁeri
1282 2818 1483 2883 salvus,
1510 2817 1614 2871 nisi
1658 2817 1751 2886 qui
1781 2824 2002 2870 renatus
2036 2813 2164 2869 fue-.

563 2906 635 2961 tit
663 2922 732 2963 ex
758 2922 901 2979 aqua
946 2918 1002 2966 et
1045 2908 1250 2981 Spiritu
1295 2920 1485 2966 sancto
1519 2927 1534 2964 :
1575 2909 1650 2963 ita
1699 2909 1766 2963 de
1810 2907 1914 2963 hac
1967 2913 2157 2962 sancta

564 3002 945 3059 communione
976 3003 1112 3059 dixit
1142 3020 1156 3058 :
1187 3003 1310 3059 Nisi
1339 3001 1779 3057 manducaveritis
1815 3014 2025 3054 carnem
2060 2996 2161 3054 Fi-

564 3092 624 3147 lii
656 3095 907 3159 hominis,
938 3103 987 3148 et
1017 3094 1249 3149 biberitis
1276 3094 1391 3164 ejus
1421 3093 1750 3163 sanguinem,
1776 3107 1881 3145 non
1902 3089 2157 3145 habebitis

565 3190 722 3244 vitam
742 3189 809 3242 .in
836 3186 978 3242 uobis
1012 3186 1196 3256 (Joan.
1226 3184 1326 3255 γι).
1379 3184 1449 3240 Et
1476 3184 1617 3240 sicut
1641 3183 1779 3239 dixit
1813 3200 1827 3236 :
1859 3180 1963 3249 Qui
1990 3180 2159 3237 credi-

564 3277 698 3333 derit
721 3285 770 3333 et
796 3276 1094 3349 baptizatus
1119 3275 1299 3347 fuerit,
1329 3275 1507 3331 salvus
1545 3275 1643 3329 erit
1688 3273 1881 3346 (Marc.
1920 3271 2057 3345 xvr),
2102 3269 2156 3328 id

571 3368 855 3436 esu-sicut
885 3368 1137 3441 promisit
1179 3367 1235 3424 in
1280 3368 1627 3440 baptismate,
1680 3365 1897 3421 diabolo
1935 3372 1992 3420 et
2037 3363 2158 3435 ejus

567 3457 822 3529 operibus
869 3455 1303 3515 abrenuntiaudo
1325 3496 1342 3522 ,
1383 3465 1439 3511 et
1478 3457 1536 3511 in
1583 3456 1753 3511 Deum
1781 3456 1887 3510 ﬁde
1914 3468 2036 3523 quas
2062 3465 2161 3523 per

570 3550 917 3606 dilectionem
949 3556 1211 3619 operatur
1249 3546 1540 3610 credendo,
1566 3546 1670 3602 hoc
1698 3554 1783 3603 est
1808 3553 1870 3600 ut
1896 3546 1951 3600 in
1970 3544 2078 3600 ﬁde
2102 3548 2161 3600 et

570 3638 729 3695 bonis
776 3639 1036 3709 operibus
1084 3646 1426 3708 pennaneat,
1475 3646 1532 3693 et
1578 3637 1625 3692 si
1669 3647 1793 3709 post
1834 3637 2159 3707 baptismum

571 3727 881 3799 peccaverit
904 3767 923 3796 ,
963 3727 1363 3784 confessionem
1401 3735 1456 3782 et
1498 3728 1714 3798 dignam
1760 3728 2158 3799 paenitentiam,

573 3818 680 3875 illis
708 3819 801 3891 qui
836 3819 894 3875 in
932 3833 1057 3876 eum
1102 3826 1466 3890 peccavemut
1503 3818 1845 3888 dimittendo,
1897 3828 1955 3875 et
2004 3818 2163 3875 bonis

573 3913 828 3983 operibus
868 3912 1199 3981 insistendo,
1232 3914 1335 3970 hoc
1363 3914 1508 3985 quod
1532 3914 1679 3971 male
1706 3914 1835 3970 fecit
1861 3914 2113 3971 emendet
2140 3929 2158 3970 :

574 4004 652 4059 ita
679 4004 846 4062 etiam
888 4006 959 4062 de
986 4007 1090 4062 hac
1137 4015 1328 4067 sancta
1371 4008 1750 4064 cummunione
1797 4007 1933 4063 dixit
1978 4007 2159 4079 (Joon.

573 4094 650 4168 v1)
683 4113 698 4151 :
738 4096 845 4164 Qui
865 4099 1155 4154 manducet
1174 4114 1387 4157 carnem
1410 4113 1605 4167 meam,
1629 4109 1680 4154 et
1706 4099 1831 4154 bibit
1852 4098 2163 4169 sanguinem

573 4202 767 4256 meum,
803 4190 863 4245 in
898 4206 981 4247 me
1005 4201 1201 4260 manet,
1232 4201 1280 4251 et
1305 4209 1398 4264 ego
1426 4194 1483 4247 in
1507 4209 1586 4248 eo.
1638 4192 1707 4247 Et
1735 4210 1749 4247 :
1784 4192 1846 4248 Si
1871 4195 1987 4263 quis
2012 4206 2164 4247 man-

571 4276 839 4334 ducauerit
865 4294 931 4335 ea:
958 4280 1056 4335 hoc
1090 4297 1247 4352 pane,
1291 4283 1421 4337 uiuet
1441 4283 1498 4337 in
1519 4292 1794 4349 wternum,
1825 4292 1873 4337 et
1894 4299 1988 4354 ego
2017 4298 2166 4339 resu-

571 4370 772 4425 scitabo
810 4387 930 4426 eum
975 4373 1033 4428 in
1075 4374 1357 4429 nouissimo
1406 4374 1511 4430 die.
1562 4372 1668 4430 Et:
1701 4375 1848 4431 Sicut
1894 4377 2036 4432 misit
2083 4392 2165 4432 me

572 4462 749 4517 uiuens
785 4460 971 4531 Pater,
1015 4473 1067 4519 et
1117 4480 1211 4535 ego
1248 4466 1361 4521 vivo
1400 4474 1611 4536 propter
1638 4464 1871 4523 Patrem.
1923 4467 2031 4522 Et:
2058 4465 2163 4534 Qui

573 4551 859 4659 manducet
880 4570 993 4659 me,
1013 4563 1062 4608 et
1095 4554 1204 4624 ipse
1227 4556 1355 4659 vivet
1394 4566 1606 4627 propter
1634 4574 1751 4659 Ine.
1802 4557 2038 4613 Audiant
2083 4574 2164 4613 ra-
2191 4597 2243 4659 Β

574 4654 738 4712 paces
765 4651 823 4699 et
844 4645 1197 4715 praedatores,
1229 4646 1361 4718 quid
1401 4650 1598 4704 iterum
1631 4644 1889 4705 Dominus
1916 4664 2014 4720 per
2038 4665 2166 4721 pro-

576 4733 798 4804 phetam
810 4735 989 4792 dicat:
1010 4736 1118 4803 Qui
1130 4736 1407 4808 pratdaris,
1424 4755 1595 4796 nonne
1606 4749 1656 4796 et
1675 4742 1785 4812 ipse
1802 4740 2123 4813 prtudaberis
2138 4743 2165 4797 2

578 4824 719 4899 (Isa.
750 4828 966 4901 anui.)
1023 4829 1287 4887 Videlicet
1319 4831 1446 4902 quia
1471 4831 1616 4890 illius
1643 4833 1736 4904 qui
1762 4835 2036 4904 praedatur
2076 4849 2165 4894 res

573 4931 875 4989 pauperum
913 4927 970 4977 et
1008 4921 1359 4979 ecclesiarum
1386 4936 1452 4980 ac
1483 4938 1761 4983 servomm
1790 4926 1910 4995 Dei,
1953 4929 2166 4999 praeda-

576 5019 669 5069 tur
695 5027 727 5068 a
758 5012 997 5082 diabolo,
1033 5024 1090 5072 et
1114 5017 1298 5089 praeda
1323 5018 1467 5076 illius
1494 5019 1577 5076 ﬁt.
1625 5019 1863 5077 Audiam
1888 5021 2017 5092 quid
2040 5036 2164 5078 san-

577 5111 699 5161 ctus
726 5104 927 5164 Paulus
950 5108 1225 5180 apostolus
1270 5112 1434 5179 dicat,
1480 5125 1582 5182 per
1624 5127 1786 5183 quem
1819 5112 2033 5169 locutus
2080 5121 2172 5172 est

578 5196 849 5267 Christus,
877 5208 935 5258 et
962 5202 1057 5275 qui
1081 5212 1272 5274 raptus
1297 5202 1398 5259 fuit
1423 5218 1597 5276 usque
1616 5205 1683 5261 ad
1702 5205 1924 5261 tertium
1944 5204 2167 5273 emtum,

578 5301 635 5350 et
654 5294 750 5365 qui
774 5303 961 5367 raptus
986 5296 1089 5353 fuit
1114 5297 1168 5353 in
1191 5298 1527 5370 paradisum,
1567 5306 1624 5355 et
1656 5299 1865 5355 audivit
1904 5298 2032 5355 talia
2078 5310 2167 5357 se-

577 5396 731 5444 creta
755 5387 947 5457 verba,
972 5404 1093 5461 quas
1110 5405 1221 5448 non
1245 5388 1442 5448 licebat
1466 5391 1672 5447 homini
1694 5391 1858 5462 loqui.
1898 5391 1991 5446 Ait
2013 5404 2170 5447 nam-

578 5486 842 5552 queiquia
866 5499 1033 5554 neque
1058 5498 1297 5555 rapaces,
1321 5501 1484 5557 neque
1503 5484 1801 5552 homicidte,
1825 5500 1989 5556 neque
2013 5483 2170 5540 adut-

578 5571 679 5627 teri
726 5587 942 5645 regnum
990 5568 1088 5630 Dei
1125 5573 1462 5646 possidebunt
1506 5573 1562 5646 (1
1591 5571 1715 5631 Cor.
1746 5574 1844 5647 vt).
1892 5573 2045 5632 Unde
2086 5575 2168 5631 in-

579 5665 807 5722 tendant
853 5665 1015 5737 quale
1066 5676 1431 5738 quantumque
1477 5675 1760 5737 peccatum
1810 5676 1892 5724 est
1945 5669 2168 5739 rapina,

580 5767 744 5822 quam
772 5770 894 5811 cum
920 5756 1186 5814 adulterio
1214 5766 1271 5813 et
1297 5757 1584 5814 homicidio
1622 5768 1843 5816 sanctus
1886 5775 2169 5831 compara-

580 5843 664 5902 vit
692 5844 1023 5924 ~Apostolus.
1074 5849 1210 5937 Item
1237 5851 1355 5924 ipse
1383 5849 1515 5931 dicit
1538 5849 1646 5931 :_Si
1697 5852 1812 5926 quis
1856 5852 2164 5925 fornicator,
2201 5914 2221 5934 ι

2256 1980 2395 2034 tione
2438 1983 2493 2033 in
2538 1976 2923 2047 generationem
2965 1970 3078 2028 sine
3120 1968 3263 2024 malo
3304 1965 3486 2039 (Psal.
3532 1965 3622 2035 ι),
3670 1962 3728 2019 ω
3772 1968 3855 2018 α

2254 2081 2405 2128 tanta
2441 2070 2581 2131 mala
2618 2068 2815 2125 faciam
2870 2066 2924 2122 in
2971 2079 3083 2120 uno
3129 2062 3273 2127 loco,
3320 2069 3383 2116 ut
3433 2066 3739 2127 antequam
3790 2051 3855 2113 ad

2256 2164 2422 2218 alium
2455 2161 2628 2217 locum
2667 2159 2904 2224 veniam,
2937 2155 3228 2211 adventum
3262 2165 3444 2207 meum
3486 2149 3563 2204 ibi
3596 2146 3857 2203 habitan-

2256 2263 2339 2310 tes
2363 2254 2621 2309 timeant:
2649 2250 2745 2306 sed
2768 2258 2823 2305 et
2847 2254 3031 2318 postea
3061 2244 3317 2300 sentient.
3364 2241 3435 2296 Et
3457 2236 3704 2294 Joannes
3723 2248 3851 2307 apo-

2256 2343 2424 2399 stolus
2452 2359 2469 2396 :
2504 2341 2683 2406 Nunc,
2724 2337 2919 2409 inquit,
2942 2334 3242 2391 antichristi
3268 2330 3420 2387 multi
3447 2337 3577 2385 sunt
3607 2326 3661 2398 (1
3690 2324 3849 2380 Jun.

2258 2433 2339 2505 ιι).
2401 2430 2552 2487 Unde
2600 2428 2897 2485 timendum
2951 2424 3109 2481 nobis
3159 2430 3245 2478 est
3295 2418 3443 2493 quod
3495 2415 3680 2474 omnis
3727 2422 3852 2484 prob

2254 2533 2377 2598 pter
2430 2525 2534 2580 hoc
2578 2522 2899 2593 deprecatur
2945 2515 3187 2574 Ecclesia
3241 2531 3255 2571 :
3307 2511 3585 2583 Exsurge,
3641 2507 3854 2563 Domi.

2256 2616 2420 2683 Deus,
2476 2614 2736 2671 exaltetur
2781 2622 2966 2667 manus
3002 2618 3117 2675 tua,
3185 2606 3239 2663 id
3285 2614 3371 2662 est
3416 2603 3490 2659 ad
3536 2599 3850 2665 vindictam,

2259 2727 2364 2766 non
2399 2707 2721 2763 obliviscaris
2752 2719 3033 2777 pauperem
3060 2699 3310 2773 populum
3342 2696 3520 2770 (Psal.
3546 2694 3632 2767 ι).
3660 2690 3727 2749 Et
3754 2691 3854 2747 Bu-

2259 2803 2458 2869 minus,
2479 2801 2570 2872 qui
2591 2816 2696 2856 non
2711 2799 2988 2864 mentitur,
3006 2793 3359 2866 repromittit,
3382 2791 3578 2847 dicens
3600 2807 3617 2843 :
3638 2783 3854 2857 Propter

2259 2892 2526 2948 miseriam
2553 2893 2791 2963 inopum,
2815 2896 2865 2944 et
2883 2887 3133 2959 gemitum
3160 2898 3478 2956 pauperum,
3509 2895 3653 2933 nunc
3673 2879 3853 2932 εθιπῇ

2260 3001 2405 3056 gam,
2431 2983 2558 3039 dicit
2589 2982 2849 3037 Dominus
2876 2977 3050 3053 (Psat.
3071 2977 3177 3047 ιι),
3205 2975 3261 3032 id
3288 2982 3375 3031 est
3412 2972 3525 3043 jam
3545 2969 3775 3040 jamque

2258 3052 2510 3150 proximo
2534 3075 2829 3131 vindictam
2849 3070 3136 3128 exercebo.
3166 3067 3408 3125 Audiant
3434 3074 3703 3135 raptores,
3731 3052 3854 3132 qui]

2261 3170 2328 3226 de
2357 3168 2551 3225 talibus
2599 3167 2742 3224 sacri
2785 3179 3022 3223 canones
3055 3163 3355 3220 decernam
3393 3160 3570 3231 (conc.
3610 3155 3777 3210 fetet.
3811 3154 3853 3218 ι,

2185 3237 2232 3302 (ἶ
2263 3280 2383 3319 can.
2414 3261 2503 3334 ll)
2531 3280 2545 3316 :
2574 3260 2631 3316 Si
2660 3260 2807 3331 quis,
2830 3257 3105 3329 inquiunt,
3132 3254 3201 3309 de
3224 3246 3543 3325 potentibus
3576 3248 3859 3311 clericum,

2265 3352 2358 3412 aut
2387 3354 2685 3427 quemlibet
2710 3362 3032 3424 pauperem,
3059 3355 3153 3404 aut
3176 3345 3496 3419 religiosum
3518 3339 3860 3413 exspoliare-

2265 3448 2359 3514 rit,
2402 3455 2460 3502 et
2501 3443 2844 3501 mandaverit
2880 3440 2948 3498 ad
2978 3442 3154 3514 ipsum
3192 3439 3477 3515 episcopus
3504 3443 3576 3491 ut
3611 3446 3740 3490 eum
3767 3446 3859 3487 au-

2264 3540 2399 3607 diat,
2428 3547 2483 3595 et
2511 3540 2557 3594 is
2580 3535 2972 3606 contempserit
3001 3552 3014 3590 :
3042 3530 3273 3590 invieeui
3300 3544 3425 3586 mox
3474 3528 3705 3598 scripta
3740 3538 3860 3597 per-

2265 3638 2490 3687 currant
2518 3644 2616 3702 per
2638 3639 2828 3684 omnes
2857 3625 3152 3698 provinciae
3172 3622 3478 3695 episcopos,
3503 3628 3570 3677 et
3593 3624 3863 3691 quosnam

2263 3734 2371 3792 que
2418 3720 2571 3776 adire
2611 3719 2868 3792 potuerit,
2916 3723 2975 3772 ut
3010 3713 3514 3773 excommunicatus
3566 3706 3861 3774 babeatui,

2265 3809 2437 3867 donec
2458 3808 2642 3865 audiat
2660 3816 2714 3863 et
2742 3806 2935 3863 reddat
2957 3805 3153 3861 aliena.
3181 3804 3325 3860 Ecce
3353 3804 3418 3859 de
3447 3808 3755 3873 pauperum
3780 3810 3865 3853 ra.

2265 3903 2533 3975 ptoribus.
2563 3900 2803 3958 Audiam
2831 3908 3080 3970 raptores
3129 3905 3183 3953 et
3226 3896 3513 3968 praedones
3560 3902 3751 3947 remru
3777 3885 3866 3945 ἑθ-

2266 3994 2712 4058 clcsiasticarum,
2751 3992 2880 4063 quid
2902 3998 3122 4048 sanctus
3149 3988 3446 4045 Anacletus
3470 3998 3639 4058 papa,
3656 3982 3729 4040 ab
3749 3978 3866 4054 ipsa

2264 4090 2429 4146 beato
2452 4086 2615 4144 Petro
2637 4086 2884 4160 apostolo
2910 4086 3195 4159 presbyter
3215 4083 3524 4148 ordinatus,
3549 4094 3679 4136 cum
3703 4068 3866 4135 totius

2265 4181 2453 4238 mundi
2501 4178 2875 4237 sacerdotibus
2902 4177 3190 4248 judicavit.
3232 4175 3376 4231 Dicit
3422 4186 3668 4242 namque
3693 4166 3863 4242 (epist.

2267 4272 2324 4345 1)
2353 4293 2366 4329 :
2396 4272 2500 4342 Qui
2530 4271 2814 4329 abstulerit
2840 4269 3041 4340 aliquid
3070 4267 3209 4339 patri
3237 4266 3324 4323 vel
3350 4263 3542 4332 matri,
3582 4254 3865 4345 homicida:

2265 4342 2539 4437 particeps
2566 4371 2669 4420 est.
2701 4361 2865 4417 Pater
2892 4369 3078 4416 noster
3106 4359 3223 4416 sine
3267 4357 3434 4415 dubio
3463 4357 3615 4413 Deus
3638 4363 3751 4421 est,
3776 4342 3864 4424 qd

2267 4472 2366 4513 nos
2392 4457 2616 4523 creavit,
2651 4464 2828 4511 mater
2852 4467 2983 4509 vero
3012 4460 3194 4507 nostra
3223 4449 3491 4515 Ecclesia,
3525 4462 3657 4518 quae.
3684 4459 3786 4500 nos
3806 4440 3863 4497 in

2266 4548 2536 4618 baptismo
2582 4546 2900 4618 spiritaliter
2942 4543 3306 4615 regeneravit.
3341 4541 3483 4613 Ergo
3516 4539 3617 4611 qui
3666 4532 3864 4594 Christi

2271 4640 2530 4712 pecunias
2554 4648 2608 4695 et
2628 4637 2885 4694 Ecclesiae
2905 4635 3066 4708 rapit,
3093 4643 3188 4690 aut
3212 4632 3412 4698 aufert,
3439 4630 3527 4686 vel
3548 4628 3862 4712 fraudatur,

2272 4708 2543 4794 bomicida
2575 4745 2681 4803 est,
2711 4745 2872 4807 atque
2898 4732 3169 4790 homicida
3199 4740 3325 4788 ante
3350 4736 3717 4801 conSpectum
3738 4708 3862 4797 juﬂ

2265 4831 2466 4904 jndicis
2510 4830 2872 4909 deputabitur.
2922 4828 3023 4897 Qui
3072 4826 3215 4897 rapit
3287 4824 3590 4897 pecuniam
3624 4806 3862 4909 proximi

2270 4892 2374 4989 sui,
2408 4892 2753 4994 iniquitatem.
2770 4892 3028 4992 operatur
3051 4936 3065 4973 :
3088 4892 3180 4988 qui
3212 4892 3393 4971 autem
3462 4912 3761 4985 pecuniam
3781 4892 3864 4962 Vl!

2271 5031 2364 5071 res
2388 5014 2649 5071 Ecclesiae
2679 5013 2985 5078 abstulerit,
3009 5009 3356 5082 sacrilegium
3388 5007 3548 5072 facit,
3596 5016 3656 5061 et
3683 5012 3746 5059 ut
3775 5010 3861 5057 sa-

2272 5106 2506 5179 crilegus
2527 5104 2856 5175 iudicandus
2882 5112 2987 5161 est.
3019 5102 3089 5163 Et
3114 5108 3337 5156 sanctus
3367 5097 3628 5155 Urbanus
3652 5098 3868 5167 pop-et

2270 5208 2511 5272 martyr:
2528 5198 2658 5262 Res,
2687 5196 2886 5267 inquit,
2896 5204 2960 5251 et
2984 5191 3277 5250 facultates
3306 5187 3692 5246 ecclesiasticae
3714 5180 3871 5239 obla-

2276 5296 2452 5353 tiones
2480 5294 2845 5367 appellantur,
2873 5292 3000 5364 quia
3033 5289 3267 5347 Domino
3294 5285 3640 5351 oﬁ‘eruntur,
3666 5292 3725 5339 et
3744 5288 3870 5340 vute

2272 5396 2401 5445 sunt
2425 5384 2689 5448 ﬁdelium.
2720 5399 2785 5441 ac
2808 5383 2987 5455 pretia
3010 5387 3387 5452 peccatorum,
3419 5384 3586 5447 atque
3610 5372 3871 5445 patrim-

2273 5482 2361 5537 nia
2384 5493 2681 5551 pauperum
2707 5495 2722 5533 :
2747 5477 2794 5533 si
2816 5476 2940 5548 quis
2967 5474 3057 5531 illa
3082 5470 3351 5544 rapuerit,
3373 5483 3503 5526 reus
3534 5476 3624 5523 est
3644 5465 3870 5523 dannt-

2271 5571 2439 5639 tionis
2462 5570 2686 5625 Ananiae
2705 5578 2763 5625 et
2788 5567 3059 5638 Saphirat,
3087 5573 3144 5622 et
3170 5570 3391 5637 oportet
3415 5558 3737 5633 bujusmodi
3764 5564 3864 5612 tn-

2274 5666 2403 5721 dere
2429 5663 2678 5728 Satanae,
2712 5669 2776 5717 ut
2798 5659 3022 5730 spiritus
3067 5656 3255 5714 salvus
3283 5655 3357 5713 sit
3398 5654 3457 5710 in
3507 5651 3597 5708 die
3630 5645 3859 5708 Domini.

2273 5759 2342 5814 Et
2380 5764 2602 5813 sanctus
2647 5752 2848 5811 Lucius
2884 5766 3021 5823 papa
3048 5769 3062 5805 :
3088 5749 3315 5817 Rerum,
3362 5745 3563 5817 inquit,
3612 5739 3861 5801 ecclesi-

2271 5852 2532 5911 sticarum
2572 5856 2632 5907 et
2657 5845 2978 5917 facultatum
3017 5850 3271 5919 raptores
3296 5856 3333 5901 a
3356 5837 3644 5901 liminibus
3665 5840 3859 5899 sald!
