  <div class='ocr_page' id='page_1' title='image "/cluster/home/n/w/nwhite01/storage/ocr_20150623/125/hvd.32044015471667/546.png"; bbox 0 0 4010 6330; ppageno 0'>
   <div class='ocr_carea' id='block_1_1' title="bbox 248 375 383 434">
    <p class='ocr_par' dir='ltr' id='par_1_1' title="bbox 248 375 383 434">
     <span class='ocr_line' id='line_1_1' title="bbox 248 375 383 434; baseline -0.022 0"><span class='ocrx_word' id='word_1_1' title='bbox 248 375 383 434; x_wconf 69' lang='lat' dir='ltr'><strong>NB!</strong></span> 
     </span>
    </p>
   </div>
   <div class='ocr_carea' id='block_1_2' title="bbox 1480 371 2275 432">
    <p class='ocr_par' dir='ltr' id='par_1_2' title="bbox 1480 371 2275 432">
     <span class='ocr_line' id='line_1_2' title="bbox 1480 371 2275 432; baseline -0.005 0"><span class='ocrx_word' id='word_1_2' title='bbox 1480 371 1824 432; x_wconf 79' lang='lat' dir='ltr'><strong>CAPITULA</strong></span> <span class='ocrx_word' id='word_1_3' title='bbox 1861 371 2275 432; x_wconf 77' lang='lat' dir='ltr'><strong>SY‘NODALIA.</strong></span> 
     </span>
    </p>
   </div>
   <div class='ocr_carea' id='block_1_3' title="bbox 245 481 3508 560">
    <p class='ocr_par' dir='ltr' id='par_1_3' title="bbox 245 481 3508 560">
     <span class='ocr_line' id='line_1_3' title="bbox 245 481 3508 560; baseline -0.001 -15"><span class='ocrx_word' id='word_1_4' title='bbox 245 505 313 560; x_wconf 85' lang='lat' dir='ltr'><strong>ac</strong></span> <span class='ocrx_word' id='word_1_5' title='bbox 335 488 536 560; x_wconf 89' lang='lat' dir='ltr'><strong>justam</strong></span> <span class='ocrx_word' id='word_1_6' title='bbox 555 487 841 560; x_wconf 80' lang='lat' dir='ltr'><strong>rationem,</strong></span> <span class='ocrx_word' id='word_1_7' title='bbox 865 493 960 540; x_wconf 90' lang='lat' dir='ltr'><strong>aut</strong></span> <span class='ocrx_word' id='word_1_8' title='bbox 981 485 1376 560; x_wconf 82' lang='lat' dir='ltr'><strong>damnabimus,</strong></span> <span class='ocrx_word' id='word_1_9' title='bbox 1404 497 1496 544; x_wconf 84' lang='lat' dir='ltr'><strong>aut</strong></span> <span class='ocrx_word' id='word_1_10' title='bbox 1517 489 1816 560; x_wconf 84' lang='lat' dir='ltr'><strong>dehonora-</strong></span> <span class='ocrx_word' id='word_1_11' title='bbox 1842 493 1896 555; x_wconf 77' lang='grc' dir='ltr'><strong>Α</strong></span> <span class='ocrx_word' id='word_1_12' title='bbox 1921 504 2038 545; x_wconf 90' lang='lat' dir='ltr'><strong>sam</strong></span> <span class='ocrx_word' id='word_1_13' title='bbox 2071 488 2288 544; x_wconf 88' lang='lat' dir='ltr'><strong>videtur</strong></span> <span class='ocrx_word' id='word_1_14' title='bbox 2313 499 2470 560; x_wconf 85' lang='lat' dir='ltr'><strong>posse</strong></span> <span class='ocrx_word' id='word_1_15' title='bbox 2497 486 2738 558; x_wconf 78' lang='lat' dir='ltr'><strong>recipere</strong></span> <span class='ocrx_word' id='word_1_16' title='bbox 2762 483 3108 552; x_wconf 79' lang='lat' dir='ltr'><strong>medicinam,</strong></span> <span class='ocrx_word' id='word_1_17' title='bbox 3134 497 3236 541; x_wconf 87' lang='lat' dir='ltr'><strong>nec</strong></span> <span class='ocrx_word' id='word_1_18' title='bbox 3263 481 3318 540; x_wconf 88' lang='lat' dir='ltr'><strong>in</strong></span> <span class='ocrx_word' id='word_1_19' title='bbox 3369 483 3508 541; x_wconf 84' lang='lat' dir='ltr'><strong>alio-</strong></span> 
     </span>
    </p>
   </div>
   <div class='ocr_carea' id='block_1_4' title="bbox 245 557 1818 628">
    <p class='ocr_par' dir='ltr' id='par_1_4' title="bbox 245 557 1818 628">
     <span class='ocr_line' id='line_1_4' title="bbox 245 557 1818 628; baseline 0.001 -14"><span class='ocrx_word' id='word_1_20' title='bbox 245 557 447 622; x_wconf 81' lang='lat' dir='ltr'><strong>bimus,</strong></span> <span class='ocrx_word' id='word_1_21' title='bbox 477 567 583 628; x_wconf 18' lang='lat' dir='ltr'><strong>iant</strong></span> <span class='ocrx_word' id='word_1_22' title='bbox 605 557 992 628; x_wconf 85' lang='lat' dir='ltr'><strong>opprimemus,</strong></span> <span class='ocrx_word' id='word_1_23' title='bbox 1028 557 1112 612; x_wconf 87' lang='lat' dir='ltr'><strong>vel</strong></span> <span class='ocrx_word' id='word_1_24' title='bbox 1150 559 1409 616; x_wconf 89' lang='lat' dir='ltr'><strong>indebitis</strong></span> <span class='ocrx_word' id='word_1_25' title='bbox 1462 559 1818 616; x_wconf 87' lang='lat' dir='ltr'><strong>machinatio-</strong></span> 
     </span>
    </p>
   </div>
   <div class='ocr_carea' id='block_1_5' title="bbox 189 626 1896 698">
    <p class='ocr_par' dir='ltr' id='par_1_5' title="bbox 189 626 1896 698">
     <span class='ocr_line' id='line_1_5' title="bbox 189 626 1896 698; baseline 0.002 -15"><span class='ocrx_word' id='word_1_26' title='bbox 189 651 192 654; x_wconf 93' lang='grc'><strong>·</strong></span> <span class='ocrx_word' id='word_1_27' title='bbox 245 629 410 683; x_wconf 74' lang='lat' dir='ltr'><strong>nibus</strong></span> <span class='ocrx_word' id='word_1_28' title='bbox 436 626 730 698; x_wconf 81' lang='lat' dir='ltr'><strong>amigemus</strong></span> <span class='ocrx_word' id='word_1_29' title='bbox 762 633 864 682; x_wconf 81' lang='lat' dir='ltr'><strong>:‘et</strong></span> <span class='ocrx_word' id='word_1_30' title='bbox 912 626 1146 698; x_wconf 90' lang='lat' dir='ltr'><strong>illorum.</strong></span> <span class='ocrx_word' id='word_1_31' title='bbox 1177 630 1386 686; x_wconf 78' lang='lat' dir='ltr'><strong>scilicet</strong></span> <span class='ocrx_word' id='word_1_32' title='bbox 1426 631 1696 685; x_wconf 73' lang='lat' dir='ltr'><strong>veraciter</strong></span> <span class='ocrx_word' id='word_1_33' title='bbox 1723 645 1818 686; x_wconf 90' lang='lat' dir='ltr'><strong>no-</strong></span> <span class='ocrx_word' id='word_1_34' title='bbox 1891 645 1896 648; x_wconf 85' lang='lat'>&#39;</span> 
     </span>
    </p>
   </div>
   <div class='ocr_carea' id='block_1_6' title="bbox 240 697 1820 763">
    <p class='ocr_par' dir='ltr' id='par_1_6' title="bbox 240 697 1820 763">
     <span class='ocr_line' id='line_1_6' title="bbox 240 697 1820 763; baseline 0.001 -9"><span class='ocrx_word' id='word_1_35' title='bbox 240 699 333 755; x_wconf 89' lang='lat' dir='ltr'><strong>bis</strong></span> <span class='ocrx_word' id='word_1_36' title='bbox 373 697 630 763; x_wconf 85' lang='lat' dir='ltr'><strong>fidelium,</strong></span> <span class='ocrx_word' id='word_1_37' title='bbox 666 698 934 754; x_wconf 89' lang='lat' dir='ltr'><strong>communi</strong></span> <span class='ocrx_word' id='word_1_38' title='bbox 966 697 1194 754; x_wconf 88' lang='lat' dir='ltr'><strong>consilio</strong></span> <span class='ocrx_word' id='word_1_39' title='bbox 1225 701 1521 756; x_wconf 88' lang='lat' dir='ltr'><strong>secundum</strong></span> <span class='ocrx_word' id='word_1_40' title='bbox 1570 701 1663 756; x_wconf 89' lang='lat' dir='ltr'><strong>Dei</strong></span> <span class='ocrx_word' id='word_1_41' title='bbox 1727 715 1820 756; x_wconf 84' lang='lat' dir='ltr'><strong>vo-</strong></span> 
     </span>
    </p>
   </div>
   <div class='ocr_carea' id='block_1_7' title="bbox 243 768 1816 833">
    <p class='ocr_par' dir='ltr' id='par_1_7' title="bbox 243 768 1816 833">
     <span class='ocr_line' id='line_1_7' title="bbox 243 768 1816 833; baseline 0.002 -11"><span class='ocrx_word' id='word_1_42' title='bbox 243 768 394 823; x_wconf 76' lang='lat' dir='ltr'><strong>lunia</strong></span> <span class='ocrx_word' id='word_1_43' title='bbox 405 778 530 833; x_wconf 87' lang='lat' dir='ltr'><strong>tem,</strong></span> <span class='ocrx_word' id='word_1_44' title='bbox 546 777 600 823; x_wconf 93' lang='lat' dir='ltr'><strong>et</strong></span> <span class='ocrx_word' id='word_1_45' title='bbox 621 783 904 823; x_wconf 85' lang='lat' dir='ltr'><strong>commune</strong></span> <span class='ocrx_word' id='word_1_46' title='bbox 921 768 1311 826; x_wconf 89' lang='lat' dir='ltr'><strong>salvamentum</strong></span> <span class='ocrx_word' id='word_1_47' title='bbox 1333 771 1399 826; x_wconf 90' lang='lat' dir='ltr'><strong>ad</strong></span> <span class='ocrx_word' id='word_1_48' title='bbox 1419 771 1816 826; x_wconf 74' lang='lat' dir='ltr'><strong>restitutionem</strong></span> 
     </span>
    </p>
   </div>
   <div class='ocr_carea' id='block_1_8' title="bbox 241 838 1817 912">
    <p class='ocr_par' dir='ltr' id='par_1_8' title="bbox 241 838 1817 912">
     <span class='ocr_line' id='line_1_8' title="bbox 241 838 1817 912; baseline 0.001 -19"><span class='ocrx_word' id='word_1_49' title='bbox 241 848 450 912; x_wconf 74' lang='lat' dir='ltr'><strong>sanctze</strong></span> <span class='ocrx_word' id='word_1_50' title='bbox 479 839 569 892; x_wconf 88' lang='lat' dir='ltr'><strong>Dei</strong></span> <span class='ocrx_word' id='word_1_51' title='bbox 599 838 870 903; x_wconf 67' lang='lat' dir='ltr'><strong>Ecclesiae,</strong></span> <span class='ocrx_word' id='word_1_52' title='bbox 894 847 949 892; x_wconf 93' lang='lat' dir='ltr'><strong>et</strong></span> <span class='ocrx_word' id='word_1_53' title='bbox 971 848 1167 912; x_wconf 82' lang='lat' dir='ltr'><strong>statum</strong></span> <span class='ocrx_word' id='word_1_54' title='bbox 1199 843 1365 912; x_wconf 91' lang='lat' dir='ltr'><strong>regni,</strong></span> <span class='ocrx_word' id='word_1_55' title='bbox 1398 843 1532 896; x_wconf 90' lang='lat' dir='ltr'><strong>etad</strong></span> <span class='ocrx_word' id='word_1_56' title='bbox 1557 843 1817 896; x_wconf 84' lang='lat' dir='ltr'><strong>honorem</strong></span> 
     </span>
    </p>
   </div>
   <div class='ocr_carea' id='block_1_9' title="bbox 242 910 1817 982">
    <p class='ocr_par' dir='ltr' id='par_1_9' title="bbox 242 910 1817 982">
     <span class='ocr_line' id='line_1_9' title="bbox 242 910 1817 982; baseline 0.003 -20"><span class='ocrx_word' id='word_1_57' title='bbox 242 910 478 976; x_wconf 81' lang='lat' dir='ltr'><strong>regium,</strong></span> <span class='ocrx_word' id='word_1_58' title='bbox 534 917 694 978; x_wconf 85' lang='lat' dir='ltr'><strong>atque</strong></span> <span class='ocrx_word' id='word_1_59' title='bbox 717 910 1107 982; x_wconf 88' lang='lat' dir='ltr'><strong>pacempopuli</strong></span> <span class='ocrx_word' id='word_1_60' title='bbox 1143 910 1418 966; x_wconf 79' lang='lat' dir='ltr'><strong>commissi</strong></span> <span class='ocrx_word' id='word_1_61' title='bbox 1459 912 1817 982; x_wconf 10' lang='lat' dir='ltr'><strong>nobisiperti-</strong></span> 
     </span>
    </p>
   </div>
   <div class='ocr_carea' id='block_1_10' title="bbox 238 979 1814 1048">
    <p class='ocr_par' dir='ltr' id='par_1_10' title="bbox 238 979 1814 1048">
     <span class='ocr_line' id='line_1_10' title="bbox 238 979 1814 1048; baseline 0.003 -16"><span class='ocrx_word' id='word_1_62' title='bbox 238 989 462 1033; x_wconf 85' lang='lat' dir='ltr'><strong>nentem</strong></span> <span class='ocrx_word' id='word_1_63' title='bbox 495 993 770 1034; x_wconf 81' lang='lat' dir='ltr'><strong>assensum</strong></span> <span class='ocrx_word' id='word_1_64' title='bbox 805 979 1158 1048; x_wconf 63' lang='lat' dir='ltr'><strong>praebebimus</strong></span> <span class='ocrx_word' id='word_1_65' title='bbox 1192 999 1206 1034; x_wconf 93' lang='lat'><strong>:</strong></span> <span class='ocrx_word' id='word_1_66' title='bbox 1258 982 1310 1035; x_wconf 90' lang='lat' dir='ltr'><strong>in</strong></span> <span class='ocrx_word' id='word_1_67' title='bbox 1340 983 1442 1038; x_wconf 91' lang='lat' dir='ltr'><strong>hoc</strong></span> <span class='ocrx_word' id='word_1_68' title='bbox 1481 991 1538 1034; x_wconf 95' lang='grc' dir='ltr'><strong>ιιι</strong></span> <span class='ocrx_word' id='word_1_69' title='bbox 1585 979 1668 1036; x_wconf 79' lang='lat' dir='ltr'><strong>illi</strong></span> <span class='ocrx_word' id='word_1_70' title='bbox 1709 997 1814 1038; x_wconf 90' lang='lat' dir='ltr'><strong>non</strong></span> 
     </span>
    </p>
   </div>
   <div class='ocr_carea' id='block_1_11' title="bbox 193 1048 1812 1126">
    <p class='ocr_par' dir='ltr' id='par_1_11' title="bbox 193 1048 1812 1126">
     <span class='ocr_line' id='line_1_11' title="bbox 193 1048 1812 1126; baseline 0.002 -24"><span class='ocrx_word' id='word_1_71' title='bbox 193 1103 198 1126; x_wconf 44' lang='grc' dir='ltr'><em>ε</em></span> <span class='ocrx_word' id='word_1_72' title='bbox 239 1048 422 1126; x_wconf 79' lang='lat' dir='ltr'><strong>solum</strong></span> <span class='ocrx_word' id='word_1_73' title='bbox 453 1064 558 1103; x_wconf 86' lang='lat' dir='ltr'><strong>non</strong></span> <span class='ocrx_word' id='word_1_74' title='bbox 589 1049 695 1104; x_wconf 90' lang='lat' dir='ltr'><strong>sint</strong></span> <span class='ocrx_word' id='word_1_75' title='bbox 742 1048 898 1126; x_wconf 75' lang='lat' dir='ltr'><strong>nobis</strong></span> <span class='ocrx_word' id='word_1_76' title='bbox 938 1051 1368 1126; x_wconf 80' lang='lat' dir='ltr'><strong>contradicentes</strong></span> <span class='ocrx_word' id='word_1_77' title='bbox 1403 1061 1458 1126; x_wconf 91' lang='lat' dir='ltr'><strong>e_t</strong></span> <span class='ocrx_word' id='word_1_78' title='bbox 1498 1053 1812 1126; x_wconf 73' lang='lat' dir='ltr'><strong>resistentes</strong></span> 
     </span>
    </p>
   </div>
   <div class='ocr_carea' id='block_1_12' title="bbox 241 1119 1818 1188">
    <p class='ocr_par' dir='ltr' id='par_1_12' title="bbox 241 1119 1818 1188">
     <span class='ocr_line' id='line_1_12' title="bbox 241 1119 1818 1188; baseline 0.002 -15"><span class='ocrx_word' id='word_1_79' title='bbox 241 1119 323 1188; x_wconf 73' lang='lat' dir='ltr'><strong>ad</strong></span> <span class='ocrx_word' id='word_1_80' title='bbox 345 1120 446 1172; x_wconf 91' lang='lat' dir='ltr'><strong>ista</strong></span> <span class='ocrx_word' id='word_1_81' title='bbox 477 1120 852 1188; x_wconf 90' lang='lat' dir='ltr'><strong>exsequenda;</strong></span> <span class='ocrx_word' id='word_1_82' title='bbox 880 1134 1067 1175; x_wconf 90' lang='lat' dir='ltr'><strong>verum</strong></span> <span class='ocrx_word' id='word_1_83' title='bbox 1104 1121 1268 1176; x_wconf 90' lang='lat' dir='ltr'><strong>etiam</strong></span> <span class='ocrx_word' id='word_1_84' title='bbox 1294 1123 1375 1177; x_wconf 90' lang='lat' dir='ltr'><strong>sic</strong></span> <span class='ocrx_word' id='word_1_85' title='bbox 1404 1123 1513 1177; x_wconf 88' lang='lat' dir='ltr'><strong>sint</strong></span> <span class='ocrx_word' id='word_1_86' title='bbox 1556 1123 1713 1178; x_wconf 88' lang='lat' dir='ltr'><strong>nobis</strong></span> <span class='ocrx_word' id='word_1_87' title='bbox 1755 1122 1818 1176; x_wconf 85' lang='lat' dir='ltr'><strong>ti-</strong></span> 
     </span>
    </p>
   </div>
   <div class='ocr_carea' id='block_1_13' title="bbox 244 1187 1815 1264">
    <p class='ocr_par' dir='ltr' id='par_1_13' title="bbox 244 1187 1815 1264">
     <span class='ocr_line' id='line_1_13' title="bbox 244 1187 1815 1264; baseline 0.004 -23"><span class='ocrx_word' id='word_1_88' title='bbox 244 1187 407 1249; x_wconf 75' lang='lat' dir='ltr'><strong>leles.</strong></span> <span class='ocrx_word' id='word_1_89' title='bbox 435 1197 488 1244; x_wconf 92' lang='lat' dir='ltr'><strong>et</strong></span> <span class='ocrx_word' id='word_1_90' title='bbox 508 1187 840 1264; x_wconf 76' lang='lat' dir='ltr'><strong>obedientes,</strong></span> <span class='ocrx_word' id='word_1_91' title='bbox 861 1204 936 1264; x_wconf 81' lang='lat' dir='ltr'><strong>ac</strong></span> <span class='ocrx_word' id='word_1_92' title='bbox 947 1192 1057 1245; x_wconf 89' lang='lat' dir='ltr'><strong>veri</strong></span> <span class='ocrx_word' id='word_1_93' title='bbox 1080 1190 1352 1264; x_wconf 70' lang='lat' dir='ltr'><strong>adiutores</strong></span> <span class='ocrx_word' id='word_1_94' title='bbox 1373 1202 1532 1264; x_wconf 87' lang='lat' dir='ltr'><strong>atque</strong></span> <span class='ocrx_word' id='word_1_95' title='bbox 1555 1208 1815 1264; x_wconf 86' lang='lat' dir='ltr'><strong>coepera-</strong></span> 
     </span>
    </p>
   </div>
   <div class='ocr_carea' id='block_1_14' title="bbox 233 1259 1816 1318">
    <p class='ocr_par' dir='ltr' id='par_1_14' title="bbox 233 1259 1816 1318">
     <span class='ocr_line' id='line_1_14' title="bbox 233 1259 1816 1318; baseline 0.006 -9"><span class='ocrx_word' id='word_1_96' title='bbox 233 1264 391 1313; x_wconf 87' lang='lat' dir='ltr'><strong>tores</strong></span> <span class='ocrx_word' id='word_1_97' title='bbox 419 1273 548 1314; x_wconf 88' lang='lat' dir='ltr'><strong>vero</strong></span> <span class='ocrx_word' id='word_1_98' title='bbox 569 1259 791 1316; x_wconf 89' lang='lat' dir='ltr'><strong>consilio</strong></span> <span class='ocrx_word' id='word_1_99' title='bbox 820 1269 874 1316; x_wconf 89' lang='lat' dir='ltr'><strong>et</strong></span> <span class='ocrx_word' id='word_1_100' title='bbox 895 1262 1109 1316; x_wconf 85' lang='lat' dir='ltr'><strong>sincero</strong></span> <span class='ocrx_word' id='word_1_101' title='bbox 1133 1262 1333 1317; x_wconf 84' lang='lat' dir='ltr'><strong>auxilio</strong></span> <span class='ocrx_word' id='word_1_102' title='bbox 1355 1263 1420 1317; x_wconf 91' lang='lat' dir='ltr'><strong>ad</strong></span> <span class='ocrx_word' id='word_1_103' title='bbox 1447 1259 1690 1318; x_wconf 78' lang='lat' dir='ltr'><strong>nostrum</strong></span> <span class='ocrx_word' id='word_1_104' title='bbox 1724 1264 1816 1318; x_wconf 92' lang='lat' dir='ltr'><strong>de-</strong></span> 
     </span>
    </p>
   </div>
   <div class='ocr_carea' id='block_1_15' title="bbox 203 1327 1816 1414">
    <p class='ocr_par' dir='ltr' id='par_1_15' title="bbox 203 1327 1816 1414">
     <span class='ocr_line' id='line_1_15' title="bbox 203 1327 1816 1414; baseline 0.007 -36"><span class='ocrx_word' id='word_1_105' title='bbox 203 1327 412 1414; x_wconf 56' lang='lat' dir='ltr'><strong>]bitum</strong></span> <span class='ocrx_word' id='word_1_106' title='bbox 443 1330 728 1414; x_wconf 78' lang='lat' dir='ltr'><strong>honorem,</strong></span> <span class='ocrx_word' id='word_1_107' title='bbox 760 1340 814 1414; x_wconf 85' lang='lat' dir='ltr'><strong>et</strong></span> <span class='ocrx_word' id='word_1_108' title='bbox 838 1331 904 1384; x_wconf 90' lang='lat' dir='ltr'><strong>ad</strong></span> <span class='ocrx_word' id='word_1_109' title='bbox 936 1332 1032 1386; x_wconf 89' lang='lat' dir='ltr'><strong>ista</strong></span> <span class='ocrx_word' id='word_1_110' title='bbox 1057 1333 1356 1414; x_wconf 73' lang='lat' dir='ltr'><strong>peragenda</strong></span> <span class='ocrx_word' id='word_1_111' title='bbox 1387 1330 1506 1403; x_wconf 83' lang='lat' dir='ltr'><strong>quae</strong></span> <span class='ocrx_word' id='word_1_112' title='bbox 1551 1334 1816 1414; x_wconf 50' lang='lat' dir='ltr'><strong>pnjemisif</strong></span> 
     </span>
    </p>
   </div>
   <div class='ocr_carea' id='block_1_16' title="bbox 185 1399 1817 1484">
    <p class='ocr_par' dir='ltr' id='par_1_16' title="bbox 185 1399 1817 1484">
     <span class='ocr_line' id='line_1_16' title="bbox 185 1399 1817 1484; baseline 0.007 -37"><span class='ocrx_word' id='word_1_113' title='bbox 231 1412 380 1484; x_wconf 58' lang='lat' dir='ltr'><strong>lous,</strong></span> <span class='ocrx_word' id='word_1_114' title='bbox 411 1399 662 1482; x_wconf 73' lang='lat' dir='ltr'><strong>sicutper</strong></span> <span class='ocrx_word' id='word_1_115' title='bbox 691 1412 897 1483; x_wconf 74' lang='lat' dir='ltr'><strong>rectum</strong></span> <span class='ocrx_word' id='word_1_116' title='bbox 928 1399 1368 1484; x_wconf 70' lang='lat' dir='ltr'><strong>urtttsquisqttein</strong></span> <span class='ocrx_word' id='word_1_117' title='bbox 1393 1399 1492 1484; x_wconf 62' lang='lat' dir='ltr'><strong>suo</strong></span> <span class='ocrx_word' id='word_1_118' title='bbox 1517 1399 1708 1462; x_wconf 75' lang='lat' dir='ltr'><strong>ordine</strong></span> <span class='ocrx_word' id='word_1_119' title='bbox 1761 1412 1817 1461; x_wconf 88' lang='lat' dir='ltr'><strong>et</strong></span> 
     </span>
    </p>
   </div>
   <div class='ocr_carea' id='block_1_17' title="bbox 183 1471 1567 1542">
    <p class='ocr_par' dir='ltr' id='par_1_17' title="bbox 183 1471 1567 1542">
     <span class='ocr_line' id='line_1_17' title="bbox 183 1471 1567 1542; baseline 0.006 -20"><span class='ocrx_word' id='word_1_120' title='bbox 183 1477 187 1500; x_wconf 75' lang='grc' dir='ltr'><em>τ</em></span> <span class='ocrx_word' id='word_1_121' title='bbox 226 1478 384 1523; x_wconf 78' lang='lat' dir='ltr'><strong>statu</strong></span> <span class='ocrx_word' id='word_1_122' title='bbox 414 1485 535 1534; x_wconf 88' lang='lat' dir='ltr'><strong>suo,</strong></span> <span class='ocrx_word' id='word_1_123' title='bbox 559 1471 784 1542; x_wconf 87' lang='lat' dir='ltr'><strong>principi</strong></span> <span class='ocrx_word' id='word_1_124' title='bbox 811 1481 866 1526; x_wconf 92' lang='lat' dir='ltr'><strong>et</strong></span> <span class='ocrx_word' id='word_1_125' title='bbox 897 1487 996 1527; x_wconf 88' lang='lat' dir='ltr'><strong>suo</strong></span> <span class='ocrx_word' id='word_1_126' title='bbox 1021 1471 1222 1528; x_wconf 84' lang='lat' dir='ltr'><strong>seniori</strong></span> <span class='ocrx_word' id='word_1_127' title='bbox 1245 1489 1367 1530; x_wconf 84' lang='lat' dir='ltr'><strong>esse</strong></span> <span class='ocrx_word' id='word_1_128' title='bbox 1391 1474 1567 1530; x_wconf 86' lang='lat' dir='ltr'><strong>debet.</strong></span> 
     </span>
    </p>
   </div>
   <div class='ocr_carea' id='block_1_18' title="bbox 305 1603 1740 1680">
    <p class='ocr_par' dir='ltr' id='par_1_18' title="bbox 305 1603 1740 1680">
     <span class='ocr_line' id='line_1_18' title="bbox 305 1603 1740 1680; baseline 0.005 -19"><span class='ocrx_word' id='word_1_129' title='bbox 305 1603 418 1661; x_wconf 77' lang='lat' dir='ltr'><strong>VII.</strong></span> <span class='ocrx_word' id='word_1_130' title='bbox 445 1605 524 1662; x_wconf 87' lang='lat' dir='ltr'><strong>De</strong></span> <span class='ocrx_word' id='word_1_131' title='bbox 546 1608 845 1678; x_wconf 72' lang='lat' dir='ltr'><strong>prastanda</strong></span> <span class='ocrx_word' id='word_1_132' title='bbox 871 1625 963 1679; x_wconf 88' lang='lat' dir='ltr'><strong>per</strong></span> <span class='ocrx_word' id='word_1_133' title='bbox 985 1611 1336 1680; x_wconf 83' lang='lat' dir='ltr'><strong>pamitentiam</strong></span> <span class='ocrx_word' id='word_1_134' title='bbox 1359 1611 1740 1668; x_wconf 81' lang='lat' dir='ltr'><strong>emendatione.</strong></span> 
     </span>
    </p>
   </div>
   <div class='ocr_carea' id='block_1_19' title="bbox 303 1747 1813 1832">
    <p class='ocr_par' dir='ltr' id='par_1_19' title="bbox 303 1747 1813 1832">
     <span class='ocr_line' id='line_1_19' title="bbox 303 1747 1813 1832; baseline 0.003 -30"><span class='ocrx_word' id='word_1_135' title='bbox 303 1747 447 1804; x_wconf 85' lang='lat' dir='ltr'><strong>Ecce</strong></span> <span class='ocrx_word' id='word_1_136' title='bbox 486 1763 604 1832; x_wconf 61' lang='lat' dir='ltr'><strong>quae</strong></span> <span class='ocrx_word' id='word_1_137' title='bbox 637 1750 704 1804; x_wconf 87' lang='lat' dir='ltr'><strong>de</strong></span> <span class='ocrx_word' id='word_1_138' title='bbox 748 1750 952 1820; x_wconf 85' lang='lat' dir='ltr'><strong>rapinis</strong></span> <span class='ocrx_word' id='word_1_139' title='bbox 1001 1758 1057 1805; x_wconf 89' lang='lat' dir='ltr'><strong>et</strong></span> <span class='ocrx_word' id='word_1_140' title='bbox 1111 1751 1178 1808; x_wconf 89' lang='lat' dir='ltr'><strong>de</strong></span> <span class='ocrx_word' id='word_1_141' title='bbox 1234 1752 1544 1822; x_wconf 84' lang='lat' dir='ltr'><strong>raptoribus</strong></span> <span class='ocrx_word' id='word_1_142' title='bbox 1593 1760 1813 1808; x_wconf 88' lang='lat' dir='ltr'><strong>sanctus</strong></span> 
     </span>
    </p>
   </div>
   <div class='ocr_carea' id='block_1_20' title="bbox 1922 577 3498 653">
    <p class='ocr_par' dir='ltr' id='par_1_20' title="bbox 1922 577 3498 653">
     <span class='ocr_line' id='line_1_20' title="bbox 1922 577 3498 653; baseline -0.003 -14"><span class='ocrx_word' id='word_1_143' title='bbox 1922 599 2043 639; x_wconf 91' lang='lat' dir='ltr'><strong>rum</strong></span> <span class='ocrx_word' id='word_1_144' title='bbox 2091 581 2385 653; x_wconf 89' lang='lat' dir='ltr'><strong>perniciem</strong></span> <span class='ocrx_word' id='word_1_145' title='bbox 2450 579 2520 636; x_wconf 88' lang='lat' dir='ltr'><strong>ad</strong></span> <span class='ocrx_word' id='word_1_146' title='bbox 2570 579 2828 650; x_wconf 88' lang='lat' dir='ltr'><strong>majorem</strong></span> <span class='ocrx_word' id='word_1_147' title='bbox 2898 577 3164 637; x_wconf 83' lang='lat' dir='ltr'><strong>insaniam</strong></span> <span class='ocrx_word' id='word_1_148' title='bbox 3217 580 3498 638; x_wconf 86' lang='lat' dir='ltr'><strong>concitari.</strong></span> 
     </span>
    </p>
   </div>
   <div class='ocr_carea' id='block_1_21' title="bbox 1919 671 3497 745">
    <p class='ocr_par' dir='ltr' id='par_1_21' title="bbox 1919 671 3497 745">
     <span class='ocr_line' id='line_1_21' title="bbox 1919 671 3497 745; baseline 0.001 -17"><span class='ocrx_word' id='word_1_149' title='bbox 1919 673 2222 745; x_wconf 86' lang='lat' dir='ltr'><strong>Aliquando</strong></span> <span class='ocrx_word' id='word_1_150' title='bbox 2250 672 2438 738; x_wconf 86' lang='lat' dir='ltr'><strong>etiam,</strong></span> <span class='ocrx_word' id='word_1_151' title='bbox 2469 672 2514 728; x_wconf 88' lang='lat' dir='ltr'><strong>si</strong></span> <span class='ocrx_word' id='word_1_152' title='bbox 2542 687 2630 729; x_wconf 88' lang='lat' dir='ltr'><strong>res</strong></span> <span class='ocrx_word' id='word_1_153' title='bbox 2657 671 2828 742; x_wconf 85' lang='lat' dir='ltr'><strong>magis</strong></span> <span class='ocrx_word' id='word_1_154' title='bbox 2878 674 3113 729; x_wconf 90' lang='lat' dir='ltr'><strong>curanda</strong></span> <span class='ocrx_word' id='word_1_155' title='bbox 3163 689 3271 730; x_wconf 92' lang='lat' dir='ltr'><strong>non</strong></span> <span class='ocrx_word' id='word_1_156' title='bbox 3327 674 3497 745; x_wconf 79' lang='grc' dir='ltr'>ἰηιρε-</span> 
     </span>
    </p>
   </div>
   <div class='ocr_carea' id='block_1_22' title="bbox 1920 763 3500 834">
    <p class='ocr_par' dir='ltr' id='par_1_22' title="bbox 1920 763 3500 834">
     <span class='ocr_line' id='line_1_22' title="bbox 1920 763 3500 834; baseline -0.001 -13"><span class='ocrx_word' id='word_1_157' title='bbox 1920 766 2085 829; x_wconf 89' lang='lat' dir='ltr'><strong>ditur,</strong></span> <span class='ocrx_word' id='word_1_158' title='bbox 2115 765 2287 821; x_wconf 87' lang='lat' dir='ltr'><strong>sancti</strong></span> <span class='ocrx_word' id='word_1_159' title='bbox 2310 764 2495 820; x_wconf 86' lang='lat' dir='ltr'><strong>altaris</strong></span> <span class='ocrx_word' id='word_1_160' title='bbox 2523 763 2902 819; x_wconf 88' lang='lat' dir='ltr'><strong>communione</strong></span> <span class='ocrx_word' id='word_1_161' title='bbox 2935 763 3230 834; x_wconf 87' lang='lat' dir='ltr'><strong>privamus.</strong></span> <span class='ocrx_word' id='word_1_162' title='bbox 3261 763 3373 821; x_wconf 82' lang='lat' dir='ltr'><strong>Nec</strong></span> <span class='ocrx_word' id='word_1_163' title='bbox 3415 765 3500 820; x_wconf 85' lang='lat' dir='ltr'><strong>in-</strong></span> 
     </span>
    </p>
   </div>
   <div class='ocr_carea' id='block_1_23' title="bbox 1920 854 3497 926">
    <p class='ocr_par' dir='ltr' id='par_1_23' title="bbox 1920 854 3497 926">
     <span class='ocr_line' id='line_1_23' title="bbox 1920 854 3497 926; baseline -0.001 -14"><span class='ocrx_word' id='word_1_164' title='bbox 1920 855 2328 913; x_wconf 90' lang='lat' dir='ltr'><strong>terveniendum</strong></span> <span class='ocrx_word' id='word_1_165' title='bbox 2348 872 2468 913; x_wconf 88' lang='lat' dir='ltr'><strong>esse</strong></span> <span class='ocrx_word' id='word_1_166' title='bbox 2491 873 2588 926; x_wconf 90' lang='lat' dir='ltr'><strong>pro</strong></span> <span class='ocrx_word' id='word_1_167' title='bbox 2613 855 2793 925; x_wconf 86' lang='lat' dir='ltr'><strong>aliquo</strong></span> <span class='ocrx_word' id='word_1_168' title='bbox 2819 854 2990 910; x_wconf 90' lang='lat' dir='ltr'><strong>ausim</strong></span> <span class='ocrx_word' id='word_1_169' title='bbox 3015 855 3214 917; x_wconf 90' lang='lat' dir='ltr'><strong>dicere,</strong></span> <span class='ocrx_word' id='word_1_170' title='bbox 3254 866 3310 910; x_wconf 90' lang='lat' dir='ltr'><strong>ut</strong></span> <span class='ocrx_word' id='word_1_171' title='bbox 3353 856 3497 926; x_wconf 86' lang='lat' dir='ltr'><strong>quod</strong></span> 
     </span>
    </p>
   </div>
   <div class='ocr_carea' id='block_1_24' title="bbox 1922 945 3499 1018">
    <p class='ocr_par' dir='ltr' id='par_1_24' title="bbox 1922 945 3499 1018">
     <span class='ocr_line' id='line_1_24' title="bbox 1922 945 3499 1018; baseline -0.001 -14"><span class='ocrx_word' id='word_1_172' title='bbox 1922 949 2126 1004; x_wconf 88' lang='lat' dir='ltr'><strong>scelere</strong></span> <span class='ocrx_word' id='word_1_173' title='bbox 2153 949 2395 1010; x_wconf 85' lang='lat' dir='ltr'><strong>abstulit.</strong></span> <span class='ocrx_word' id='word_1_174' title='bbox 2437 948 2655 1004; x_wconf 90' lang='lat' dir='ltr'><strong>sceleris</strong></span> <span class='ocrx_word' id='word_1_175' title='bbox 2703 947 3023 1018; x_wconf 88' lang='lat' dir='ltr'><strong>impunitate</strong></span> <span class='ocrx_word' id='word_1_176' title='bbox 3072 945 3499 1016; x_wconf 81' lang='lat' dir='ltr'><strong>possideatzsed</strong></span> 
     </span>
    </p>
   </div>
   <div class='ocr_carea' id='block_1_25' title="bbox 1921 1039 3498 1112">
    <p class='ocr_par' dir='ltr' id='par_1_25' title="bbox 1921 1039 3498 1112">
     <span class='ocr_line' id='line_1_25' title="bbox 1921 1039 3498 1112; baseline -0.002 -15"><span class='ocrx_word' id='word_1_177' title='bbox 1921 1052 1980 1097; x_wconf 94' lang='lat' dir='ltr'><strong>ut</strong></span> <span class='ocrx_word' id='word_1_178' title='bbox 2012 1042 2236 1098; x_wconf 89' lang='lat' dir='ltr'><strong>remissa</strong></span> <span class='ocrx_word' id='word_1_179' title='bbox 2267 1042 2459 1112; x_wconf 85' lang='lat' dir='ltr'><strong>injuria</strong></span> <span class='ocrx_word' id='word_1_180' title='bbox 2489 1041 2630 1112; x_wconf 90' lang='lat' dir='ltr'><strong>quod</strong></span> <span class='ocrx_word' id='word_1_181' title='bbox 2653 1040 2910 1111; x_wconf 86' lang='lat' dir='ltr'><strong>injuriose</strong></span> <span class='ocrx_word' id='word_1_182' title='bbox 2935 1039 3156 1095; x_wconf 86' lang='lat' dir='ltr'><strong>abstulit</strong></span> <span class='ocrx_word' id='word_1_183' title='bbox 3198 1039 3406 1104; x_wconf 84' lang='lat' dir='ltr'><strong>reddat,</strong></span> <span class='ocrx_word' id='word_1_184' title='bbox 3450 1040 3498 1096; x_wconf 89' lang='lat' dir='ltr'><strong>si</strong></span> 
     </span>
    </p>
   </div>
   <div class='ocr_carea' id='block_1_26' title="bbox 1920 1129 3500 1202">
    <p class='ocr_par' dir='ltr' id='par_1_26' title="bbox 1920 1129 3500 1202">
     <span class='ocr_line' id='line_1_26' title="bbox 1920 1129 3500 1202; baseline -0.001 -16"><span class='ocrx_word' id='word_1_185' title='bbox 1920 1141 2100 1188; x_wconf 90' lang='lat' dir='ltr'><strong>tamen</strong></span> <span class='ocrx_word' id='word_1_186' title='bbox 2131 1132 2291 1188; x_wconf 88' lang='lat' dir='ltr'><strong>habet</strong></span> <span class='ocrx_word' id='word_1_187' title='bbox 2318 1131 2462 1202; x_wconf 89' lang='lat' dir='ltr'><strong>quod</strong></span> <span class='ocrx_word' id='word_1_188' title='bbox 2490 1132 2748 1197; x_wconf 90' lang='lat' dir='ltr'><strong>abstulit,</strong></span> <span class='ocrx_word' id='word_1_189' title='bbox 2799 1131 2884 1187; x_wconf 88' lang='lat' dir='ltr'><strong>vel</strong></span> <span class='ocrx_word' id='word_1_190' title='bbox 2915 1131 3062 1187; x_wconf 90' lang='lat' dir='ltr'><strong>aliud</strong></span> <span class='ocrx_word' id='word_1_191' title='bbox 3086 1129 3228 1186; x_wconf 89' lang='lat' dir='ltr'><strong>unde</strong></span> <span class='ocrx_word' id='word_1_192' title='bbox 3254 1129 3382 1184; x_wconf 92' lang='lat' dir='ltr'><strong>illud</strong></span> <span class='ocrx_word' id='word_1_193' title='bbox 3413 1143 3500 1184; x_wconf 84' lang='lat' dir='ltr'><strong>re-</strong></span> 
     </span>
    </p>
   </div>
   <div class='ocr_carea' id='block_1_27' title="bbox 1918 1220 3499 1292">
    <p class='ocr_par' dir='ltr' id='par_1_27' title="bbox 1918 1220 3499 1292">
     <span class='ocr_line' id='line_1_27' title="bbox 1918 1220 3499 1292; baseline -0.002 -12"><span class='ocrx_word' id='word_1_194' title='bbox 1918 1225 2127 1280; x_wconf 91' lang='lat' dir='ltr'><strong>stituat.</strong></span> <span class='ocrx_word' id='word_1_195' title='bbox 2161 1224 2263 1292; x_wconf 83' lang='lat' dir='ltr'><strong>Qui</strong></span> <span class='ocrx_word' id='word_1_196' title='bbox 2291 1237 2422 1277; x_wconf 89' lang='lat' dir='ltr'><strong>vero</strong></span> <span class='ocrx_word' id='word_1_197' title='bbox 2445 1231 2634 1278; x_wconf 91' lang='lat' dir='ltr'><strong>contra</strong></span> <span class='ocrx_word' id='word_1_198' title='bbox 2655 1223 2746 1292; x_wconf 89' lang='lat' dir='ltr'><strong>jus</strong></span> <span class='ocrx_word' id='word_1_199' title='bbox 2773 1223 3048 1278; x_wconf 89' lang='lat' dir='ltr'><strong>societatis</strong></span> <span class='ocrx_word' id='word_1_200' title='bbox 3085 1223 3356 1285; x_wconf 73' lang='lat' dir='ltr'><strong>humanze,</strong></span> <span class='ocrx_word' id='word_1_201' title='bbox 3383 1220 3499 1277; x_wconf 85' lang='lat' dir='ltr'><strong>fur-</strong></span> 
     </span>
    </p>
   </div>
   <div class='ocr_carea' id='block_1_28' title="bbox 1918 1313 3501 1385">
    <p class='ocr_par' dir='ltr' id='par_1_28' title="bbox 1918 1313 3501 1385">
     <span class='ocr_line' id='line_1_28' title="bbox 1918 1313 3501 1385; baseline -0.001 -15"><span class='ocrx_word' id='word_1_202' title='bbox 1918 1317 2009 1382; x_wconf 85' lang='lat' dir='ltr'><strong>tis,</strong></span> <span class='ocrx_word' id='word_1_203' title='bbox 2042 1315 2268 1385; x_wconf 86' lang='lat' dir='ltr'><strong>rapinis,</strong></span> <span class='ocrx_word' id='word_1_204' title='bbox 2295 1313 2600 1377; x_wconf 73' lang='lat' dir='ltr'><strong>calumniis,</strong></span> <span class='ocrx_word' id='word_1_205' title='bbox 2628 1314 3088 1385; x_wconf 81' lang='lat' dir='ltr'><strong>oppressionibus,</strong></span> <span class='ocrx_word' id='word_1_206' title='bbox 3133 1313 3501 1370; x_wconf 88' lang='lat' dir='ltr'><strong>invasionibus</strong></span> 
     </span>
    </p>
   </div>
   <div class='ocr_carea' id='block_1_29' title="bbox 1918 1407 3497 1478">
    <p class='ocr_par' dir='ltr' id='par_1_29' title="bbox 1918 1407 3497 1478">
     <span class='ocr_line' id='line_1_29' title="bbox 1918 1407 3497 1478; baseline -0.001 -16"><span class='ocrx_word' id='word_1_207' title='bbox 1918 1407 2223 1470; x_wconf 89' lang='lat' dir='ltr'><strong>abstulerit,</strong></span> <span class='ocrx_word' id='word_1_208' title='bbox 2254 1407 2524 1462; x_wconf 89' lang='lat' dir='ltr'><strong>reddenda</strong></span> <span class='ocrx_word' id='word_1_209' title='bbox 2550 1407 2730 1478; x_wconf 90' lang='lat' dir='ltr'><strong>potius</strong></span> <span class='ocrx_word' id='word_1_210' title='bbox 2747 1422 2908 1477; x_wconf 90' lang='lat' dir='ltr'><strong>quam</strong></span> <span class='ocrx_word' id='word_1_211' title='bbox 2925 1407 3170 1462; x_wconf 87' lang='lat' dir='ltr'><strong>donanda</strong></span> <span class='ocrx_word' id='word_1_212' title='bbox 3190 1421 3497 1472; x_wconf 88' lang='lat' dir='ltr'><strong>censemus,</strong></span> 
     </span>
    </p>
   </div>
   <div class='ocr_carea' id='block_1_30' title="bbox 1917 1497 3498 1571">
    <p class='ocr_par' dir='ltr' id='par_1_30' title="bbox 1917 1497 3498 1571">
     <span class='ocr_line' id='line_1_30' title="bbox 1917 1497 3498 1571; baseline 0 -17"><span class='ocrx_word' id='word_1_213' title='bbox 1917 1498 2161 1554; x_wconf 70' lang='lat' dir='ltr'><strong>Zacchaei</strong></span> <span class='ocrx_word' id='word_1_214' title='bbox 2187 1497 2457 1569; x_wconf 88' lang='lat' dir='ltr'><strong>publicani</strong></span> <span class='ocrx_word' id='word_1_215' title='bbox 2479 1499 2791 1570; x_wconf 90' lang='lat' dir='ltr'><strong>evaugelico</strong></span> <span class='ocrx_word' id='word_1_216' title='bbox 2813 1499 3077 1571; x_wconf 88' lang='lat' dir='ltr'><strong>exemplo,</strong></span> <span class='ocrx_word' id='word_1_217' title='bbox 3103 1499 3194 1570; x_wconf 89' lang='lat' dir='ltr'><strong>qui</strong></span> <span class='ocrx_word' id='word_1_218' title='bbox 3225 1515 3346 1555; x_wconf 90' lang='lat' dir='ltr'><strong>cum</strong></span> <span class='ocrx_word' id='word_1_219' title='bbox 3396 1499 3498 1554; x_wconf 83' lang='lat' dir='ltr'><strong>ho-</strong></span> 
     </span>
    </p>
   </div>
   <div class='ocr_carea' id='block_1_31' title="bbox 1917 1589 3497 1660">
    <p class='ocr_par' dir='ltr' id='par_1_31' title="bbox 1917 1589 3497 1660">
     <span class='ocr_line' id='line_1_31' title="bbox 1917 1589 3497 1660; baseline 0.001 -15"><span class='ocrx_word' id='word_1_220' title='bbox 1917 1589 2080 1659; x_wconf 88' lang='lat' dir='ltr'><strong>spitio</strong></span> <span class='ocrx_word' id='word_1_221' title='bbox 2103 1589 2388 1645; x_wconf 87' lang='lat' dir='ltr'><strong>Dominum</strong></span> <span class='ocrx_word' id='word_1_222' title='bbox 2418 1591 2768 1660; x_wconf 90' lang='lat' dir='ltr'><strong>suscepisset,</strong></span> <span class='ocrx_word' id='word_1_223' title='bbox 2795 1592 2846 1646; x_wconf 93' lang='lat' dir='ltr'><strong>in</strong></span> <span class='ocrx_word' id='word_1_224' title='bbox 2899 1593 3064 1647; x_wconf 88' lang='lat' dir='ltr'><strong>vitam</strong></span> <span class='ocrx_word' id='word_1_225' title='bbox 3116 1599 3361 1647; x_wconf 89' lang='lat' dir='ltr'><strong>sanctam</strong></span> <span class='ocrx_word' id='word_1_226' title='bbox 3408 1606 3497 1647; x_wconf 89' lang='lat' dir='ltr'><strong>re-</strong></span> 
     </span>
    </p>
   </div>
   <div class='ocr_carea' id='block_1_32' title="bbox 1915 1683 3498 1754">
    <p class='ocr_par' dir='ltr' id='par_1_32' title="bbox 1915 1683 3498 1754">
     <span class='ocr_line' id='line_1_32' title="bbox 1915 1683 3498 1754; baseline 0.002 -17"><span class='ocrx_word' id='word_1_227' title='bbox 1915 1692 2077 1752; x_wconf 90' lang='lat' dir='ltr'><strong>pente</strong></span> <span class='ocrx_word' id='word_1_228' title='bbox 2105 1693 2361 1748; x_wconf 89' lang='lat' dir='ltr'><strong>mutatus,</strong></span> <span class='ocrx_word' id='word_1_229' title='bbox 2391 1683 2701 1747; x_wconf 78' lang='lat' dir='ltr'><strong>Dimidium,</strong></span> <span class='ocrx_word' id='word_1_230' title='bbox 2731 1685 2922 1754; x_wconf 87' lang='lat' dir='ltr'><strong>inquit,</strong></span> <span class='ocrx_word' id='word_1_231' title='bbox 2978 1701 3151 1739; x_wconf 89' lang='lat' dir='ltr'><strong>rerum</strong></span> <span class='ocrx_word' id='word_1_232' title='bbox 3172 1702 3404 1738; x_wconf 76' lang='lat' dir='ltr'><strong>mearum</strong></span> <span class='ocrx_word' id='word_1_233' title='bbox 3429 1686 3498 1740; x_wconf 85' lang='lat' dir='ltr'><strong>do</strong></span> 
     </span>
    </p>
   </div>
   <div class='ocr_carea' id='block_1_33' title="bbox 1917 1774 3499 1847">
    <p class='ocr_par' dir='ltr' id='par_1_33' title="bbox 1917 1774 3499 1847">
     <span class='ocr_line' id='line_1_33' title="bbox 1917 1774 3499 1847; baseline 0.002 -20"><span class='ocrx_word' id='word_1_234' title='bbox 1917 1774 2264 1845; x_wconf 75' lang='lat' dir='ltr'><strong>pauperibus,</strong></span> <span class='ocrx_word' id='word_1_235' title='bbox 2317 1785 2364 1829; x_wconf 88' lang='lat' dir='ltr'><strong>et</strong></span> <span class='ocrx_word' id='word_1_236' title='bbox 2392 1775 2438 1830; x_wconf 89' lang='lat' dir='ltr'><strong>si</strong></span> <span class='ocrx_word' id='word_1_237' title='bbox 2483 1775 2568 1829; x_wconf 84' lang='lat' dir='ltr'><strong>cui</strong></span> <span class='ocrx_word' id='word_1_238' title='bbox 2619 1775 2816 1846; x_wconf 85' lang='lat' dir='ltr'><strong>aliquid</strong></span> <span class='ocrx_word' id='word_1_239' title='bbox 2863 1774 3090 1841; x_wconf 77' lang='lat' dir='ltr'><strong>abstuli,</strong></span> <span class='ocrx_word' id='word_1_240' title='bbox 3145 1775 3499 1847; x_wconf 77' lang='lat' dir='ltr'><strong>quadruplum</strong></span> 
     </span>
    </p>
   </div>
   <div class='ocr_carea' id='block_1_34' title="bbox 221 1836 3497 1941">
    <p class='ocr_par' dir='ltr' id='par_1_34' title="bbox 221 1836 3497 1941">
     <span class='ocr_line' id='line_1_34' title="bbox 221 1836 3497 1941; baseline 0.005 -31"><span class='ocrx_word' id='word_1_241' title='bbox 221 1836 471 1941; x_wconf 52' lang='lat' dir='ltr'><strong>Spiritu}</strong></span> <span class='ocrx_word' id='word_1_242' title='bbox 492 1854 587 1941; x_wconf 64' lang='grc' dir='ltr'><strong>ρετ</strong></span> <span class='ocrx_word' id='word_1_243' title='bbox 612 1840 715 1896; x_wconf 83' lang='lat' dir='ltr'><strong>sibi</strong></span> <span class='ocrx_word' id='word_1_244' title='bbox 763 1857 964 1912; x_wconf 68' lang='lat' dir='ltr'><strong>organa</strong></span> <span class='ocrx_word' id='word_1_245' title='bbox 1008 1843 1167 1912; x_wconf 72' lang='lat' dir='ltr'><strong>digna</strong></span> <span class='ocrx_word' id='word_1_246' title='bbox 1211 1843 1572 1941; x_wconf 52' lang='lat' dir='ltr'><strong>comminatus</strong></span> <span class='ocrx_word' id='word_1_247' title='bbox 1624 1851 1708 1898; x_wconf 76' lang='grc' dir='ltr'><strong>εει</strong></span> <span class='ocrx_word' id='word_1_248' title='bbox 1759 1851 1815 1898; x_wconf 74' lang='grc' dir='ltr'><strong>ει</strong></span> <span class='ocrx_word' id='word_1_249' title='bbox 1844 1836 2077 1932; x_wconf 47' lang='lat' dir='ltr'><strong>nam}.</strong></span> <span class='ocrx_word' id='word_1_250' title='bbox 2103 1836 2260 1938; x_wconf 65' lang='lat' dir='ltr'><strong>(Luc.</strong></span> <span class='ocrx_word' id='word_1_251' title='bbox 2287 1869 2422 1939; x_wconf 70' lang='grc' dir='ltr'>χιι).</span> <span class='ocrx_word' id='word_1_252' title='bbox 2457 1868 2597 1936; x_wconf 90' lang='lat' dir='ltr'><strong>Quid</strong></span> <span class='ocrx_word' id='word_1_253' title='bbox 2628 1836 2802 1924; x_wconf 80' lang='lat' dir='ltr'><strong>dicam</strong></span> <span class='ocrx_word' id='word_1_254' title='bbox 2824 1870 2892 1925; x_wconf 92' lang='lat' dir='ltr'><strong>de</strong></span> <span class='ocrx_word' id='word_1_255' title='bbox 2919 1836 3122 1936; x_wconf 72' lang='lat' dir='ltr'><strong>usuris,</strong></span> <span class='ocrx_word' id='word_1_256' title='bbox 3157 1836 3305 1941; x_wconf 51' lang='lat' dir='ltr'><strong>&#39;quas</strong></span> <span class='ocrx_word' id='word_1_257' title='bbox 3332 1836 3497 1927; x_wconf 76' lang='lat' dir='ltr'><strong>etiam</strong></span> 
     </span>
    </p>
   </div>
   <div class='ocr_carea' id='block_1_35' title="bbox 221 1931 1816 2005">
    <p class='ocr_par' dir='ltr' id='par_1_35' title="bbox 221 1931 1816 2005">
     <span class='ocr_line' id='line_1_35' title="bbox 221 1931 1816 2005; baseline 0.004 -21"><span class='ocrx_word' id='word_1_258' title='bbox 221 1931 496 1987; x_wconf 85' lang='lat' dir='ltr'><strong>decrevit.</strong></span> <span class='ocrx_word' id='word_1_259' title='bbox 523 1931 662 1988; x_wconf 87' lang='lat' dir='ltr'><strong>Ecce</strong></span> <span class='ocrx_word' id='word_1_260' title='bbox 691 1949 813 2003; x_wconf 84' lang='lat' dir='ltr'><strong>quae</strong></span> <span class='ocrx_word' id='word_1_261' title='bbox 839 1944 1214 1991; x_wconf 87' lang='lat' dir='ltr'><strong>antecessores</strong></span> <span class='ocrx_word' id='word_1_262' title='bbox 1249 1936 1415 1990; x_wconf 88' lang='lat' dir='ltr'><strong>vestri</strong></span> <span class='ocrx_word' id='word_1_263' title='bbox 1459 1935 1816 2005; x_wconf 89' lang='lat' dir='ltr'><strong>imperatores</strong></span> 
     </span>
    </p>
   </div>
   <div class='ocr_carea' id='block_1_36' title="bbox 216 2025 1815 2099">
    <p class='ocr_par' dir='ltr' id='par_1_36' title="bbox 216 2025 1815 2099">
     <span class='ocr_line' id='line_1_36' title="bbox 216 2025 1815 2099; baseline 0.005 -24"><span class='ocrx_word' id='word_1_264' title='bbox 216 2037 290 2077; x_wconf 86' lang='lat' dir='ltr'><strong>ac</strong></span> <span class='ocrx_word' id='word_1_265' title='bbox 340 2038 514 2095; x_wconf 87' lang='lat' dir='ltr'><strong>reges,</strong></span> <span class='ocrx_word' id='word_1_266' title='bbox 549 2025 601 2079; x_wconf 92' lang='lat' dir='ltr'><strong>in</strong></span> <span class='ocrx_word' id='word_1_267' title='bbox 642 2025 871 2081; x_wconf 87' lang='lat' dir='ltr'><strong>diversis</strong></span> <span class='ocrx_word' id='word_1_268' title='bbox 928 2028 1147 2099; x_wconf 87' lang='lat' dir='ltr'><strong>synodis</strong></span> <span class='ocrx_word' id='word_1_269' title='bbox 1203 2044 1266 2084; x_wconf 91' lang='lat' dir='ltr'><strong>ac</strong></span> <span class='ocrx_word' id='word_1_270' title='bbox 1312 2028 1562 2098; x_wconf 89' lang='lat' dir='ltr'><strong>placitis,</strong></span> <span class='ocrx_word' id='word_1_271' title='bbox 1588 2029 1815 2084; x_wconf 89' lang='lat' dir='ltr'><strong>consilio</strong></span> 
     </span>
    </p>
   </div>
   <div class='ocr_carea' id='block_1_37' title="bbox 216 2113 1814 2183">
    <p class='ocr_par' dir='ltr' id='par_1_37' title="bbox 216 2113 1814 2183">
     <span class='ocr_line' id='line_1_37' title="bbox 216 2113 1814 2183; baseline 0.005 -16"><span class='ocrx_word' id='word_1_272' title='bbox 216 2113 607 2183; x_wconf 67' lang='lat' dir='ltr'><strong>episcoporum</strong></span> <span class='ocrx_word' id='word_1_273' title='bbox 648 2132 712 2172; x_wconf 87' lang='lat' dir='ltr'><strong>ac</strong></span> <span class='ocrx_word' id='word_1_274' title='bbox 757 2126 1078 2174; x_wconf 74' lang='lat' dir='ltr'><strong>czeterorum</strong></span> <span class='ocrx_word' id='word_1_275' title='bbox 1133 2119 1370 2173; x_wconf 81' lang='lat' dir='ltr'><strong>ﬁdelium</strong></span> <span class='ocrx_word' id='word_1_276' title='bbox 1423 2136 1645 2175; x_wconf 86' lang='lat' dir='ltr'><strong>suorum</strong></span> <span class='ocrx_word' id='word_1_277' title='bbox 1689 2120 1814 2176; x_wconf 90' lang='lat' dir='ltr'><strong>inde</strong></span> 
     </span>
    </p>
   </div>
   <div class='ocr_carea' id='block_1_38' title="bbox 217 2205 1813 2283">
    <p class='ocr_par' dir='ltr' id='par_1_38' title="bbox 217 2205 1813 2283">
     <span class='ocr_line' id='line_1_38' title="bbox 217 2205 1813 2283; baseline 0.007 -25"><span class='ocrx_word' id='word_1_278' title='bbox 217 2205 640 2264; x_wconf 78' lang='lat' dir='ltr'><strong>constituerunt.</strong></span> <span class='ocrx_word' id='word_1_279' title='bbox 671 2207 800 2276; x_wconf 72' lang='lat' dir='ltr'><strong>Qure</strong></span> <span class='ocrx_word' id='word_1_280' title='bbox 829 2211 1096 2280; x_wconf 90' lang='lat' dir='ltr'><strong>quomodo</strong></span> <span class='ocrx_word' id='word_1_281' title='bbox 1119 2212 1184 2268; x_wconf 88' lang='lat' dir='ltr'><strong>de</strong></span> <span class='ocrx_word' id='word_1_282' title='bbox 1203 2213 1670 2268; x_wconf 89' lang='lat' dir='ltr'><strong>emendationibus</strong></span> <span class='ocrx_word' id='word_1_283' title='bbox 1694 2228 1813 2283; x_wconf 73' lang='lat' dir='ltr'><strong>qua:</strong></span> 
     </span>
    </p>
   </div>
   <div class='ocr_carea' id='block_1_39' title="bbox 217 2297 1811 2375">
    <p class='ocr_par' dir='ltr' id='par_1_39' title="bbox 217 2297 1811 2375">
     <span class='ocr_line' id='line_1_39' title="bbox 217 2297 1811 2375; baseline 0.007 -25"><span class='ocrx_word' id='word_1_284' title='bbox 217 2297 369 2353; x_wconf 88' lang='lat' dir='ltr'><strong>male</strong></span> <span class='ocrx_word' id='word_1_285' title='bbox 399 2308 518 2354; x_wconf 90' lang='lat' dir='ltr'><strong>acta</strong></span> <span class='ocrx_word' id='word_1_286' title='bbox 549 2309 674 2354; x_wconf 92' lang='lat' dir='ltr'><strong>sunt</strong></span> <span class='ocrx_word' id='word_1_287' title='bbox 704 2300 805 2372; x_wconf 87' lang='lat' dir='ltr'><strong>legi</strong></span> <span class='ocrx_word' id='word_1_288' title='bbox 836 2317 932 2371; x_wconf 88' lang='lat' dir='ltr'><strong>per</strong></span> <span class='ocrx_word' id='word_1_289' title='bbox 958 2301 1175 2374; x_wconf 82' lang='lat' dir='ltr'><strong>Moysen</strong></span> <span class='ocrx_word' id='word_1_290' title='bbox 1202 2304 1340 2360; x_wconf 70' lang='lat' dir='ltr'><strong>data:</strong></span> <span class='ocrx_word' id='word_1_291' title='bbox 1362 2315 1685 2374; x_wconf 86' lang='lat' dir='ltr'><strong>congruant,</strong></span> <span class='ocrx_word' id='word_1_292' title='bbox 1718 2305 1811 2375; x_wconf 89' lang='lat' dir='ltr'><strong>qui</strong></span> 
     </span>
    </p>
   </div>
   <div class='ocr_carea' id='block_1_40' title="bbox 212 2389 1811 2468">
    <p class='ocr_par' dir='ltr' id='par_1_40' title="bbox 212 2389 1811 2468">
     <span class='ocr_line' id='line_1_40' title="bbox 212 2389 1811 2468; baseline 0.008 -28"><span class='ocrx_word' id='word_1_293' title='bbox 212 2401 347 2442; x_wconf 86' lang='lat' dir='ltr'><strong>eam</strong></span> <span class='ocrx_word' id='word_1_294' title='bbox 371 2389 497 2459; x_wconf 90' lang='lat' dir='ltr'><strong>legit</strong></span> <span class='ocrx_word' id='word_1_295' title='bbox 526 2390 792 2462; x_wconf 79' lang='lat' dir='ltr'><strong>intelligit.</strong></span> <span class='ocrx_word' id='word_1_296' title='bbox 819 2393 884 2447; x_wconf 90' lang='lat' dir='ltr'><strong>Et</strong></span> <span class='ocrx_word' id='word_1_297' title='bbox 908 2394 960 2448; x_wconf 93' lang='lat' dir='ltr'><strong>in</strong></span> <span class='ocrx_word' id='word_1_298' title='bbox 1004 2395 1294 2467; x_wconf 85' lang='lat' dir='ltr'><strong>Evangelio</strong></span> <span class='ocrx_word' id='word_1_299' title='bbox 1329 2397 1554 2468; x_wconf 82' lang='lat' dir='ltr'><strong>legimus</strong></span> <span class='ocrx_word' id='word_1_300' title='bbox 1611 2398 1811 2453; x_wconf 78' lang='lat' dir='ltr'><strong>dixisse</strong></span> 
     </span>
    </p>
   </div>
   <div class='ocr_carea' id='block_1_41' title="bbox 212 2477 1812 2543">
    <p class='ocr_par' dir='ltr' id='par_1_41' title="bbox 212 2477 1812 2543">
     <span class='ocr_line' id='line_1_41' title="bbox 212 2477 1812 2543; baseline 0.007 -11"><span class='ocrx_word' id='word_1_301' title='bbox 212 2477 546 2535; x_wconf 75' lang='lat' dir='ltr'><strong>Zacchazum</strong></span> <span class='ocrx_word' id='word_1_302' title='bbox 587 2483 654 2536; x_wconf 92' lang='lat' dir='ltr'><strong>ad</strong></span> <span class='ocrx_word' id='word_1_303' title='bbox 688 2483 975 2539; x_wconf 88' lang='lat' dir='ltr'><strong>Dominum</strong></span> <span class='ocrx_word' id='word_1_304' title='bbox 1011 2503 1024 2538; x_wconf 89' lang='lat'><strong>:</strong></span> <span class='ocrx_word' id='word_1_305' title='bbox 1055 2485 1343 2542; x_wconf 85' lang='lat' dir='ltr'><strong>Dimidium</strong></span> <span class='ocrx_word' id='word_1_306' title='bbox 1373 2488 1627 2542; x_wconf 87' lang='lat' dir='ltr'><strong>bonorum</strong></span> <span class='ocrx_word' id='word_1_307' title='bbox 1670 2505 1812 2543; x_wconf 80' lang='lat' dir='ltr'><strong>meo-</strong></span> 
     </span>
    </p>
   </div>
   <div class='ocr_carea' id='block_1_42' title="bbox 212 2570 1806 2649">
    <p class='ocr_par' dir='ltr' id='par_1_42' title="bbox 212 2570 1806 2649">
     <span class='ocr_line' id='line_1_42' title="bbox 212 2570 1806 2649; baseline 0.008 -27"><span class='ocrx_word' id='word_1_308' title='bbox 212 2586 366 2634; x_wconf 85' lang='lat' dir='ltr'><strong>rum,</strong></span> <span class='ocrx_word' id='word_1_309' title='bbox 390 2570 632 2639; x_wconf 80' lang='lat' dir='ltr'><strong>Domine,</strong></span> <span class='ocrx_word' id='word_1_310' title='bbox 661 2575 731 2628; x_wconf 85' lang='lat' dir='ltr'><strong>do</strong></span> <span class='ocrx_word' id='word_1_311' title='bbox 753 2577 1070 2646; x_wconf 82' lang='lat' dir='ltr'><strong>pauperibus</strong></span> <span class='ocrx_word' id='word_1_312' title='bbox 1093 2594 1112 2632; x_wconf 91' lang='lat'><strong><em>:</em></strong></span> <span class='ocrx_word' id='word_1_313' title='bbox 1149 2588 1196 2632; x_wconf 86' lang='lat' dir='ltr'><strong>et</strong></span> <span class='ocrx_word' id='word_1_314' title='bbox 1217 2579 1262 2632; x_wconf 88' lang='lat' dir='ltr'><strong>si</strong></span> <span class='ocrx_word' id='word_1_315' title='bbox 1287 2595 1437 2649; x_wconf 88' lang='lat' dir='ltr'><strong>quem</strong></span> <span class='ocrx_word' id='word_1_316' title='bbox 1473 2579 1806 2648; x_wconf 77' lang='lat' dir='ltr'><strong>defraudari,</strong></span> 
     </span>
    </p>
   </div>
   <div class='ocr_carea' id='block_1_43' title="bbox 212 2655 1806 2740">
    <p class='ocr_par' dir='ltr' id='par_1_43' title="bbox 212 2655 1806 2740">
     <span class='ocr_line' id='line_1_43' title="bbox 212 2655 1806 2740; baseline 0.006 -26"><span class='ocrx_word' id='word_1_317' title='bbox 212 2655 384 2716; x_wconf 69' lang='lat' dir='ltr'><strong>reddo</strong></span> <span class='ocrx_word' id='word_1_318' title='bbox 433 2665 788 2735; x_wconf 77' lang='lat' dir='ltr'><strong>quadruplum</strong></span> <span class='ocrx_word' id='word_1_319' title='bbox 836 2667 1152 2740; x_wconf 84' lang='lat' dir='ltr'><strong>(Lue.xtx).</strong></span> <span class='ocrx_word' id='word_1_320' title='bbox 1182 2670 1265 2725; x_wconf 84' lang='lat' dir='ltr'><strong>Ad</strong></span> <span class='ocrx_word' id='word_1_321' title='bbox 1312 2670 1415 2724; x_wconf 90' lang='lat' dir='ltr'><strong>hoc</strong></span> <span class='ocrx_word' id='word_1_322' title='bbox 1453 2671 1597 2724; x_wconf 88' lang='lat' dir='ltr'><strong>enim</strong></span> <span class='ocrx_word' id='word_1_323' title='bbox 1645 2670 1806 2724; x_wconf 90' lang='lat' dir='ltr'><strong>aliam</strong></span> 
     </span>
    </p>
   </div>
   <div class='ocr_carea' id='block_1_44' title="bbox 209 2754 1806 2814">
    <p class='ocr_par' dir='ltr' id='par_1_44' title="bbox 209 2754 1806 2814">
     <span class='ocr_line' id='line_1_44' title="bbox 209 2754 1806 2814; baseline 0.004 -7"><span class='ocrx_word' id='word_1_324' title='bbox 209 2754 569 2810; x_wconf 85' lang='lat' dir='ltr'><strong>medietatem</strong></span> <span class='ocrx_word' id='word_1_325' title='bbox 614 2755 878 2812; x_wconf 87' lang='lat' dir='ltr'><strong>bonorum</strong></span> <span class='ocrx_word' id='word_1_326' title='bbox 948 2774 1170 2813; x_wconf 91' lang='lat' dir='ltr'><strong>suorum</strong></span> <span class='ocrx_word' id='word_1_327' title='bbox 1241 2758 1498 2814; x_wconf 88' lang='lat' dir='ltr'><strong>servavit.</strong></span> <span class='ocrx_word' id='word_1_328' title='bbox 1549 2760 1614 2814; x_wconf 88' lang='lat' dir='ltr'><strong>Et</strong></span> <span class='ocrx_word' id='word_1_329' title='bbox 1680 2760 1806 2814; x_wconf 88' lang='lat' dir='ltr'><strong>hinc</strong></span> 
     </span>
    </p>
   </div>
   <div class='ocr_carea' id='block_1_45' title="bbox 210 2846 1806 2918">
    <p class='ocr_par' dir='ltr' id='par_1_45' title="bbox 210 2846 1806 2918">
     <span class='ocr_line' id='line_1_45' title="bbox 210 2846 1806 2918; baseline 0.004 -19"><span class='ocrx_word' id='word_1_330' title='bbox 210 2855 442 2900; x_wconf 73' lang='lat' dir='ltr'><strong>sanctus</strong></span> <span class='ocrx_word' id='word_1_331' title='bbox 469 2846 805 2915; x_wconf 79' lang='lat' dir='ltr'><strong>Augustinus</strong></span> <span class='ocrx_word' id='word_1_332' title='bbox 831 2849 883 2901; x_wconf 92' lang='lat' dir='ltr'><strong>in</strong></span> <span class='ocrx_word' id='word_1_333' title='bbox 907 2849 1132 2918; x_wconf 89' lang='lat' dir='ltr'><strong>epistola</strong></span> <span class='ocrx_word' id='word_1_334' title='bbox 1170 2849 1236 2903; x_wconf 92' lang='lat' dir='ltr'><strong>ad</strong></span> <span class='ocrx_word' id='word_1_335' title='bbox 1270 2849 1642 2906; x_wconf 83' lang='lat' dir='ltr'><strong>Macedonium</strong></span> <span class='ocrx_word' id='word_1_336' title='bbox 1674 2849 1806 2905; x_wconf 91' lang='lat' dir='ltr'><strong>dicit</strong></span> 
     </span>
    </p>
   </div>
   <div class='ocr_carea' id='block_1_46' title="bbox 211 2934 1804 3011">
    <p class='ocr_par' dir='ltr' id='par_1_46' title="bbox 211 2934 1804 3011">
     <span class='ocr_line' id='line_1_46' title="bbox 211 2934 1804 3011; baseline 0.006 -25"><span class='ocrx_word' id='word_1_337' title='bbox 211 2934 395 3004; x_wconf 82' lang='lat' dir='ltr'><strong>(epist.</strong></span> <span class='ocrx_word' id='word_1_338' title='bbox 427 2935 518 3006; x_wconf 72' lang='grc'><strong>54)</strong></span> <span class='ocrx_word' id='word_1_339' title='bbox 545 2955 558 2988; x_wconf 94' lang='lat'><strong>:</strong></span> <span class='ocrx_word' id='word_1_340' title='bbox 585 2934 739 3003; x_wconf 86' lang='lat' dir='ltr'><strong>Quod</strong></span> <span class='ocrx_word' id='word_1_341' title='bbox 767 2937 901 2993; x_wconf 90' lang='lat' dir='ltr'><strong>dicis</strong></span> <span class='ocrx_word' id='word_1_342' title='bbox 925 2939 1198 3010; x_wconf 91' lang='lat' dir='ltr'><strong>inquiens,</strong></span> <span class='ocrx_word' id='word_1_343' title='bbox 1227 2939 1459 2996; x_wconf 91' lang='lat' dir='ltr'><strong>Sceleris</strong></span> <span class='ocrx_word' id='word_1_344' title='bbox 1480 2941 1689 3011; x_wconf 90' lang='lat' dir='ltr'><strong>culpam</strong></span> <span class='ocrx_word' id='word_1_345' title='bbox 1714 2959 1804 2996; x_wconf 86' lang='lat' dir='ltr'><strong>cu-</strong></span> 
     </span>
    </p>
   </div>
   <div class='ocr_carea' id='block_1_47' title="bbox 209 3025 1801 3104">
    <p class='ocr_par' dir='ltr' id='par_1_47' title="bbox 209 3025 1801 3104">
     <span class='ocr_line' id='line_1_47' title="bbox 209 3025 1801 3104; baseline 0.008 -26"><span class='ocrx_word' id='word_1_346' title='bbox 209 3025 369 3096; x_wconf 90' lang='lat' dir='ltr'><strong>piunt</strong></span> <span class='ocrx_word' id='word_1_347' title='bbox 391 3025 494 3080; x_wconf 91' lang='lat' dir='ltr'><strong>sibi</strong></span> <span class='ocrx_word' id='word_1_348' title='bbox 519 3026 765 3084; x_wconf 86' lang='lat' dir='ltr'><strong>homines</strong></span> <span class='ocrx_word' id='word_1_349' title='bbox 787 3028 1045 3098; x_wconf 83' lang='lat' dir='ltr'><strong>relaxari,</strong></span> <span class='ocrx_word' id='word_1_350' title='bbox 1066 3041 1120 3086; x_wconf 89' lang='lat' dir='ltr'><strong>et</strong></span> <span class='ocrx_word' id='word_1_351' title='bbox 1141 3032 1194 3086; x_wconf 91' lang='lat' dir='ltr'><strong>id</strong></span> <span class='ocrx_word' id='word_1_352' title='bbox 1214 3042 1433 3102; x_wconf 85' lang='lat' dir='ltr'><strong>propter</strong></span> <span class='ocrx_word' id='word_1_353' title='bbox 1453 3034 1595 3104; x_wconf 90' lang='lat' dir='ltr'><strong>quod</strong></span> <span class='ocrx_word' id='word_1_354' title='bbox 1625 3033 1801 3091; x_wconf 90' lang='lat' dir='ltr'><strong>scelus</strong></span> 
     </span>
    </p>
   </div>
   <div class='ocr_carea' id='block_1_48' title="bbox 208 3118 1801 3197">
    <p class='ocr_par' dir='ltr' id='par_1_48' title="bbox 208 3118 1801 3197">
     <span class='ocr_line' id='line_1_48' title="bbox 208 3118 1801 3197; baseline 0.006 -25"><span class='ocrx_word' id='word_1_355' title='bbox 208 3118 511 3174; x_wconf 87' lang='lat' dir='ltr'><strong>admissum</strong></span> <span class='ocrx_word' id='word_1_356' title='bbox 540 3131 623 3177; x_wconf 89' lang='lat' dir='ltr'><strong>est</strong></span> <span class='ocrx_word' id='word_1_357' title='bbox 651 3123 956 3192; x_wconf 81' lang='lat' dir='ltr'><strong>possidere;</strong></span> <span class='ocrx_word' id='word_1_358' title='bbox 989 3125 1279 3194; x_wconf 89' lang='lat' dir='ltr'><strong>pessimum</strong></span> <span class='ocrx_word' id='word_1_359' title='bbox 1308 3126 1582 3181; x_wconf 91' lang='lat' dir='ltr'><strong>hominum</strong></span> <span class='ocrx_word' id='word_1_360' title='bbox 1632 3142 1801 3197; x_wconf 88' lang='lat' dir='ltr'><strong>genus</strong></span> 
     </span>
    </p>
   </div>
   <div class='ocr_carea' id='block_1_49' title="bbox 1918 1957 3499 2031">
    <p class='ocr_par' dir='ltr' id='par_1_49' title="bbox 1918 1957 3499 2031">
     <span class='ocr_line' id='line_1_49' title="bbox 1918 1957 3499 2031; baseline 0.004 -20"><span class='ocrx_word' id='word_1_361' title='bbox 1918 1957 2046 2028; x_wconf 74' lang='lat' dir='ltr'><strong>ipsa:</strong></span> <span class='ocrx_word' id='word_1_362' title='bbox 2073 1959 2219 2030; x_wconf 80' lang='lat' dir='ltr'><strong>leges</strong></span> <span class='ocrx_word' id='word_1_363' title='bbox 2242 1969 2296 2015; x_wconf 93' lang='lat' dir='ltr'><strong>et</strong></span> <span class='ocrx_word' id='word_1_364' title='bbox 2316 1961 2524 2031; x_wconf 89' lang='lat' dir='ltr'><strong>judices</strong></span> <span class='ocrx_word' id='word_1_365' title='bbox 2550 1961 2698 2017; x_wconf 90' lang='lat' dir='ltr'><strong>reddi</strong></span> <span class='ocrx_word' id='word_1_366' title='bbox 2721 1960 2949 2031; x_wconf 79' lang='lat' dir='ltr'><strong>jubeut?</strong></span> <span class='ocrx_word' id='word_1_367' title='bbox 2975 1961 3072 2017; x_wconf 24' lang='lat' dir='ltr'><strong>Any</strong></span> <span class='ocrx_word' id='word_1_368' title='bbox 3095 1961 3371 2018; x_wconf 88' lang='lat' dir='ltr'><strong>crudelior</strong></span> <span class='ocrx_word' id='word_1_369' title='bbox 3414 1970 3499 2018; x_wconf 88' lang='lat' dir='ltr'><strong>est</strong></span> 
     </span>
    </p>
   </div>
   <div class='ocr_carea' id='block_1_50' title="bbox 1915 2051 3500 2128">
    <p class='ocr_par' dir='ltr' id='par_1_50' title="bbox 1915 2051 3500 2128">
     <span class='ocr_line' id='line_1_50' title="bbox 1915 2051 3500 2128; baseline 0.005 -25"><span class='ocrx_word' id='word_1_370' title='bbox 1915 2052 2006 2121; x_wconf 91' lang='lat' dir='ltr'><strong>qni</strong></span> <span class='ocrx_word' id='word_1_371' title='bbox 2033 2051 2300 2107; x_wconf 89' lang='lat' dir='ltr'><strong>subtrahit</strong></span> <span class='ocrx_word' id='word_1_372' title='bbox 2327 2053 2526 2124; x_wconf 89' lang='lat' dir='ltr'><strong>aliquid</strong></span> <span class='ocrx_word' id='word_1_373' title='bbox 2552 2054 2632 2108; x_wconf 91' lang='lat' dir='ltr'><strong>vel</strong></span> <span class='ocrx_word' id='word_1_374' title='bbox 2655 2055 2814 2125; x_wconf 90' lang='lat' dir='ltr'><strong>eripit</strong></span> <span class='ocrx_word' id='word_1_375' title='bbox 2855 2055 3028 2121; x_wconf 90' lang='lat' dir='ltr'><strong>diviti,</strong></span> <span class='ocrx_word' id='word_1_376' title='bbox 3059 2070 3220 2126; x_wconf 89' lang='lat' dir='ltr'><strong>quam</strong></span> <span class='ocrx_word' id='word_1_377' title='bbox 3261 2056 3354 2128; x_wconf 88' lang='lat' dir='ltr'><strong>qui</strong></span> <span class='ocrx_word' id='word_1_378' title='bbox 3385 2063 3500 2111; x_wconf 87' lang='lat' dir='ltr'><strong>tru-</strong></span> 
     </span>
    </p>
   </div>
   <div class='ocr_carea' id='block_1_51' title="bbox 1913 2141 3498 2216">
    <p class='ocr_par' dir='ltr' id='par_1_51' title="bbox 1913 2141 3498 2216">
     <span class='ocr_line' id='line_1_51' title="bbox 1913 2141 3498 2216; baseline 0.003 -21"><span class='ocrx_word' id='word_1_379' title='bbox 1913 2141 2060 2196; x_wconf 87' lang='lat' dir='ltr'><strong>cidat</strong></span> <span class='ocrx_word' id='word_1_380' title='bbox 2087 2157 2378 2213; x_wconf 89' lang='lat' dir='ltr'><strong>pauperem</strong></span> <span class='ocrx_word' id='word_1_381' title='bbox 2407 2144 2624 2200; x_wconf 81' lang='lat' dir='ltr'><strong>fenore?</strong></span> <span class='ocrx_word' id='word_1_382' title='bbox 2653 2144 2853 2200; x_wconf 92' lang='lat' dir='ltr'><strong>Omnes</strong></span> <span class='ocrx_word' id='word_1_383' title='bbox 2868 2144 3041 2216; x_wconf 81' lang='lat' dir='ltr'><strong>igitur</strong></span> <span class='ocrx_word' id='word_1_384' title='bbox 3069 2161 3192 2211; x_wconf 92' lang='lat' dir='ltr'><strong>nos,</strong></span> <span class='ocrx_word' id='word_1_385' title='bbox 3220 2155 3277 2201; x_wconf 92' lang='lat' dir='ltr'><strong>et</strong></span> <span class='ocrx_word' id='word_1_386' title='bbox 3297 2160 3415 2211; x_wconf 88' lang='lat' dir='ltr'><strong>vos,</strong></span> <span class='ocrx_word' id='word_1_387' title='bbox 3441 2152 3498 2200; x_wconf 91' lang='lat' dir='ltr'><strong>et</strong></span> 
     </span>
    </p>
   </div>
   <div class='ocr_carea' id='block_1_52' title="bbox 1914 2232 3498 2306">
    <p class='ocr_par' dir='ltr' id='par_1_52' title="bbox 1914 2232 3498 2306">
     <span class='ocr_line' id='line_1_52' title="bbox 1914 2232 3498 2306; baseline 0.003 -18"><span class='ocrx_word' id='word_1_388' title='bbox 1914 2232 2078 2288; x_wconf 88' lang='lat' dir='ltr'><strong>totius</strong></span> <span class='ocrx_word' id='word_1_389' title='bbox 2106 2235 2254 2306; x_wconf 89' lang='lat' dir='ltr'><strong>regni</strong></span> <span class='ocrx_word' id='word_1_390' title='bbox 2278 2235 2526 2306; x_wconf 83' lang='lat' dir='ltr'><strong>pepulus,</strong></span> <span class='ocrx_word' id='word_1_391' title='bbox 2550 2251 2894 2292; x_wconf 86' lang='lat' dir='ltr'><strong>recurramus</strong></span> <span class='ocrx_word' id='word_1_392' title='bbox 2919 2236 2986 2292; x_wconf 88' lang='lat' dir='ltr'><strong>ad</strong></span> <span class='ocrx_word' id='word_1_393' title='bbox 3010 2237 3373 2292; x_wconf 88' lang='lat' dir='ltr'><strong>conscientias</strong></span> <span class='ocrx_word' id='word_1_394' title='bbox 3400 2249 3498 2292; x_wconf 87' lang='lat' dir='ltr'><strong>no-</strong></span> 
     </span>
    </p>
   </div>
   <div class='ocr_carea' id='block_1_53' title="bbox 1911 2325 3495 2396">
    <p class='ocr_par' dir='ltr' id='par_1_53' title="bbox 1911 2325 3495 2396">
     <span class='ocr_line' id='line_1_53' title="bbox 1911 2325 3495 2396; baseline 0.003 -18"><span class='ocrx_word' id='word_1_395' title='bbox 1911 2333 2070 2388; x_wconf 90' lang='lat' dir='ltr'><strong>stras,</strong></span> <span class='ocrx_word' id='word_1_396' title='bbox 2098 2335 2152 2379; x_wconf 89' lang='lat' dir='ltr'><strong>et</strong></span> <span class='ocrx_word' id='word_1_397' title='bbox 2183 2325 2442 2396; x_wconf 83' lang='lat' dir='ltr'><strong>quidquid</strong></span> <span class='ocrx_word' id='word_1_398' title='bbox 2473 2334 2664 2382; x_wconf 91' lang='lat' dir='ltr'><strong>contra</strong></span> <span class='ocrx_word' id='word_1_399' title='bbox 2707 2327 3037 2383; x_wconf 82' lang='lat' dir='ltr'><strong>voluntatem</strong></span> <span class='ocrx_word' id='word_1_400' title='bbox 3087 2337 3144 2383; x_wconf 90' lang='lat' dir='ltr'><strong>et</strong></span> <span class='ocrx_word' id='word_1_401' title='bbox 3182 2328 3495 2383; x_wconf 91' lang='lat' dir='ltr'><strong>mandatum</strong></span> 
     </span>
    </p>
   </div>
   <div class='ocr_carea' id='block_1_54' title="bbox 1911 2413 3498 2491">
    <p class='ocr_par' dir='ltr' id='par_1_54' title="bbox 1911 2413 3498 2491">
     <span class='ocr_line' id='line_1_54' title="bbox 1911 2413 3498 2491; baseline 0.004 -23"><span class='ocrx_word' id='word_1_402' title='bbox 1911 2413 2005 2469; x_wconf 87' lang='lat' dir='ltr'><strong>Dei</strong></span> <span class='ocrx_word' id='word_1_403' title='bbox 2039 2415 2434 2487; x_wconf 86' lang='lat' dir='ltr'><strong>cogitavimus,</strong></span> <span class='ocrx_word' id='word_1_404' title='bbox 2496 2418 2954 2487; x_wconf 86' lang='lat' dir='ltr'><strong>parabolavimus,</strong></span> <span class='ocrx_word' id='word_1_405' title='bbox 3009 2427 3064 2475; x_wconf 90' lang='lat' dir='ltr'><strong>et</strong></span> <span class='ocrx_word' id='word_1_406' title='bbox 3111 2417 3358 2484; x_wconf 85' lang='lat' dir='ltr'><strong>fecimus,</strong></span> <span class='ocrx_word' id='word_1_407' title='bbox 3400 2434 3498 2491; x_wconf 87' lang='lat' dir='ltr'><strong>per</strong></span> 
     </span>
    </p>
   </div>
   <div class='ocr_carea' id='block_1_55' title="bbox 1909 2506 3494 2579">
    <p class='ocr_par' dir='ltr' id='par_1_55' title="bbox 1909 2506 3494 2579">
     <span class='ocr_line' id='line_1_55' title="bbox 1909 2506 3494 2579; baseline 0.005 -21"><span class='ocrx_word' id='word_1_408' title='bbox 1909 2522 2095 2576; x_wconf 91' lang='lat' dir='ltr'><strong>puram</strong></span> <span class='ocrx_word' id='word_1_409' title='bbox 2120 2506 2531 2570; x_wconf 82' lang='lat' dir='ltr'><strong>confessionem,</strong></span> <span class='ocrx_word' id='word_1_410' title='bbox 2566 2509 2634 2563; x_wconf 90' lang='lat' dir='ltr'><strong>ad</strong></span> <span class='ocrx_word' id='word_1_411' title='bbox 2683 2509 2873 2579; x_wconf 85' lang='lat' dir='ltr'><strong>dignos</strong></span> <span class='ocrx_word' id='word_1_412' title='bbox 2900 2509 3232 2579; x_wconf 73' lang='lat' dir='ltr'><strong>ptenitentize</strong></span> <span class='ocrx_word' id='word_1_413' title='bbox 3260 2509 3494 2578; x_wconf 83' lang='lat' dir='ltr'><strong>fructus,</strong></span> 
     </span>
    </p>
   </div>
   <div class='ocr_carea' id='block_1_56' title="bbox 1907 2600 3496 2674">
    <p class='ocr_par' dir='ltr' id='par_1_56' title="bbox 1907 2600 3496 2674">
     <span class='ocr_line' id='line_1_56' title="bbox 1907 2600 3496 2674; baseline 0.005 -22"><span class='ocrx_word' id='word_1_414' title='bbox 1907 2609 2070 2668; x_wconf 89' lang='lat' dir='ltr'><strong>atque</strong></span> <span class='ocrx_word' id='word_1_415' title='bbox 2111 2600 2499 2655; x_wconf 86' lang='lat' dir='ltr'><strong>sacerdotalem</strong></span> <span class='ocrx_word' id='word_1_416' title='bbox 2544 2602 3042 2657; x_wconf 86' lang='lat' dir='ltr'><strong>reconciliationem</strong></span> <span class='ocrx_word' id='word_1_417' title='bbox 3070 2642 3087 2664; x_wconf 85' lang='lat'><strong>.</strong></span> <span class='ocrx_word' id='word_1_418' title='bbox 3131 2617 3496 2674; x_wconf 85' lang='lat' dir='ltr'><strong>expurgemus</strong></span> 
     </span>
    </p>
   </div>
   <div class='ocr_carea' id='block_1_57' title="bbox 1906 2691 3493 2763">
    <p class='ocr_par' dir='ltr' id='par_1_57' title="bbox 1906 2691 3493 2763">
     <span class='ocr_line' id='line_1_57' title="bbox 1906 2691 3493 2763; baseline 0.002 -17"><span class='ocrx_word' id='word_1_419' title='bbox 1906 2707 2006 2746; x_wconf 90' lang='lat' dir='ltr'><strong>nos</strong></span> <span class='ocrx_word' id='word_1_420' title='bbox 2029 2708 2058 2745; x_wconf 91' lang='lat' dir='ltr'><strong>a</strong></span> <span class='ocrx_word' id='word_1_421' title='bbox 2084 2691 2350 2747; x_wconf 89' lang='lat' dir='ltr'><strong>fermento</strong></span> <span class='ocrx_word' id='word_1_422' title='bbox 2380 2691 2596 2747; x_wconf 74' lang='lat' dir='ltr'><strong>malitize</strong></span> <span class='ocrx_word' id='word_1_423' title='bbox 2621 2700 2676 2747; x_wconf 90' lang='lat' dir='ltr'><strong>et</strong></span> <span class='ocrx_word' id='word_1_424' title='bbox 2722 2693 2978 2763; x_wconf 75' lang='lat' dir='ltr'><strong>nequitia:</strong></span> <span class='ocrx_word' id='word_1_425' title='bbox 3001 2709 3015 2747; x_wconf 91' lang='lat'><strong>:</strong></span> <span class='ocrx_word' id='word_1_426' title='bbox 3041 2700 3097 2748; x_wconf 91' lang='lat' dir='ltr'><strong>et</strong></span> <span class='ocrx_word' id='word_1_427' title='bbox 3122 2692 3264 2748; x_wconf 89' lang='lat' dir='ltr'><strong>sicut</strong></span> <span class='ocrx_word' id='word_1_428' title='bbox 3305 2693 3493 2749; x_wconf 85' lang='lat' dir='ltr'><strong>horta-</strong></span> 
     </span>
    </p>
   </div>
   <div class='ocr_carea' id='block_1_58' title="bbox 1907 2771 3496 2855">
    <p class='ocr_par' dir='ltr' id='par_1_58' title="bbox 1907 2771 3496 2855">
     <span class='ocr_line' id='line_1_58' title="bbox 1907 2771 3496 2855; baseline 0.002 -19"><span class='ocrx_word' id='word_1_429' title='bbox 1907 2791 2000 2837; x_wconf 91' lang='lat' dir='ltr'><strong>tur</strong></span> <span class='ocrx_word' id='word_1_430' title='bbox 2043 2799 2141 2838; x_wconf 90' lang='lat' dir='ltr'><strong>nos</strong></span> <span class='ocrx_word' id='word_1_431' title='bbox 2184 2780 2420 2852; x_wconf 89' lang='lat' dir='ltr'><strong>Spiritus</strong></span> <span class='ocrx_word' id='word_1_432' title='bbox 2465 2791 2685 2838; x_wconf 84' lang='lat' dir='ltr'><strong>sanctus</strong></span> <span class='ocrx_word' id='word_1_433' title='bbox 2727 2799 2826 2855; x_wconf 91' lang='lat' dir='ltr'><strong>per</strong></span> <span class='ocrx_word' id='word_1_434' title='bbox 2875 2771 3212 2840; x_wconf 66' lang='lat' dir='ltr'><strong>l5sahnistam</strong></span> <span class='ocrx_word' id='word_1_435' title='bbox 3241 2798 3257 2836; x_wconf 90' lang='lat'><strong>:</strong></span> <span class='ocrx_word' id='word_1_436' title='bbox 3283 2781 3496 2840; x_wconf 68' lang='lat' dir='ltr'><strong>Praec-</strong></span> 
     </span>
    </p>
   </div>
   <div class='ocr_carea' id='block_1_59' title="bbox 1905 2873 3493 2944">
    <p class='ocr_par' dir='ltr' id='par_1_59' title="bbox 1905 2873 3493 2944">
     <span class='ocr_line' id='line_1_59' title="bbox 1905 2873 3493 2944; baseline 0 -16"><span class='ocrx_word' id='word_1_437' title='bbox 1905 2891 2151 2943; x_wconf 87' lang='lat' dir='ltr'><strong>cupemus</strong></span> <span class='ocrx_word' id='word_1_438' title='bbox 2171 2874 2355 2943; x_wconf 80' lang='lat' dir='ltr'><strong>[aciem</strong></span> <span class='ocrx_word' id='word_1_439' title='bbox 2389 2873 2501 2944; x_wconf 85' lang='lat' dir='ltr'><strong>ejus</strong></span> <span class='ocrx_word' id='word_1_440' title='bbox 2539 2874 2595 2928; x_wconf 88' lang='lat' dir='ltr'><strong>in</strong></span> <span class='ocrx_word' id='word_1_441' title='bbox 2635 2873 2959 2944; x_wconf 77' lang='lat' dir='ltr'><strong>confessione</strong></span> <span class='ocrx_word' id='word_1_442' title='bbox 3002 2887 3023 2926; x_wconf 91' lang='lat'><strong><em>:</em></strong></span> <span class='ocrx_word' id='word_1_443' title='bbox 3067 2873 3403 2944; x_wconf 82' lang='lat' dir='ltr'><strong>procidamus</strong></span> <span class='ocrx_word' id='word_1_444' title='bbox 3441 2882 3493 2928; x_wconf 82' lang='lat' dir='ltr'><strong>et</strong></span> 
     </span>
    </p>
   </div>
   <div class='ocr_carea' id='block_1_60' title="bbox 1901 2963 3488 3036">
    <p class='ocr_par' dir='ltr' id='par_1_60' title="bbox 1901 2963 3488 3036">
     <span class='ocr_line' id='line_1_60' title="bbox 1901 2963 3488 3036; baseline 0.003 -18"><span class='ocrx_word' id='word_1_445' title='bbox 1901 2967 2161 3036; x_wconf 85' lang='lat' dir='ltr'><strong>ploremus</strong></span> <span class='ocrx_word' id='word_1_446' title='bbox 2191 2974 2314 3020; x_wconf 89' lang='lat' dir='ltr'><strong>ante</strong></span> <span class='ocrx_word' id='word_1_447' title='bbox 2346 2963 2625 3019; x_wconf 88' lang='lat' dir='ltr'><strong>Dominum</strong></span> <span class='ocrx_word' id='word_1_448' title='bbox 2655 2965 2744 3036; x_wconf 89' lang='lat' dir='ltr'><strong>qui</strong></span> <span class='ocrx_word' id='word_1_449' title='bbox 2773 2964 2895 3035; x_wconf 76' lang='lat' dir='ltr'><strong>fecit</strong></span> <span class='ocrx_word' id='word_1_450' title='bbox 2925 2981 3040 3031; x_wconf 82' lang='lat' dir='ltr'><strong>nos,</strong></span> <span class='ocrx_word' id='word_1_451' title='bbox 3089 2965 3215 3036; x_wconf 86' lang='lat' dir='ltr'><strong>quia</strong></span> <span class='ocrx_word' id='word_1_452' title='bbox 3256 2965 3390 3035; x_wconf 80' lang='lat' dir='ltr'><strong>ipse-</strong></span> <span class='ocrx_word' id='word_1_453' title='bbox 3409 2974 3488 3022; x_wconf 81' lang='lat' dir='ltr'><strong>est</strong></span> 
     </span>
    </p>
   </div>
   <div class='ocr_carea' id='block_1_61' title="bbox 1901 3055 3490 3128">
    <p class='ocr_par' dir='ltr' id='par_1_61' title="bbox 1901 3055 3490 3128">
     <span class='ocr_line' id='line_1_61' title="bbox 1901 3055 3490 3128; baseline 0.003 -18"><span class='ocrx_word' id='word_1_454' title='bbox 1901 3055 2157 3112; x_wconf 86' lang='lat' dir='ltr'><strong>Dominus</strong></span> <span class='ocrx_word' id='word_1_455' title='bbox 2181 3058 2321 3112; x_wconf 85' lang='lat' dir='ltr'><strong>Deus</strong></span> <span class='ocrx_word' id='word_1_456' title='bbox 2347 3067 2538 3123; x_wconf 86' lang='lat' dir='ltr'><strong>noster,</strong></span> <span class='ocrx_word' id='word_1_457' title='bbox 2568 3073 2661 3112; x_wconf 88' lang='lat' dir='ltr'><strong>nos</strong></span> <span class='ocrx_word' id='word_1_458' title='bbox 2684 3067 2858 3111; x_wconf 88' lang='lat' dir='ltr'><strong>autem</strong></span> <span class='ocrx_word' id='word_1_459' title='bbox 2886 3056 3108 3128; x_wconf 83' lang='lat' dir='ltr'><strong>populus</strong></span> <span class='ocrx_word' id='word_1_460' title='bbox 3129 3058 3264 3128; x_wconf 82' lang='lat' dir='ltr'><strong>ejus,</strong></span> <span class='ocrx_word' id='word_1_461' title='bbox 3299 3067 3350 3113; x_wconf 82' lang='lat' dir='ltr'><strong>et</strong></span> <span class='ocrx_word' id='word_1_462' title='bbox 3373 3073 3490 3114; x_wconf 78' lang='lat' dir='ltr'><strong>om</strong></span> 
     </span>
    </p>
   </div>
   <div class='ocr_carea' id='block_1_62' title="bbox 1898 3147 3492 3222">
    <p class='ocr_par' dir='ltr' id='par_1_62' title="bbox 1898 3147 3492 3222">
     <span class='ocr_line' id='line_1_62' title="bbox 1898 3147 3492 3222; baseline 0.001 -18"><span class='ocrx_word' id='word_1_463' title='bbox 1898 3166 2107 3222; x_wconf 75' lang='lat' dir='ltr'><strong>pascua:</strong></span> <span class='ocrx_word' id='word_1_464' title='bbox 2151 3150 2263 3222; x_wconf 84' lang='lat' dir='ltr'><strong>ejus</strong></span> <span class='ocrx_word' id='word_1_465' title='bbox 2293 3147 2462 3222; x_wconf 84' lang='lat' dir='ltr'><strong>(Psal.</strong></span> <span class='ocrx_word' id='word_1_466' title='bbox 2485 3148 2649 3218; x_wconf 65' lang='grc' dir='ltr'>χειν).</span> <span class='ocrx_word' id='word_1_467' title='bbox 2700 3148 2950 3220; x_wconf 88' lang='lat' dir='ltr'><strong>Legimus</strong></span> <span class='ocrx_word' id='word_1_468' title='bbox 2989 3149 3132 3205; x_wconf 88' lang='lat' dir='ltr'><strong>enim</strong></span> <span class='ocrx_word' id='word_1_469' title='bbox 3173 3149 3228 3203; x_wconf 90' lang='lat' dir='ltr'><strong>in</strong></span> <span class='ocrx_word' id='word_1_470' title='bbox 3264 3149 3492 3206; x_wconf 77' lang='lat' dir='ltr'><strong>historia</strong></span> 
     </span>
    </p>
   </div>
   <div class='ocr_carea' id='block_1_63' title="bbox 210 3213 3490 3316">
    <p class='ocr_par' dir='ltr' id='par_1_63' title="bbox 210 3213 3490 3316">
     <span class='ocr_line' id='line_1_63' title="bbox 210 3213 3490 3316; baseline 0.004 -27"><span class='ocrx_word' id='word_1_471' title='bbox 210 3213 749 3316; x_wconf 41' lang='grc' dir='ltr'><strong>θοιηξηέῖηξῗίδδνοθυί</strong></span> <span class='ocrx_word' id='word_1_472' title='bbox 778 3216 1074 3284; x_wconf 59' lang='grc' dir='ltr'><strong>Ραδηίίθηδί</strong></span> <span class='ocrx_word' id='word_1_473' title='bbox 1109 3217 1373 3316; x_wconf 50' lang='lat' dir='ltr'><strong>Flamen”</strong></span> <span class='ocrx_word' id='word_1_474' title='bbox 1425 3219 1646 3274; x_wconf 70' lang='lat' dir='ltr'><strong>omnino</strong></span> <span class='ocrx_word' id='word_1_475' title='bbox 1692 3233 1798 3274; x_wconf 80' lang='lat'><strong>&quot;0“</strong></span> <span class='ocrx_word' id='word_1_476' title='bbox 1828 3229 1872 3293; x_wconf 89' lang='lat' dir='ltr'>C</span> <span class='ocrx_word' id='word_1_477' title='bbox 1898 3213 2335 3300; x_wconf 40' lang='lat' dir='ltr'><strong>&#39;Machabaebrum</strong></span> <span class='ocrx_word' id='word_1_478' title='bbox 2362 3243 2449 3316; x_wconf 84' lang='lat' dir='ltr'><strong>(II</strong></span> <span class='ocrx_word' id='word_1_479' title='bbox 2483 3213 2660 3299; x_wconf 76' lang='lat' dir='ltr'><strong>Macb.</strong></span> <span class='ocrx_word' id='word_1_480' title='bbox 2687 3213 2814 3313; x_wconf 44' lang='lat' dir='ltr'><strong>xu):</strong></span> <span class='ocrx_word' id='word_1_481' title='bbox 2860 3243 2987 3314; x_wconf 89' lang='lat' dir='ltr'><strong>quia</strong></span> <span class='ocrx_word' id='word_1_482' title='bbox 3037 3244 3121 3300; x_wconf 90' lang='lat' dir='ltr'><strong>vir</strong></span> <span class='ocrx_word' id='word_1_483' title='bbox 3158 3243 3490 3301; x_wconf 83' lang='lat' dir='ltr'><strong>fortissimus</strong></span> 
     </span>
    </p>
   </div>
   <div class='ocr_carea' id='block_1_64' title="bbox 206 3301 1803 3381">
    <p class='ocr_par' dir='ltr' id='par_1_64' title="bbox 206 3301 1803 3381">
     <span class='ocr_line' id='line_1_64' title="bbox 206 3301 1803 3381; baseline 0.009 -28"><span class='ocrx_word' id='word_1_484' title='bbox 206 3301 452 3370; x_wconf 88' lang='lat' dir='ltr'><strong>prodest.</strong></span> <span class='ocrx_word' id='word_1_485' title='bbox 477 3302 535 3358; x_wconf 90' lang='lat' dir='ltr'><strong>Si</strong></span> <span class='ocrx_word' id='word_1_486' title='bbox 564 3305 706 3360; x_wconf 90' lang='lat' dir='ltr'><strong>enim</strong></span> <span class='ocrx_word' id='word_1_487' title='bbox 734 3321 821 3361; x_wconf 93' lang='lat' dir='ltr'><strong>res</strong></span> <span class='ocrx_word' id='word_1_488' title='bbox 857 3308 1181 3377; x_wconf 87' lang='lat' dir='ltr'><strong>necessaria,</strong></span> <span class='ocrx_word' id='word_1_489' title='bbox 1205 3317 1426 3380; x_wconf 89' lang='lat' dir='ltr'><strong>propter</strong></span> <span class='ocrx_word' id='word_1_490' title='bbox 1474 3325 1636 3381; x_wconf 89' lang='lat' dir='ltr'><strong>quam</strong></span> <span class='ocrx_word' id='word_1_491' title='bbox 1683 3325 1803 3380; x_wconf 87' lang='lat' dir='ltr'><strong>pec-</strong></span> 
     </span>
    </p>
   </div>
   <div class='ocr_carea' id='block_1_65' title="bbox 207 3401 1802 3474">
    <p class='ocr_par' dir='ltr' id='par_1_65' title="bbox 207 3401 1802 3474">
     <span class='ocr_line' id='line_1_65' title="bbox 207 3401 1802 3474; baseline 0.006 -25"><span class='ocrx_word' id='word_1_492' title='bbox 207 3401 397 3450; x_wconf 85' lang='lat' dir='ltr'><strong>eatum</strong></span> <span class='ocrx_word' id='word_1_493' title='bbox 419 3405 521 3462; x_wconf 90' lang='lat' dir='ltr'><strong>est,</strong></span> <span class='ocrx_word' id='word_1_494' title='bbox 556 3414 679 3453; x_wconf 88' lang='lat' dir='ltr'><strong>cum</strong></span> <span class='ocrx_word' id='word_1_495' title='bbox 702 3401 853 3456; x_wconf 83' lang='lat' dir='ltr'><strong>reddi</strong></span> <span class='ocrx_word' id='word_1_496' title='bbox 876 3402 1047 3470; x_wconf 91' lang='lat' dir='ltr'><strong>possit</strong></span> <span class='ocrx_word' id='word_1_497' title='bbox 1066 3417 1174 3457; x_wconf 90' lang='lat' dir='ltr'><strong>non</strong></span> <span class='ocrx_word' id='word_1_498' title='bbox 1199 3403 1462 3467; x_wconf 87' lang='lat' dir='ltr'><strong>redditur,</strong></span> <span class='ocrx_word' id='word_1_499' title='bbox 1488 3417 1593 3458; x_wconf 92' lang='lat' dir='ltr'><strong>non</strong></span> <span class='ocrx_word' id='word_1_500' title='bbox 1623 3403 1802 3474; x_wconf 83' lang='lat' dir='ltr'><strong>agitur</strong></span> 
     </span>
    </p>
   </div>
   <div class='ocr_carea' id='block_1_66' title="bbox 208 3489 1797 3570">
    <p class='ocr_par' dir='ltr' id='par_1_66' title="bbox 208 3489 1797 3570">
     <span class='ocr_line' id='line_1_66' title="bbox 208 3489 1797 3570; baseline 0.008 -29"><span class='ocrx_word' id='word_1_501' title='bbox 208 3489 555 3558; x_wconf 76' lang='lat' dir='ltr'><strong>pmnitentia,</strong></span> <span class='ocrx_word' id='word_1_502' title='bbox 579 3495 672 3548; x_wconf 91' lang='lat' dir='ltr'><strong>sed</strong></span> <span class='ocrx_word' id='word_1_503' title='bbox 706 3494 949 3566; x_wconf 86' lang='lat' dir='ltr'><strong>fingitur.</strong></span> <span class='ocrx_word' id='word_1_504' title='bbox 988 3496 1044 3551; x_wconf 91' lang='lat' dir='ltr'><strong>Si</strong></span> <span class='ocrx_word' id='word_1_505' title='bbox 1081 3507 1263 3552; x_wconf 88' lang='lat' dir='ltr'><strong>autem</strong></span> <span class='ocrx_word' id='word_1_506' title='bbox 1300 3500 1568 3554; x_wconf 83' lang='lat' dir='ltr'><strong>veraciter</strong></span> <span class='ocrx_word' id='word_1_507' title='bbox 1598 3500 1797 3570; x_wconf 87' lang='lat' dir='ltr'><strong>agitur,</strong></span> 
     </span>
    </p>
   </div>
   <div class='ocr_carea' id='block_1_67' title="bbox 205 3583 1800 3656">
    <p class='ocr_par' dir='ltr' id='par_1_67' title="bbox 205 3583 1800 3656">
     <span class='ocr_line' id='line_1_67' title="bbox 205 3583 1800 3656; baseline 0.008 -21"><span class='ocrx_word' id='word_1_508' title='bbox 205 3596 318 3635; x_wconf 91' lang='lat' dir='ltr'><strong>non</strong></span> <span class='ocrx_word' id='word_1_509' title='bbox 336 3583 644 3639; x_wconf 88' lang='lat' dir='ltr'><strong>remittetur</strong></span> <span class='ocrx_word' id='word_1_510' title='bbox 654 3598 956 3656; x_wconf 86' lang='lat' dir='ltr'><strong>peccatum,</strong></span> <span class='ocrx_word' id='word_1_511' title='bbox 975 3589 1074 3647; x_wconf 89' lang='lat' dir='ltr'><strong>nisi</strong></span> <span class='ocrx_word' id='word_1_512' title='bbox 1093 3592 1406 3648; x_wconf 89' lang='lat' dir='ltr'><strong>restituatur</strong></span> <span class='ocrx_word' id='word_1_513' title='bbox 1419 3593 1656 3650; x_wconf 88' lang='lat' dir='ltr'><strong>ablatum</strong></span> <span class='ocrx_word' id='word_1_514' title='bbox 1674 3610 1687 3648; x_wconf 88' lang='lat'><strong>:</strong></span> <span class='ocrx_word' id='word_1_515' title='bbox 1704 3591 1800 3649; x_wconf 90' lang='lat' dir='ltr'><strong>sed</strong></span> 
     </span>
    </p>
   </div>
   <div class='ocr_carea' id='block_1_68' title="bbox 203 3675 1796 3750">
    <p class='ocr_par' dir='ltr' id='par_1_68' title="bbox 203 3675 1796 3750">
     <span class='ocr_line' id='line_1_68' title="bbox 203 3675 1796 3750; baseline 0.005 -22"><span class='ocrx_word' id='word_1_516' title='bbox 203 3686 332 3728; x_wconf 89' lang='lat' dir='ltr'><strong>cum</strong></span> <span class='ocrx_word' id='word_1_517' title='bbox 356 3675 563 3730; x_wconf 91' lang='lat' dir='ltr'><strong>restitui</strong></span> <span class='ocrx_word' id='word_1_518' title='bbox 581 3677 1104 3749; x_wconf 87' lang='lat' dir='ltr'><strong>potest.Plerumque</strong></span> <span class='ocrx_word' id='word_1_519' title='bbox 1117 3681 1261 3736; x_wconf 91' lang='lat' dir='ltr'><strong>enim</strong></span> <span class='ocrx_word' id='word_1_520' title='bbox 1275 3683 1366 3750; x_wconf 92' lang='lat' dir='ltr'><strong>qui</strong></span> <span class='ocrx_word' id='word_1_521' title='bbox 1382 3681 1560 3738; x_wconf 81' lang='lat' dir='ltr'><strong>aufert</strong></span> <span class='ocrx_word' id='word_1_522' title='bbox 1572 3683 1796 3749; x_wconf 92' lang='lat' dir='ltr'><strong>amittit,</strong></span> 
     </span>
    </p>
   </div>
   <div class='ocr_carea' id='block_1_69' title="bbox 204 3764 1798 3841">
    <p class='ocr_par' dir='ltr' id='par_1_69' title="bbox 204 3764 1798 3841">
     <span class='ocr_line' id='line_1_69' title="bbox 204 3764 1798 3841; baseline 0.005 -21"><span class='ocrx_word' id='word_1_523' title='bbox 204 3764 324 3820; x_wconf 85' lang='lat' dir='ltr'><strong>sive</strong></span> <span class='ocrx_word' id='word_1_524' title='bbox 349 3764 484 3819; x_wconf 85' lang='lat' dir='ltr'><strong>alios</strong></span> <span class='ocrx_word' id='word_1_525' title='bbox 503 3765 760 3836; x_wconf 88' lang='lat' dir='ltr'><strong>patiendo</strong></span> <span class='ocrx_word' id='word_1_526' title='bbox 781 3768 973 3834; x_wconf 91' lang='lat' dir='ltr'><strong>malos,</strong></span> <span class='ocrx_word' id='word_1_527' title='bbox 999 3770 1113 3824; x_wconf 87' lang='lat' dir='ltr'><strong>sive</strong></span> <span class='ocrx_word' id='word_1_528' title='bbox 1136 3771 1252 3841; x_wconf 91' lang='lat' dir='ltr'><strong>ipse</strong></span> <span class='ocrx_word' id='word_1_529' title='bbox 1275 3773 1416 3828; x_wconf 91' lang='lat' dir='ltr'><strong>male</strong></span> <span class='ocrx_word' id='word_1_530' title='bbox 1429 3773 1676 3835; x_wconf 91' lang='lat' dir='ltr'><strong>vivendo,</strong></span> <span class='ocrx_word' id='word_1_531' title='bbox 1696 3789 1798 3828; x_wconf 90' lang='lat' dir='ltr'><strong>nec</strong></span> 
     </span>
    </p>
   </div>
   <div class='ocr_carea' id='block_1_70' title="bbox 205 3849 1800 3933">
    <p class='ocr_par' dir='ltr' id='par_1_70' title="bbox 205 3849 1800 3933">
     <span class='ocr_line' id='line_1_70' title="bbox 205 3849 1800 3933; baseline 0.006 -22"><span class='ocrx_word' id='word_1_532' title='bbox 205 3857 352 3911; x_wconf 88' lang='lat' dir='ltr'><strong>aliud</strong></span> <span class='ocrx_word' id='word_1_533' title='bbox 368 3855 529 3911; x_wconf 86' lang='lat' dir='ltr'><strong>habet</strong></span> <span class='ocrx_word' id='word_1_534' title='bbox 545 3857 687 3911; x_wconf 88' lang='lat' dir='ltr'><strong>unde</strong></span> <span class='ocrx_word' id='word_1_535' title='bbox 699 3859 969 3914; x_wconf 89' lang='lat' dir='ltr'><strong>restituat.</strong></span> <span class='ocrx_word' id='word_1_536' title='bbox 986 3859 1123 3916; x_wconf 84' lang='lat' dir='ltr'><strong>Huic</strong></span> <span class='ocrx_word' id='word_1_537' title='bbox 1134 3871 1283 3918; x_wconf 90' lang='lat' dir='ltr'><strong>certe</strong></span> <span class='ocrx_word' id='word_1_538' title='bbox 1296 3879 1402 3918; x_wconf 91' lang='lat' dir='ltr'><strong>non</strong></span> <span class='ocrx_word' id='word_1_539' title='bbox 1418 3849 1705 3933; x_wconf 88' lang='lat' dir='ltr'><strong>possumus</strong></span> <span class='ocrx_word' id='word_1_540' title='bbox 1717 3865 1800 3920; x_wconf 85' lang='lat' dir='ltr'><strong>di-</strong></span> 
     </span>
    </p>
   </div>
   <div class='ocr_carea' id='block_1_71' title="bbox 203 3946 1796 4019">
    <p class='ocr_par' dir='ltr' id='par_1_71' title="bbox 203 3946 1796 4019">
     <span class='ocr_line' id='line_1_71' title="bbox 203 3946 1796 4019; baseline 0.002 -13"><span class='ocrx_word' id='word_1_541' title='bbox 203 3962 334 4006; x_wconf 90' lang='lat' dir='ltr'><strong>cere</strong></span> <span class='ocrx_word' id='word_1_542' title='bbox 353 3967 365 4002; x_wconf 91' lang='lat'><strong>:</strong></span> <span class='ocrx_word' id='word_1_543' title='bbox 383 3946 568 4004; x_wconf 82' lang='lat' dir='ltr'><strong>Redde</strong></span> <span class='ocrx_word' id='word_1_544' title='bbox 578 3948 720 4019; x_wconf 88' lang='lat' dir='ltr'><strong>quod</strong></span> <span class='ocrx_word' id='word_1_545' title='bbox 738 3949 1029 4016; x_wconf 85' lang='lat' dir='ltr'><strong>abstulisti,</strong></span> <span class='ocrx_word' id='word_1_546' title='bbox 1046 3952 1148 4006; x_wconf 92' lang='lat' dir='ltr'><strong>nisi</strong></span> <span class='ocrx_word' id='word_1_547' title='bbox 1163 3967 1284 4007; x_wconf 71' lang='lat' dir='ltr'><strong>cuun</strong></span> <span class='ocrx_word' id='word_1_548' title='bbox 1304 3953 1502 4008; x_wconf 91' lang='lat' dir='ltr'><strong>habere</strong></span> <span class='ocrx_word' id='word_1_549' title='bbox 1523 3955 1796 4009; x_wconf 90' lang='lat' dir='ltr'><strong>credimus</strong></span> 
     </span>
    </p>
   </div>
   <div class='ocr_carea' id='block_1_72' title="bbox 204 4039 1796 4114">
    <p class='ocr_par' dir='ltr' id='par_1_72' title="bbox 204 4039 1796 4114">
     <span class='ocr_line' id='line_1_72' title="bbox 204 4039 1796 4114; baseline 0.002 -18"><span class='ocrx_word' id='word_1_550' title='bbox 204 4050 264 4096; x_wconf 87' lang='lat' dir='ltr'><strong>et</strong></span> <span class='ocrx_word' id='word_1_551' title='bbox 279 4053 492 4110; x_wconf 88' lang='lat' dir='ltr'><strong>negare.</strong></span> <span class='ocrx_word' id='word_1_552' title='bbox 516 4039 615 4095; x_wconf 88' lang='lat' dir='ltr'><strong>Ubi</strong></span> <span class='ocrx_word' id='word_1_553' title='bbox 631 4042 846 4110; x_wconf 88' lang='lat' dir='ltr'><strong>quidem</strong></span> <span class='ocrx_word' id='word_1_554' title='bbox 870 4042 914 4096; x_wconf 91' lang='lat' dir='ltr'><strong>si</strong></span> <span class='ocrx_word' id='word_1_555' title='bbox 931 4043 1140 4112; x_wconf 84' lang='lat' dir='ltr'><strong>aliquos</strong></span> <span class='ocrx_word' id='word_1_556' title='bbox 1175 4044 1408 4099; x_wconf 89' lang='lat' dir='ltr'><strong>sustinet</strong></span> <span class='ocrx_word' id='word_1_557' title='bbox 1434 4053 1653 4114; x_wconf 87' lang='lat' dir='ltr'><strong>repente</strong></span> <span class='ocrx_word' id='word_1_558' title='bbox 1673 4060 1796 4100; x_wconf 90' lang='lat' dir='ltr'><strong>cru-</strong></span> 
     </span>
    </p>
   </div>
   <div class='ocr_carea' id='block_1_73' title="bbox 204 4133 1793 4208">
    <p class='ocr_par' dir='ltr' id='par_1_73' title="bbox 204 4133 1793 4208">
     <span class='ocr_line' id='line_1_73' title="bbox 204 4133 1793 4208; baseline 0.006 -23"><span class='ocrx_word' id='word_1_559' title='bbox 204 4135 403 4197; x_wconf 80' lang='lat' dir='ltr'><strong>ciatus,</strong></span> <span class='ocrx_word' id='word_1_560' title='bbox 427 4133 554 4188; x_wconf 91' lang='lat' dir='ltr'><strong>dum</strong></span> <span class='ocrx_word' id='word_1_561' title='bbox 578 4135 921 4190; x_wconf 82' lang='lat' dir='ltr'><strong>existimatur</strong></span> <span class='ocrx_word' id='word_1_562' title='bbox 951 4137 1154 4192; x_wconf 88' lang='lat' dir='ltr'><strong>habere</strong></span> <span class='ocrx_word' id='word_1_563' title='bbox 1190 4139 1335 4208; x_wconf 91' lang='lat' dir='ltr'><strong>quod</strong></span> <span class='ocrx_word' id='word_1_564' title='bbox 1377 4139 1595 4207; x_wconf 89' lang='lat' dir='ltr'><strong>reddat,</strong></span> <span class='ocrx_word' id='word_1_565' title='bbox 1647 4138 1793 4194; x_wconf 90' lang='lat' dir='ltr'><strong>nulla</strong></span> 
     </span>
    </p>
   </div>
   <div class='ocr_carea' id='block_1_74' title="bbox 203 4223 1794 4296">
    <p class='ocr_par' dir='ltr' id='par_1_74' title="bbox 203 4223 1794 4296">
     <span class='ocr_line' id='line_1_74' title="bbox 203 4223 1794 4296; baseline 0.004 -17"><span class='ocrx_word' id='word_1_566' title='bbox 203 4229 294 4279; x_wconf 88' lang='lat' dir='ltr'><strong>est</strong></span> <span class='ocrx_word' id='word_1_567' title='bbox 329 4223 584 4294; x_wconf 90' lang='lat' dir='ltr'><strong>iniquitas</strong></span> <span class='ocrx_word' id='word_1_568' title='bbox 610 4243 622 4280; x_wconf 94' lang='lat'>:</span> <span class='ocrx_word' id='word_1_569' title='bbox 656 4227 780 4296; x_wconf 87' lang='lat' dir='ltr'><strong>quia</strong></span> <span class='ocrx_word' id='word_1_570' title='bbox 807 4229 908 4284; x_wconf 91' lang='lat' dir='ltr'><strong>etsi</strong></span> <span class='ocrx_word' id='word_1_571' title='bbox 931 4245 1038 4285; x_wconf 88' lang='lat' dir='ltr'><strong>non</strong></span> <span class='ocrx_word' id='word_1_572' title='bbox 1064 4239 1149 4286; x_wconf 90' lang='lat' dir='ltr'><strong>est</strong></span> <span class='ocrx_word' id='word_1_573' title='bbox 1179 4231 1320 4286; x_wconf 91' lang='lat' dir='ltr'><strong>unde</strong></span> <span class='ocrx_word' id='word_1_574' title='bbox 1343 4231 1535 4287; x_wconf 88' lang='lat' dir='ltr'><strong>reddat</strong></span> <span class='ocrx_word' id='word_1_575' title='bbox 1555 4231 1794 4286; x_wconf 88' lang='lat' dir='ltr'><strong>ablatam</strong></span> 
     </span>
    </p>
   </div>
   <div class='ocr_carea' id='block_1_75' title="bbox 203 4318 1795 4395">
    <p class='ocr_par' dir='ltr' id='par_1_75' title="bbox 203 4318 1795 4395">
     <span class='ocr_line' id='line_1_75' title="bbox 203 4318 1795 4395; baseline 0.007 -26"><span class='ocrx_word' id='word_1_576' title='bbox 203 4318 516 4389; x_wconf 86' lang='lat' dir='ltr'><strong>pecuniam,</strong></span> <span class='ocrx_word' id='word_1_577' title='bbox 543 4321 736 4376; x_wconf 88' lang='lat' dir='ltr'><strong>merito</strong></span> <span class='ocrx_word' id='word_1_578' title='bbox 767 4331 967 4388; x_wconf 84' lang='lat' dir='ltr'><strong>tamen,</strong></span> <span class='ocrx_word' id='word_1_579' title='bbox 1017 4323 1144 4378; x_wconf 93' lang='lat' dir='ltr'><strong>dum</strong></span> <span class='ocrx_word' id='word_1_580' title='bbox 1188 4339 1312 4379; x_wconf 90' lang='lat' dir='ltr'><strong>eam</strong></span> <span class='ocrx_word' id='word_1_581' title='bbox 1367 4339 1466 4395; x_wconf 89' lang='lat' dir='ltr'><strong>per</strong></span> <span class='ocrx_word' id='word_1_582' title='bbox 1515 4323 1795 4380; x_wconf 85' lang='lat' dir='ltr'><strong>molestias</strong></span> 
     </span>
    </p>
   </div>
   <div class='ocr_carea' id='block_1_76' title="bbox 203 4411 1793 4488">
    <p class='ocr_par' dir='ltr' id='par_1_76' title="bbox 203 4411 1793 4488">
     <span class='ocr_line' id='line_1_76' title="bbox 203 4411 1793 4488; baseline 0.004 -22"><span class='ocrx_word' id='word_1_583' title='bbox 203 4411 515 4480; x_wconf 90' lang='lat' dir='ltr'><strong>corporales</strong></span> <span class='ocrx_word' id='word_1_584' title='bbox 541 4413 830 4471; x_wconf 85' lang='lat' dir='ltr'><strong>redhibere</strong></span> <span class='ocrx_word' id='word_1_585' title='bbox 851 4416 1211 4486; x_wconf 86' lang='lat' dir='ltr'><strong>compellitur,</strong></span> <span class='ocrx_word' id='word_1_586' title='bbox 1237 4418 1445 4488; x_wconf 87' lang='lat' dir='ltr'><strong>peccati</strong></span> <span class='ocrx_word' id='word_1_587' title='bbox 1492 4432 1600 4488; x_wconf 85' lang='lat' dir='ltr'><strong>quo</strong></span> <span class='ocrx_word' id='word_1_588' title='bbox 1654 4415 1793 4472; x_wconf 90' lang='lat' dir='ltr'><strong>male</strong></span> 
     </span>
    </p>
   </div>
   <div class='ocr_carea' id='block_1_77' title="bbox 1903 3334 3494 3407">
    <p class='ocr_par' dir='ltr' id='par_1_77' title="bbox 1903 3334 3494 3407">
     <span class='ocr_line' id='line_1_77' title="bbox 1903 3334 3494 3407; baseline -0.001 -16"><span class='ocrx_word' id='word_1_589' title='bbox 1903 3334 2069 3392; x_wconf 87' lang='lat' dir='ltr'><strong>Judas</strong></span> <span class='ocrx_word' id='word_1_590' title='bbox 2107 3337 2364 3407; x_wconf 86' lang='lat' dir='ltr'><strong>pugnavit</strong></span> <span class='ocrx_word' id='word_1_591' title='bbox 2409 3344 2597 3392; x_wconf 91' lang='lat' dir='ltr'><strong>contra</strong></span> <span class='ocrx_word' id='word_1_592' title='bbox 2645 3336 2892 3392; x_wconf 87' lang='lat' dir='ltr'><strong>inimicos</strong></span> <span class='ocrx_word' id='word_1_593' title='bbox 2929 3334 3186 3391; x_wconf 75' lang='lat' dir='ltr'><strong>Ecclesia:</strong></span> <span class='ocrx_word' id='word_1_594' title='bbox 3214 3350 3336 3404; x_wconf 70' lang='lat' dir='ltr'><strong>quae</strong></span> <span class='ocrx_word' id='word_1_595' title='bbox 3361 3343 3494 3390; x_wconf 81' lang='lat' dir='ltr'><strong>tunc</strong></span> 
     </span>
    </p>
   </div>
   <div class='ocr_carea' id='block_1_78' title="bbox 1906 3423 3492 3498">
    <p class='ocr_par' dir='ltr' id='par_1_78' title="bbox 1906 3423 3492 3498">
     <span class='ocr_line' id='line_1_78' title="bbox 1906 3423 3492 3498; baseline -0.001 -16"><span class='ocrx_word' id='word_1_596' title='bbox 1906 3428 2164 3498; x_wconf 88' lang='lat' dir='ltr'><strong>temporis</strong></span> <span class='ocrx_word' id='word_1_597' title='bbox 2186 3435 2321 3493; x_wconf 88' lang='lat' dir='ltr'><strong>erat,</strong></span> <span class='ocrx_word' id='word_1_598' title='bbox 2353 3436 2402 3484; x_wconf 89' lang='lat' dir='ltr'><strong>et</strong></span> <span class='ocrx_word' id='word_1_599' title='bbox 2455 3427 2640 3498; x_wconf 87' lang='lat' dir='ltr'><strong>plures</strong></span> <span class='ocrx_word' id='word_1_600' title='bbox 2666 3441 2734 3482; x_wconf 84' lang='lat' dir='ltr'><strong>ex</strong></span> <span class='ocrx_word' id='word_1_601' title='bbox 2760 3426 2873 3482; x_wconf 90' lang='lat' dir='ltr'><strong>suis</strong></span> <span class='ocrx_word' id='word_1_602' title='bbox 2902 3426 2955 3480; x_wconf 91' lang='lat' dir='ltr'><strong>in</strong></span> <span class='ocrx_word' id='word_1_603' title='bbox 2987 3425 3079 3482; x_wconf 90' lang='lat' dir='ltr'><strong>illo</strong></span> <span class='ocrx_word' id='word_1_604' title='bbox 3105 3425 3246 3482; x_wconf 89' lang='lat' dir='ltr'><strong>bello</strong></span> <span class='ocrx_word' id='word_1_605' title='bbox 3285 3423 3492 3481; x_wconf 88' lang='lat' dir='ltr'><strong>cecide-</strong></span> 
     </span>
    </p>
   </div>
   <div class='ocr_carea' id='block_1_79' title="bbox 1903 3512 3491 3592">
    <p class='ocr_par' dir='ltr' id='par_1_79' title="bbox 1903 3512 3491 3592">
     <span class='ocr_line' id='line_1_79' title="bbox 1903 3512 3491 3592; baseline -0.004 -16"><span class='ocrx_word' id='word_1_606' title='bbox 1903 3530 2048 3576; x_wconf 91' lang='lat' dir='ltr'><strong>runt.</strong></span> <span class='ocrx_word' id='word_1_607' title='bbox 2079 3520 2369 3592; x_wconf 87' lang='lat' dir='ltr'><strong>Postquam</strong></span> <span class='ocrx_word' id='word_1_608' title='bbox 2400 3528 2598 3585; x_wconf 88' lang='lat' dir='ltr'><strong>autem,</strong></span> <span class='ocrx_word' id='word_1_609' title='bbox 2628 3519 2825 3591; x_wconf 80' lang='lat' dir='ltr'><strong>fugatis</strong></span> <span class='ocrx_word' id='word_1_610' title='bbox 2857 3517 3210 3582; x_wconf 86' lang='lat' dir='ltr'><strong>adversariis,</strong></span> <span class='ocrx_word' id='word_1_611' title='bbox 3251 3515 3369 3586; x_wconf 90' lang='lat' dir='ltr'><strong>ipse</strong></span> <span class='ocrx_word' id='word_1_612' title='bbox 3393 3512 3491 3570; x_wconf 78' lang='lat' dir='ltr'><strong>Ju-</strong></span> 
     </span>
    </p>
   </div>
   <div class='ocr_carea' id='block_1_80' title="bbox 1901 3611 3490 3682">
    <p class='ocr_par' dir='ltr' id='par_1_80' title="bbox 1901 3611 3490 3682">
     <span class='ocr_line' id='line_1_80' title="bbox 1901 3611 3490 3682; baseline -0.003 -14"><span class='ocrx_word' id='word_1_613' title='bbox 1901 3613 1999 3668; x_wconf 90' lang='lat' dir='ltr'><strong>das</strong></span> <span class='ocrx_word' id='word_1_614' title='bbox 2021 3629 2143 3670; x_wconf 91' lang='lat' dir='ltr'><strong>eum</strong></span> <span class='ocrx_word' id='word_1_615' title='bbox 2169 3613 2412 3670; x_wconf 82' lang='lat' dir='ltr'><strong>exercitu</strong></span> <span class='ocrx_word' id='word_1_616' title='bbox 2434 3628 2533 3669; x_wconf 88' lang='lat' dir='ltr'><strong>suo</strong></span> <span class='ocrx_word' id='word_1_617' title='bbox 2558 3613 2627 3668; x_wconf 90' lang='lat' dir='ltr'><strong>ad</strong></span> <span class='ocrx_word' id='word_1_618' title='bbox 2653 3611 2962 3682; x_wconf 87' lang='lat' dir='ltr'><strong>sepelienda</strong></span> <span class='ocrx_word' id='word_1_619' title='bbox 3008 3625 3236 3681; x_wconf 89' lang='lat' dir='ltr'><strong>corpora</strong></span> <span class='ocrx_word' id='word_1_620' title='bbox 3265 3623 3490 3665; x_wconf 90' lang='lat' dir='ltr'><strong>suorum</strong></span> 
     </span>
    </p>
   </div>
   <div class='ocr_carea' id='block_1_81' title="bbox 1891 3703 3492 3776">
    <p class='ocr_par' dir='ltr' id='par_1_81' title="bbox 1891 3703 3492 3776">
     <span class='ocr_line' id='line_1_81' title="bbox 1891 3703 3492 3776; baseline -0.001 -17"><span class='ocrx_word' id='word_1_621' title='bbox 1891 3706 1991 3776; x_wconf 83' lang='lat' dir='ltr'><strong>qui</strong></span> <span class='ocrx_word' id='word_1_622' title='bbox 2027 3707 2080 3759; x_wconf 89' lang='lat' dir='ltr'><strong>in</strong></span> <span class='ocrx_word' id='word_1_623' title='bbox 2110 3706 2254 3762; x_wconf 90' lang='lat' dir='ltr'><strong>bello</strong></span> <span class='ocrx_word' id='word_1_624' title='bbox 2305 3705 2618 3762; x_wconf 88' lang='lat' dir='ltr'><strong>ceciderant</strong></span> <span class='ocrx_word' id='word_1_625' title='bbox 2647 3719 2896 3760; x_wconf 86' lang='lat' dir='ltr'><strong>reversus</strong></span> <span class='ocrx_word' id='word_1_626' title='bbox 2937 3712 3044 3770; x_wconf 90' lang='lat' dir='ltr'><strong>est,</strong></span> <span class='ocrx_word' id='word_1_627' title='bbox 3093 3703 3313 3759; x_wconf 86' lang='lat' dir='ltr'><strong>inventa</strong></span> <span class='ocrx_word' id='word_1_628' title='bbox 3362 3708 3492 3758; x_wconf 81' lang='lat' dir='ltr'><strong>sunt</strong></span> 
     </span>
    </p>
   </div>
   <div class='ocr_carea' id='block_1_82' title="bbox 1899 3793 3491 3856">
    <p class='ocr_par' dir='ltr' id='par_1_82' title="bbox 1899 3793 3491 3856">
     <span class='ocr_line' id='line_1_82' title="bbox 1899 3793 3491 3856; baseline -0.002 -6"><span class='ocrx_word' id='word_1_629' title='bbox 1899 3794 1998 3850; x_wconf 92' lang='lat' dir='ltr'><strong>sub</strong></span> <span class='ocrx_word' id='word_1_630' title='bbox 2014 3795 2209 3848; x_wconf 89' lang='lat' dir='ltr'><strong>tunicis</strong></span> <span class='ocrx_word' id='word_1_631' title='bbox 2231 3794 2535 3850; x_wconf 83' lang='lat' dir='ltr'><strong>occisorum</strong></span> <span class='ocrx_word' id='word_1_632' title='bbox 2580 3795 2806 3849; x_wconf 88' lang='lat' dir='ltr'><strong>donaria</strong></span> <span class='ocrx_word' id='word_1_633' title='bbox 2845 3793 2915 3848; x_wconf 90' lang='lat' dir='ltr'><strong>de</strong></span> <span class='ocrx_word' id='word_1_634' title='bbox 2936 3793 3273 3856; x_wconf 90' lang='lat' dir='ltr'><strong>idololatriis,</strong></span> <span class='ocrx_word' id='word_1_635' title='bbox 3296 3800 3353 3848; x_wconf 89' lang='lat' dir='ltr'><strong>et</strong></span> <span class='ocrx_word' id='word_1_636' title='bbox 3371 3806 3491 3847; x_wconf 78' lang='lat' dir='ltr'><strong>ma-</strong></span> 
     </span>
    </p>
   </div>
   <div class='ocr_carea' id='block_1_83' title="bbox 1898 3882 3490 3952">
    <p class='ocr_par' dir='ltr' id='par_1_83' title="bbox 1898 3882 3490 3952">
     <span class='ocr_line' id='line_1_83' title="bbox 1898 3882 3490 3952; baseline -0.001 -12"><span class='ocrx_word' id='word_1_637' title='bbox 1898 3884 2154 3940; x_wconf 89' lang='lat' dir='ltr'><strong>nifestum</strong></span> <span class='ocrx_word' id='word_1_638' title='bbox 2180 3882 2380 3938; x_wconf 90' lang='lat' dir='ltr'><strong>factum</strong></span> <span class='ocrx_word' id='word_1_639' title='bbox 2411 3892 2495 3937; x_wconf 88' lang='lat' dir='ltr'><strong>est</strong></span> <span class='ocrx_word' id='word_1_640' title='bbox 2522 3885 2616 3938; x_wconf 87' lang='lat' dir='ltr'><strong>Dei</strong></span> <span class='ocrx_word' id='word_1_641' title='bbox 2635 3882 2901 3950; x_wconf 87' lang='lat' dir='ltr'><strong>judicium</strong></span> <span class='ocrx_word' id='word_1_642' title='bbox 2921 3885 3048 3952; x_wconf 86' lang='lat' dir='ltr'><strong>quia</strong></span> <span class='ocrx_word' id='word_1_643' title='bbox 3070 3883 3301 3952; x_wconf 90' lang='lat' dir='ltr'><strong>proinde</strong></span> <span class='ocrx_word' id='word_1_644' title='bbox 3346 3882 3490 3938; x_wconf 85' lang='lat' dir='ltr'><strong>ceci-</strong></span> 
     </span>
    </p>
   </div>
   <div class='ocr_carea' id='block_1_84' title="bbox 1897 3972 3490 4044">
    <p class='ocr_par' dir='ltr' id='par_1_84' title="bbox 1897 3972 3490 4044">
     <span class='ocr_line' id='line_1_84' title="bbox 1897 3972 3490 4044; baseline 0.001 -15"><span class='ocrx_word' id='word_1_645' title='bbox 1897 3974 2169 4029; x_wconf 91' lang='lat' dir='ltr'><strong>deruntin</strong></span> <span class='ocrx_word' id='word_1_646' title='bbox 2197 3973 2358 4028; x_wconf 87' lang='lat' dir='ltr'><strong>bello.</strong></span> <span class='ocrx_word' id='word_1_647' title='bbox 2392 3972 2532 4044; x_wconf 80' lang='lat' dir='ltr'><strong>Ergo</strong></span> <span class='ocrx_word' id='word_1_648' title='bbox 2554 3974 2598 4027; x_wconf 93' lang='lat' dir='ltr'><strong>si</strong></span> <span class='ocrx_word' id='word_1_649' title='bbox 2648 3975 2748 4028; x_wconf 91' lang='lat' dir='ltr'><strong>sub</strong></span> <span class='ocrx_word' id='word_1_650' title='bbox 2791 3974 2989 4028; x_wconf 88' lang='lat' dir='ltr'><strong>tunicis</strong></span> <span class='ocrx_word' id='word_1_651' title='bbox 3036 3975 3257 4038; x_wconf 89' lang='lat' dir='ltr'><strong>nostris,</strong></span> <span class='ocrx_word' id='word_1_652' title='bbox 3309 3974 3363 4029; x_wconf 92' lang='lat' dir='ltr'><strong>id</strong></span> <span class='ocrx_word' id='word_1_653' title='bbox 3403 3982 3490 4030; x_wconf 84' lang='lat' dir='ltr'><strong>est</strong></span> 
     </span>
    </p>
   </div>
   <div class='ocr_carea' id='block_1_85' title="bbox 1897 4062 3487 4132">
    <p class='ocr_par' dir='ltr' id='par_1_85' title="bbox 1897 4062 3487 4132">
     <span class='ocr_line' id='line_1_85' title="bbox 1897 4062 3487 4132; baseline 0.001 -15"><span class='ocrx_word' id='word_1_654' title='bbox 1897 4063 2040 4118; x_wconf 89' lang='lat' dir='ltr'><strong>intra</strong></span> <span class='ocrx_word' id='word_1_655' title='bbox 2074 4077 2302 4132; x_wconf 89' lang='lat' dir='ltr'><strong>corpora</strong></span> <span class='ocrx_word' id='word_1_656' title='bbox 2329 4069 2536 4124; x_wconf 90' lang='lat' dir='ltr'><strong>nostra,</strong></span> <span class='ocrx_word' id='word_1_657' title='bbox 2569 4062 2834 4117; x_wconf 88' lang='lat' dir='ltr'><strong>habemus</strong></span> <span class='ocrx_word' id='word_1_658' title='bbox 2866 4062 3255 4117; x_wconf 89' lang='lat' dir='ltr'><strong>conscientiam</strong></span> <span class='ocrx_word' id='word_1_659' title='bbox 3285 4063 3487 4119; x_wconf 86' lang='lat' dir='ltr'><strong>malam</strong></span> 
     </span>
    </p>
   </div>
   <div class='ocr_carea' id='block_1_86' title="bbox 1897 4152 3480 4224">
    <p class='ocr_par' dir='ltr' id='par_1_86' title="bbox 1897 4152 3480 4224">
     <span class='ocr_line' id='line_1_86' title="bbox 1897 4152 3480 4224; baseline -0.001 -14"><span class='ocrx_word' id='word_1_660' title='bbox 1897 4154 1964 4210; x_wconf 92' lang='lat' dir='ltr'><strong>de</strong></span> <span class='ocrx_word' id='word_1_661' title='bbox 1999 4154 2224 4224; x_wconf 86' lang='lat' dir='ltr'><strong>rapinis,</strong></span> <span class='ocrx_word' id='word_1_662' title='bbox 2251 4153 2318 4208; x_wconf 92' lang='lat' dir='ltr'><strong>de</strong></span> <span class='ocrx_word' id='word_1_663' title='bbox 2344 4153 2594 4218; x_wconf 88' lang='lat' dir='ltr'><strong>avaritia,</strong></span> <span class='ocrx_word' id='word_1_664' title='bbox 2619 4167 2740 4222; x_wconf 81' lang='lat' dir='ltr'><strong>quae</strong></span> <span class='ocrx_word' id='word_1_665' title='bbox 2760 4161 2844 4208; x_wconf 89' lang='lat' dir='ltr'><strong>est</strong></span> <span class='ocrx_word' id='word_1_666' title='bbox 2900 4152 3168 4208; x_wconf 91' lang='lat' dir='ltr'><strong>idolorum</strong></span> <span class='ocrx_word' id='word_1_667' title='bbox 3219 4153 3480 4221; x_wconf 87' lang='lat' dir='ltr'><strong>servitus,</strong></span> 
     </span>
    </p>
   </div>
   <div class='ocr_carea' id='block_1_87' title="bbox 1896 4244 3485 4312">
    <p class='ocr_par' dir='ltr' id='par_1_87' title="bbox 1896 4244 3485 4312">
     <span class='ocr_line' id='line_1_87' title="bbox 1896 4244 3485 4312; baseline 0.001 -9"><span class='ocrx_word' id='word_1_668' title='bbox 1896 4248 1964 4304; x_wconf 90' lang='lat' dir='ltr'><strong>de</strong></span> <span class='ocrx_word' id='word_1_669' title='bbox 1991 4247 2240 4312; x_wconf 80' lang='lat' dir='ltr'><strong>luxuriis,</strong></span> <span class='ocrx_word' id='word_1_670' title='bbox 2272 4246 2338 4302; x_wconf 91' lang='lat' dir='ltr'><strong>de</strong></span> <span class='ocrx_word' id='word_1_671' title='bbox 2362 4245 2585 4310; x_wconf 86' lang='lat' dir='ltr'><strong>invidia,</strong></span> <span class='ocrx_word' id='word_1_672' title='bbox 2618 4245 2686 4301; x_wconf 91' lang='lat' dir='ltr'><strong>de</strong></span> <span class='ocrx_word' id='word_1_673' title='bbox 2707 4244 2966 4302; x_wconf 76' lang='lat' dir='ltr'><strong>fraternis</strong></span> <span class='ocrx_word' id='word_1_674' title='bbox 2992 4245 3162 4312; x_wconf 88' lang='lat' dir='ltr'><strong>odiis,</strong></span> <span class='ocrx_word' id='word_1_675' title='bbox 3194 4254 3250 4301; x_wconf 91' lang='lat' dir='ltr'><strong>et</strong></span> <span class='ocrx_word' id='word_1_676' title='bbox 3275 4246 3344 4304; x_wconf 90' lang='lat' dir='ltr'><strong>de</strong></span> <span class='ocrx_word' id='word_1_677' title='bbox 3383 4247 3485 4304; x_wconf 89' lang='lat' dir='ltr'><strong>ho-</strong></span> 
     </span>
    </p>
   </div>
   <div class='ocr_carea' id='block_1_88' title="bbox 1895 4334 3487 4406">
    <p class='ocr_par' dir='ltr' id='par_1_88' title="bbox 1895 4334 3487 4406">
     <span class='ocr_line' id='line_1_88' title="bbox 1895 4334 3487 4406; baseline 0.001 -16"><span class='ocrx_word' id='word_1_678' title='bbox 1895 4335 2148 4397; x_wconf 84' lang='lat' dir='ltr'><strong>micidiis,</strong></span> <span class='ocrx_word' id='word_1_679' title='bbox 2181 4334 2250 4390; x_wconf 89' lang='lat' dir='ltr'><strong>de</strong></span> <span class='ocrx_word' id='word_1_680' title='bbox 2276 4334 2594 4406; x_wconf 86' lang='lat' dir='ltr'><strong>sacrilegiis,</strong></span> <span class='ocrx_word' id='word_1_681' title='bbox 2623 4342 2681 4391; x_wconf 91' lang='lat' dir='ltr'><strong>et</strong></span> <span class='ocrx_word' id='word_1_682' title='bbox 2718 4335 2785 4390; x_wconf 90' lang='lat' dir='ltr'><strong>de</strong></span> <span class='ocrx_word' id='word_1_683' title='bbox 2835 4334 3156 4400; x_wconf 90' lang='lat' dir='ltr'><strong>incestibus,</strong></span> <span class='ocrx_word' id='word_1_684' title='bbox 3181 4345 3236 4391; x_wconf 90' lang='lat' dir='ltr'><strong>et</strong></span> <span class='ocrx_word' id='word_1_685' title='bbox 3263 4336 3331 4392; x_wconf 90' lang='lat' dir='ltr'><strong>de</strong></span> <span class='ocrx_word' id='word_1_686' title='bbox 3381 4351 3487 4392; x_wconf 73' lang='lat' dir='ltr'><strong>ca:-</strong></span> 
     </span>
    </p>
   </div>
   <div class='ocr_carea' id='block_1_89' title="bbox 1895 4425 3484 4498">
    <p class='ocr_par' dir='ltr' id='par_1_89' title="bbox 1895 4425 3484 4498">
     <span class='ocr_line' id='line_1_89' title="bbox 1895 4425 3484 4498; baseline 0 -16"><span class='ocrx_word' id='word_1_687' title='bbox 1895 4427 2025 4482; x_wconf 86' lang='lat' dir='ltr'><strong>teris</strong></span> <span class='ocrx_word' id='word_1_688' title='bbox 2059 4427 2380 4483; x_wconf 87' lang='lat' dir='ltr'><strong>criminibus</strong></span> <span class='ocrx_word' id='word_1_689' title='bbox 2407 4441 2471 4482; x_wconf 89' lang='lat' dir='ltr'><strong>ac</strong></span> <span class='ocrx_word' id='word_1_690' title='bbox 2516 4426 2774 4496; x_wconf 88' lang='lat' dir='ltr'><strong>peccatis,</strong></span> <span class='ocrx_word' id='word_1_691' title='bbox 2806 4440 3167 4498; x_wconf 87' lang='lat' dir='ltr'><strong>expurgcmus</strong></span> <span class='ocrx_word' id='word_1_692' title='bbox 3204 4426 3292 4482; x_wconf 90' lang='lat' dir='ltr'><strong>illa</strong></span> <span class='ocrx_word' id='word_1_693' title='bbox 3341 4425 3484 4482; x_wconf 88' lang='lat' dir='ltr'><strong>mala</strong></span> 
     </span>
    </p>
   </div>
   <div class='ocr_carea' id='block_1_90' title="bbox 201 4503 3482 4592">
    <p class='ocr_par' dir='ltr' id='par_1_90' title="bbox 201 4503 3482 4592">
     <span class='ocr_line' id='line_1_90' title="bbox 201 4503 3482 4592; baseline 0.005 -32"><span class='ocrx_word' id='word_1_694' title='bbox 201 4503 385 4560; x_wconf 86' lang='lat' dir='ltr'><strong>ablata</strong></span> <span class='ocrx_word' id='word_1_695' title='bbox 411 4513 494 4560; x_wconf 90' lang='lat' dir='ltr'><strong>est</strong></span> <span class='ocrx_word' id='word_1_696' title='bbox 522 4521 710 4574; x_wconf 62' lang='lat' dir='ltr'><strong>poenas</strong></span> <span class='ocrx_word' id='word_1_697' title='bbox 735 4507 852 4564; x_wconf 87' lang='lat' dir='ltr'><strong>luit.</strong></span> <span class='ocrx_word' id='word_1_698' title='bbox 883 4508 989 4565; x_wconf 91' lang='lat' dir='ltr'><strong>Sed</strong></span> <span class='ocrx_word' id='word_1_699' title='bbox 1013 4510 1367 4566; x_wconf 90' lang='lat' dir='ltr'><strong>inhumanum</strong></span> <span class='ocrx_word' id='word_1_700' title='bbox 1391 4528 1497 4568; x_wconf 91' lang='lat' dir='ltr'><strong>non</strong></span> <span class='ocrx_word' id='word_1_701' title='bbox 1519 4521 1603 4570; x_wconf 86' lang='lat' dir='ltr'><strong>est</strong></span> <span class='ocrx_word' id='word_1_702' title='bbox 1624 4513 1790 4568; x_wconf 87' lang='lat' dir='ltr'><strong>etiam</strong></span> <span class='ocrx_word' id='word_1_703' title='bbox 1818 4584 1861 4592; x_wconf 77' lang='lat'><strong><em>_</em></strong></span> <span class='ocrx_word' id='word_1_704' title='bbox 1892 4536 1990 4592; x_wconf 73' lang='lat' dir='ltr'><strong>per</strong></span> <span class='ocrx_word' id='word_1_705' title='bbox 2021 4535 2212 4591; x_wconf 84' lang='lat' dir='ltr'><strong>puram</strong></span> <span class='ocrx_word' id='word_1_706' title='bbox 2235 4518 2654 4585; x_wconf 85' lang='lat' dir='ltr'><strong>confessionem,</strong></span> <span class='ocrx_word' id='word_1_707' title='bbox 2685 4529 2741 4575; x_wconf 88' lang='lat' dir='ltr'><strong>et</strong></span> <span class='ocrx_word' id='word_1_708' title='bbox 2773 4535 2869 4590; x_wconf 90' lang='lat' dir='ltr'><strong>per</strong></span> <span class='ocrx_word' id='word_1_709' title='bbox 2897 4518 3090 4574; x_wconf 87' lang='lat' dir='ltr'><strong>bonam</strong></span> <span class='ocrx_word' id='word_1_710' title='bbox 3117 4519 3482 4589; x_wconf 90' lang='lat' dir='ltr'><strong>devotionem,</strong></span> 
     </span>
    </p>
   </div>
   <div class='ocr_carea' id='block_1_91' title="bbox 200 4584 3484 4686">
    <p class='ocr_par' dir='ltr' id='par_1_91' title="bbox 200 4584 3484 4686">
     <span class='ocr_line' id='line_1_91' title="bbox 200 4584 3484 4686; baseline 0.001 -35"><span class='ocrx_word' id='word_1_711' title='bbox 200 4613 302 4669; x_wconf 91' lang='lat' dir='ltr'><strong>pro</strong></span> <span class='ocrx_word' id='word_1_712' title='bbox 340 4597 536 4654; x_wconf 89' lang='lat' dir='ltr'><strong>talibus</strong></span> <span class='ocrx_word' id='word_1_713' title='bbox 579 4599 935 4668; x_wconf 83' lang='lat' dir='ltr'><strong>intercedere,</strong></span> <span class='ocrx_word' id='word_1_714' title='bbox 988 4612 1246 4676; x_wconf 89' lang='lat' dir='ltr'><strong>tanquam</strong></span> <span class='ocrx_word' id='word_1_715' title='bbox 1292 4621 1391 4676; x_wconf 92' lang='lat' dir='ltr'><strong>pro</strong></span> <span class='ocrx_word' id='word_1_716' title='bbox 1449 4607 1558 4662; x_wconf 88' lang='lat' dir='ltr'><strong>reis</strong></span> <span class='ocrx_word' id='word_1_717' title='bbox 1608 4606 1792 4662; x_wconf 91' lang='lat' dir='ltr'><strong>crimi-</strong></span> <span class='ocrx_word' id='word_1_718' title='bbox 1818 4584 1870 4646; x_wconf 77' lang='lat' dir='ltr'><strong>D</strong></span> <span class='ocrx_word' id='word_1_719' title='bbox 1895 4584 1952 4670; x_wconf 64' lang='grc' dir='ltr'><strong>ξεί</strong></span> <span class='ocrx_word' id='word_1_720' title='bbox 1985 4584 2082 4683; x_wconf 57' lang='grc' dir='ltr'><strong>μὲν</strong></span> <span class='ocrx_word' id='word_1_721' title='bbox 2130 4614 2415 4686; x_wconf 58' lang='lat' dir='ltr'><strong>lacn-mas,</strong></span> <span class='ocrx_word' id='word_1_722' title='bbox 2458 4622 2515 4667; x_wconf 73' lang='lat' dir='ltr'><strong>et</strong></span> <span class='ocrx_word' id='word_1_723' title='bbox 2553 4627 2650 4683; x_wconf 71' lang='lat' dir='ltr'><strong>per</strong></span> <span class='ocrx_word' id='word_1_724' title='bbox 2693 4584 3063 4684; x_wconf 45' lang='lat' dir='ltr'><strong>ele-emosynas</strong></span> <span class='ocrx_word' id='word_1_725' title='bbox 3087 4619 3145 4668; x_wconf 69' lang='lat' dir='ltr'><strong>et</strong></span> <span class='ocrx_word' id='word_1_726' title='bbox 3177 4611 3370 4682; x_wconf 68' lang='lat' dir='ltr'><strong>dignas</strong></span> <span class='ocrx_word' id='word_1_727' title='bbox 3397 4584 3484 4668; x_wconf 55' lang='grc' dir='ltr'><strong>αξ.</strong></span> 
     </span>
    </p>
   </div>
   <div class='ocr_carea' id='block_1_92' title="bbox 203 4690 1790 4766">
    <p class='ocr_par' dir='ltr' id='par_1_92' title="bbox 203 4690 1790 4766">
     <span class='ocr_line' id='line_1_92' title="bbox 203 4690 1790 4766; baseline 0.006 -23"><span class='ocrx_word' id='word_1_728' title='bbox 203 4705 336 4744; x_wconf 89' lang='lat' dir='ltr'><strong>num</strong></span> <span class='ocrx_word' id='word_1_729' title='bbox 370 4708 384 4743; x_wconf 90' lang='lat'>:</span> <span class='ocrx_word' id='word_1_730' title='bbox 419 4690 612 4744; x_wconf 90' lang='lat' dir='ltr'><strong>nonad</strong></span> <span class='ocrx_word' id='word_1_731' title='bbox 669 4693 770 4748; x_wconf 91' lang='lat' dir='ltr'><strong>hoc</strong></span> <span class='ocrx_word' id='word_1_732' title='bbox 819 4701 878 4747; x_wconf 91' lang='lat' dir='ltr'><strong>ut</strong></span> <span class='ocrx_word' id='word_1_733' title='bbox 924 4694 1147 4750; x_wconf 90' lang='lat' dir='ltr'><strong>minime</strong></span> <span class='ocrx_word' id='word_1_734' title='bbox 1193 4699 1549 4755; x_wconf 89' lang='lat' dir='ltr'><strong>restituantur</strong></span> <span class='ocrx_word' id='word_1_735' title='bbox 1594 4699 1790 4766; x_wconf 88' lang='lat' dir='ltr'><strong>aliena,</strong></span> 
     </span>
    </p>
   </div>
   <div class='ocr_carea' id='block_1_93' title="bbox 203 4779 1793 4846">
    <p class='ocr_par' dir='ltr' id='par_1_93' title="bbox 203 4779 1793 4846">
     <span class='ocr_line' id='line_1_93' title="bbox 203 4779 1793 4846; baseline 0.008 -13"><span class='ocrx_word' id='word_1_736' title='bbox 203 4781 298 4834; x_wconf 86' lang='lat' dir='ltr'><strong>sed</strong></span> <span class='ocrx_word' id='word_1_737' title='bbox 331 4795 397 4834; x_wconf 89' lang='lat' dir='ltr'><strong>ne</strong></span> <span class='ocrx_word' id='word_1_738' title='bbox 429 4779 631 4836; x_wconf 85' lang='lat' dir='ltr'><strong>frustra</strong></span> <span class='ocrx_word' id='word_1_739' title='bbox 661 4783 821 4838; x_wconf 90' lang='lat' dir='ltr'><strong>homo</strong></span> <span class='ocrx_word' id='word_1_740' title='bbox 852 4783 905 4837; x_wconf 88' lang='lat' dir='ltr'><strong>in</strong></span> <span class='ocrx_word' id='word_1_741' title='bbox 936 4784 1213 4840; x_wconf 90' lang='lat' dir='ltr'><strong>hominem</strong></span> <span class='ocrx_word' id='word_1_742' title='bbox 1245 4789 1449 4844; x_wconf 66' lang='lat' dir='ltr'><strong>saeviat.</strong></span> <span class='ocrx_word' id='word_1_743' title='bbox 1504 4789 1637 4846; x_wconf 83' lang='lat' dir='ltr'><strong>Illud</strong></span> <span class='ocrx_word' id='word_1_744' title='bbox 1665 4805 1793 4846; x_wconf 85' lang='lat' dir='ltr'><strong>vero</strong></span> 
     </span>
    </p>
   </div>
   <div class='ocr_carea' id='block_1_94' title="bbox 205 4871 1794 4948">
    <p class='ocr_par' dir='ltr' id='par_1_94' title="bbox 205 4871 1794 4948">
     <span class='ocr_line' id='line_1_94' title="bbox 205 4871 1794 4948; baseline 0.01 -24"><span class='ocrx_word' id='word_1_745' title='bbox 205 4871 562 4930; x_wconf 81' lang='lat' dir='ltr'><strong>ﬁdentissime</strong></span> <span class='ocrx_word' id='word_1_746' title='bbox 602 4875 854 4941; x_wconf 76' lang='lat' dir='ltr'><strong>dixerint,</strong></span> <span class='ocrx_word' id='word_1_747' title='bbox 885 4892 1010 4932; x_wconf 91' lang='lat' dir='ltr'><strong>eum</strong></span> <span class='ocrx_word' id='word_1_748' title='bbox 1035 4878 1127 4948; x_wconf 91' lang='lat' dir='ltr'><strong>qui</strong></span> <span class='ocrx_word' id='word_1_749' title='bbox 1168 4895 1266 4948; x_wconf 91' lang='lat' dir='ltr'><strong>pro</strong></span> <span class='ocrx_word' id='word_1_750' title='bbox 1315 4880 1536 4936; x_wconf 90' lang='lat' dir='ltr'><strong>homine</strong></span> <span class='ocrx_word' id='word_1_751' title='bbox 1583 4883 1651 4938; x_wconf 90' lang='lat' dir='ltr'><strong>ad</strong></span> <span class='ocrx_word' id='word_1_752' title='bbox 1691 4885 1794 4940; x_wconf 92' lang='lat' dir='ltr'><strong>hoc</strong></span> 
     </span>
    </p>
   </div>
   <div class='ocr_carea' id='block_1_95' title="bbox 205 4963 1792 5042">
    <p class='ocr_par' dir='ltr' id='par_1_95' title="bbox 205 4963 1792 5042">
     <span class='ocr_line' id='line_1_95' title="bbox 205 4963 1792 5042; baseline 0.009 -27"><span class='ocrx_word' id='word_1_753' title='bbox 205 4963 522 5027; x_wconf 55' lang='lat' dir='ltr'><strong>intervenit,</strong></span> <span class='ocrx_word' id='word_1_754' title='bbox 551 4979 619 5021; x_wconf 90' lang='lat' dir='ltr'><strong>ne</strong></span> <span class='ocrx_word' id='word_1_755' title='bbox 647 4965 786 5020; x_wconf 90' lang='lat' dir='ltr'><strong>male</strong></span> <span class='ocrx_word' id='word_1_756' title='bbox 811 4967 988 5021; x_wconf 89' lang='lat' dir='ltr'><strong>ablata</strong></span> <span class='ocrx_word' id='word_1_757' title='bbox 1036 4968 1306 5036; x_wconf 89' lang='lat' dir='ltr'><strong>restituat,</strong></span> <span class='ocrx_word' id='word_1_758' title='bbox 1361 4979 1416 5027; x_wconf 90' lang='lat' dir='ltr'><strong>et</strong></span> <span class='ocrx_word' id='word_1_759' title='bbox 1459 4972 1551 5042; x_wconf 93' lang='lat' dir='ltr'><strong>qui</strong></span> <span class='ocrx_word' id='word_1_760' title='bbox 1609 4973 1677 5028; x_wconf 93' lang='lat' dir='ltr'><strong>ad</strong></span> <span class='ocrx_word' id='word_1_761' title='bbox 1733 4989 1792 5030; x_wconf 92' lang='lat' dir='ltr'><strong>se</strong></span> 
     </span>
    </p>
   </div>
   <div class='ocr_carea' id='block_1_96' title="bbox 203 5049 1796 5131">
    <p class='ocr_par' dir='ltr' id='par_1_96' title="bbox 203 5049 1796 5131">
     <span class='ocr_line' id='line_1_96' title="bbox 203 5049 1796 5131; baseline 0.01 -27"><span class='ocrx_word' id='word_1_762' title='bbox 203 5049 649 5124; x_wconf 84' lang='lat' dir='ltr'><strong>eonfugientem,</strong></span> <span class='ocrx_word' id='word_1_763' title='bbox 681 5065 945 5126; x_wconf 91' lang='lat' dir='ltr'><strong>quantum</strong></span> <span class='ocrx_word' id='word_1_764' title='bbox 993 5057 1218 5115; x_wconf 88' lang='lat' dir='ltr'><strong>honeste</strong></span> <span class='ocrx_word' id='word_1_765' title='bbox 1269 5070 1467 5131; x_wconf 88' lang='lat' dir='ltr'><strong>potest,</strong></span> <span class='ocrx_word' id='word_1_766' title='bbox 1527 5064 1595 5118; x_wconf 90' lang='lat' dir='ltr'><strong>ad</strong></span> <span class='ocrx_word' id='word_1_767' title='bbox 1639 5065 1796 5119; x_wconf 85' lang='lat' dir='ltr'><strong>resti-</strong></span> 
     </span>
    </p>
   </div>
   <div class='ocr_carea' id='block_1_97' title="bbox 207 5143 1792 5218">
    <p class='ocr_par' dir='ltr' id='par_1_97' title="bbox 207 5143 1792 5218">
     <span class='ocr_line' id='line_1_97' title="bbox 207 5143 1792 5218; baseline 0.009 -22"><span class='ocrx_word' id='word_1_768' title='bbox 207 5143 466 5199; x_wconf 90' lang='lat' dir='ltr'><strong>tuendum</strong></span> <span class='ocrx_word' id='word_1_769' title='bbox 495 5162 601 5201; x_wconf 92' lang='lat' dir='ltr'><strong>non</strong></span> <span class='ocrx_word' id='word_1_770' title='bbox 625 5148 920 5218; x_wconf 89' lang='lat' dir='ltr'><strong>compellit,</strong></span> <span class='ocrx_word' id='word_1_771' title='bbox 955 5151 1160 5207; x_wconf 87' lang='lat' dir='ltr'><strong>socium</strong></span> <span class='ocrx_word' id='word_1_772' title='bbox 1182 5167 1302 5210; x_wconf 89' lang='lat' dir='ltr'><strong>esse</strong></span> <span class='ocrx_word' id='word_1_773' title='bbox 1331 5153 1539 5210; x_wconf 86' lang='lat' dir='ltr'><strong>fraudis</strong></span> <span class='ocrx_word' id='word_1_774' title='bbox 1577 5163 1634 5211; x_wconf 91' lang='lat' dir='ltr'><strong>et</strong></span> <span class='ocrx_word' id='word_1_775' title='bbox 1679 5156 1792 5210; x_wconf 88' lang='lat' dir='ltr'><strong>cri-</strong></span> 
     </span>
    </p>
   </div>
   <div class='ocr_carea' id='block_1_98' title="bbox 206 5233 1794 5316">
    <p class='ocr_par' dir='ltr' id='par_1_98' title="bbox 206 5233 1794 5316">
     <span class='ocr_line' id='line_1_98' title="bbox 206 5233 1794 5316; baseline 0.009 -27"><span class='ocrx_word' id='word_1_776' title='bbox 206 5233 388 5289; x_wconf 84' lang='lat' dir='ltr'><strong>minis.</strong></span> <span class='ocrx_word' id='word_1_777' title='bbox 455 5235 590 5293; x_wconf 86' lang='lat' dir='ltr'><strong>Nam</strong></span> <span class='ocrx_word' id='word_1_778' title='bbox 639 5241 1045 5300; x_wconf 79' lang='lat' dir='ltr'><strong>misericordias</strong></span> <span class='ocrx_word' id='word_1_779' title='bbox 1103 5258 1260 5316; x_wconf 90' lang='lat' dir='ltr'><strong>opem</strong></span> <span class='ocrx_word' id='word_1_780' title='bbox 1315 5255 1555 5302; x_wconf 90' lang='lat' dir='ltr'><strong>nostram</strong></span> <span class='ocrx_word' id='word_1_781' title='bbox 1597 5247 1794 5304; x_wconf 89' lang='lat' dir='ltr'><strong>talibus</strong></span> 
     </span>
    </p>
   </div>
   <div class='ocr_carea' id='block_1_99' title="bbox 206 5328 1788 5410">
    <p class='ocr_par' dir='ltr' id='par_1_99' title="bbox 206 5328 1788 5410">
     <span class='ocr_line' id='line_1_99' title="bbox 206 5328 1788 5410; baseline 0.008 -28"><span class='ocrx_word' id='word_1_782' title='bbox 206 5328 578 5388; x_wconf 88' lang='lat' dir='ltr'><strong>subtrahimus</strong></span> <span class='ocrx_word' id='word_1_783' title='bbox 603 5349 767 5404; x_wconf 90' lang='lat' dir='ltr'><strong>quam</strong></span> <span class='ocrx_word' id='word_1_784' title='bbox 819 5333 1198 5404; x_wconf 87' lang='lat' dir='ltr'><strong>impendimus.</strong></span> <span class='ocrx_word' id='word_1_785' title='bbox 1262 5336 1381 5393; x_wconf 85' lang='lat' dir='ltr'><strong>Non</strong></span> <span class='ocrx_word' id='word_1_786' title='bbox 1430 5339 1576 5394; x_wconf 90' lang='lat' dir='ltr'><strong>enim</strong></span> <span class='ocrx_word' id='word_1_787' title='bbox 1633 5353 1788 5410; x_wconf 92' lang='lat' dir='ltr'><strong>opem</strong></span> 
     </span>
    </p>
   </div>
   <div class='ocr_carea' id='block_1_100' title="bbox 204 5421 1791 5502">
    <p class='ocr_par' dir='ltr' id='par_1_100' title="bbox 204 5421 1791 5502">
     <span class='ocr_line' id='line_1_100' title="bbox 204 5421 1791 5502; baseline 0.008 -26"><span class='ocrx_word' id='word_1_788' title='bbox 204 5421 314 5480; x_wconf 85' lang='lat' dir='ltr'><strong>fert</strong></span> <span class='ocrx_word' id='word_1_789' title='bbox 337 5425 429 5496; x_wconf 91' lang='lat' dir='ltr'><strong>qui</strong></span> <span class='ocrx_word' id='word_1_790' title='bbox 453 5425 520 5482; x_wconf 90' lang='lat' dir='ltr'><strong>ad</strong></span> <span class='ocrx_word' id='word_1_791' title='bbox 542 5428 873 5496; x_wconf 90' lang='lat' dir='ltr'><strong>peccandum</strong></span> <span class='ocrx_word' id='word_1_792' title='bbox 905 5427 1140 5497; x_wconf 86' lang='lat' dir='ltr'><strong>adjuvat,</strong></span> <span class='ocrx_word' id='word_1_793' title='bbox 1174 5444 1238 5486; x_wconf 89' lang='lat' dir='ltr'><strong>ac</strong></span> <span class='ocrx_word' id='word_1_794' title='bbox 1281 5446 1388 5487; x_wconf 92' lang='lat' dir='ltr'><strong>non</strong></span> <span class='ocrx_word' id='word_1_795' title='bbox 1437 5433 1613 5502; x_wconf 91' lang='lat' dir='ltr'><strong>potius</strong></span> <span class='ocrx_word' id='word_1_796' title='bbox 1669 5432 1791 5490; x_wconf 89' lang='lat' dir='ltr'><strong>sub-</strong></span> 
     </span>
    </p>
   </div>
   <div class='ocr_carea' id='block_1_101' title="bbox 207 5517 1792 5597">
    <p class='ocr_par' dir='ltr' id='par_1_101' title="bbox 207 5517 1792 5597">
     <span class='ocr_line' id='line_1_101' title="bbox 207 5517 1792 5597; baseline 0.009 -28"><span class='ocrx_word' id='word_1_797' title='bbox 207 5517 372 5572; x_wconf 91' lang='lat' dir='ltr'><strong>vertit</strong></span> <span class='ocrx_word' id='word_1_798' title='bbox 398 5527 560 5589; x_wconf 89' lang='lat' dir='ltr'><strong>atque</strong></span> <span class='ocrx_word' id='word_1_799' title='bbox 583 5521 856 5591; x_wconf 88' lang='lat' dir='ltr'><strong>opprimit.</strong></span> <span class='ocrx_word' id='word_1_800' title='bbox 891 5520 1145 5579; x_wconf 85' lang='lat' dir='ltr'><strong>Nolentes</strong></span> <span class='ocrx_word' id='word_1_801' title='bbox 1172 5531 1350 5579; x_wconf 88' lang='lat' dir='ltr'><strong>autem</strong></span> <span class='ocrx_word' id='word_1_802' title='bbox 1384 5527 1626 5592; x_wconf 87' lang='lat' dir='ltr'><strong>reddere,</strong></span> <span class='ocrx_word' id='word_1_803' title='bbox 1655 5541 1792 5597; x_wconf 86' lang='lat' dir='ltr'><strong>quos</strong></span> 
     </span>
    </p>
   </div>
   <div class='ocr_carea' id='block_1_102' title="bbox 207 5611 1788 5687">
    <p class='ocr_par' dir='ltr' id='par_1_102' title="bbox 207 5611 1788 5687">
     <span class='ocr_line' id='line_1_102' title="bbox 207 5611 1788 5687; baseline 0.006 -21"><span class='ocrx_word' id='word_1_804' title='bbox 207 5611 461 5668; x_wconf 89' lang='lat' dir='ltr'><strong>novimus</strong></span> <span class='ocrx_word' id='word_1_805' title='bbox 487 5623 542 5669; x_wconf 89' lang='lat' dir='ltr'><strong>et</strong></span> <span class='ocrx_word' id='word_1_806' title='bbox 569 5616 706 5671; x_wconf 91' lang='lat' dir='ltr'><strong>male</strong></span> <span class='ocrx_word' id='word_1_807' title='bbox 731 5616 1116 5684; x_wconf 89' lang='lat' dir='ltr'><strong>abstulisse,&#39;et</strong></span> <span class='ocrx_word' id='word_1_808' title='bbox 1145 5618 1288 5674; x_wconf 90' lang='lat' dir='ltr'><strong>unde</strong></span> <span class='ocrx_word' id='word_1_809' title='bbox 1314 5619 1540 5675; x_wconf 89' lang='lat' dir='ltr'><strong>reddant</strong></span> <span class='ocrx_word' id='word_1_810' title='bbox 1565 5620 1788 5687; x_wconf 90' lang='lat' dir='ltr'><strong>habere,</strong></span> 
     </span>
    </p>
   </div>
   <div class='ocr_carea' id='block_1_103' title="bbox 208 5705 1785 5782">
    <p class='ocr_par' dir='ltr' id='par_1_103' title="bbox 208 5705 1785 5782">
     <span class='ocr_line' id='line_1_103' title="bbox 208 5705 1785 5782; baseline 0.008 -26"><span class='ocrx_word' id='word_1_811' title='bbox 208 5705 508 5775; x_wconf 87' lang='lat' dir='ltr'><strong>arguimus,</strong></span> <span class='ocrx_word' id='word_1_812' title='bbox 540 5709 880 5780; x_wconf 87' lang='lat' dir='ltr'><strong>increpamus</strong></span> <span class='ocrx_word' id='word_1_813' title='bbox 901 5719 954 5766; x_wconf 91' lang='lat' dir='ltr'><strong>et</strong></span> <span class='ocrx_word' id='word_1_814' title='bbox 967 5713 1320 5777; x_wconf 88' lang='lat' dir='ltr'><strong>detestamur,</strong></span> <span class='ocrx_word' id='word_1_815' title='bbox 1355 5713 1785 5782; x_wconf 90' lang='lat' dir='ltr'><strong>quosdamclam,</strong></span> 
     </span>
    </p>
   </div>
   <div class='ocr_carea' id='block_1_104' title="bbox 203 5795 1790 5875">
    <p class='ocr_par' dir='ltr' id='par_1_104' title="bbox 203 5795 1790 5875">
     <span class='ocr_line' id='line_1_104' title="bbox 203 5795 1790 5875; baseline 0.005 -23"><span class='ocrx_word' id='word_1_816' title='bbox 203 5795 474 5867; x_wconf 79' lang='lat' dir='ltr'><strong>quosdam</strong></span> <span class='ocrx_word' id='word_1_817' title='bbox 497 5797 695 5869; x_wconf 79' lang='lat' dir='ltr'><strong>palam,</strong></span> <span class='ocrx_word' id='word_1_818' title='bbox 727 5800 870 5858; x_wconf 88' lang='lat' dir='ltr'><strong>sicut</strong></span> <span class='ocrx_word' id='word_1_819' title='bbox 895 5801 1181 5860; x_wconf 87' lang='lat' dir='ltr'><strong>diversitas</strong></span> <span class='ocrx_word' id='word_1_820' title='bbox 1203 5817 1557 5875; x_wconf 83' lang='lat' dir='ltr'><strong>personarum</strong></span> <span class='ocrx_word' id='word_1_821' title='bbox 1613 5803 1790 5860; x_wconf 90' lang='lat' dir='ltr'><strong>diver-</strong></span> 
     </span>
    </p>
   </div>
   <div class='ocr_carea' id='block_1_105' title="bbox 591 5960 934 5982">
    <p class='ocr_par' dir='ltr' id='par_1_105' title="bbox 591 5960 934 5982">
     <span class='ocr_line' id='line_1_105' title="bbox 591 5960 934 5982; baseline -0.009 -4"><span class='ocrx_word' id='word_1_822' title='bbox 591 5977 608 5982; x_wconf 89' lang='lat'>_</span> <span class='ocrx_word' id='word_1_823' title='bbox 627 5969 721 5981; x_wconf 58' lang='grc' dir='ltr'><strong>υ...</strong></span> <span class='ocrx_word' id='word_1_824' title='bbox 749 5961 840 5978; x_wconf 58' lang='grc' dir='ltr'><strong>μέμ..</strong></span> <span class='ocrx_word' id='word_1_825' title='bbox 893 5960 934 5967; x_wconf 83' lang='grc'><strong>---</strong></span> 
     </span>
    </p>
   </div>
   <div class='ocr_carea' id='block_1_106' title="bbox 1897 4700 3483 4775">
    <p class='ocr_par' dir='ltr' id='par_1_106' title="bbox 1897 4700 3483 4775">
     <span class='ocr_line' id='line_1_106' title="bbox 1897 4700 3483 4775; baseline 0 -15"><span class='ocrx_word' id='word_1_826' title='bbox 1897 4704 2252 4770; x_wconf 85' lang='lat' dir='ltr'><strong>tisfactiones,</strong></span> <span class='ocrx_word' id='word_1_827' title='bbox 2280 4714 2335 4759; x_wconf 91' lang='lat' dir='ltr'><strong>et</strong></span> <span class='ocrx_word' id='word_1_828' title='bbox 2361 4703 2682 4775; x_wconf 89' lang='lat' dir='ltr'><strong>quantocius</strong></span> <span class='ocrx_word' id='word_1_829' title='bbox 2726 4711 2937 4774; x_wconf 87' lang='lat' dir='ltr'><strong>tempus</strong></span> <span class='ocrx_word' id='word_1_830' title='bbox 2990 4700 3176 4770; x_wconf 87' lang='lat' dir='ltr'><strong>fuerit,</strong></span> <span class='ocrx_word' id='word_1_831' title='bbox 3219 4704 3483 4761; x_wconf 90' lang='lat' dir='ltr'><strong>faciamus</strong></span> 
     </span>
    </p>
   </div>
   <div class='ocr_carea' id='block_1_107' title="bbox 1895 4796 3482 4868">
    <p class='ocr_par' dir='ltr' id='par_1_107' title="bbox 1895 4796 3482 4868">
     <span class='ocr_line' id='line_1_107' title="bbox 1895 4796 3482 4868; baseline 0 -16"><span class='ocrx_word' id='word_1_832' title='bbox 1895 4812 2087 4852; x_wconf 91' lang='lat' dir='ltr'><strong>omnes</strong></span> <span class='ocrx_word' id='word_1_833' title='bbox 2115 4797 2168 4851; x_wconf 92' lang='lat' dir='ltr'><strong>in</strong></span> <span class='ocrx_word' id='word_1_834' title='bbox 2199 4811 2485 4851; x_wconf 90' lang='lat' dir='ltr'><strong>commune</strong></span> <span class='ocrx_word' id='word_1_835' title='bbox 2511 4796 2576 4852; x_wconf 89' lang='lat' dir='ltr'><strong>de</strong></span> <span class='ocrx_word' id='word_1_836' title='bbox 2597 4797 2888 4866; x_wconf 75' lang='lat' dir='ltr'><strong>praeteritis</strong></span> <span class='ocrx_word' id='word_1_837' title='bbox 2914 4797 3174 4868; x_wconf 87' lang='lat' dir='ltr'><strong>peccatis,</strong></span> <span class='ocrx_word' id='word_1_838' title='bbox 3221 4799 3339 4852; x_wconf 88' lang='lat' dir='ltr'><strong>sive</strong></span> <span class='ocrx_word' id='word_1_839' title='bbox 3367 4813 3482 4852; x_wconf 83' lang='lat' dir='ltr'><strong>ma-</strong></span> 
     </span>
    </p>
   </div>
   <div class='ocr_carea' id='block_1_108' title="bbox 1896 4885 3484 4956">
    <p class='ocr_par' dir='ltr' id='par_1_108' title="bbox 1896 4885 3484 4956">
     <span class='ocr_line' id='line_1_108' title="bbox 1896 4885 3484 4956; baseline 0 -14"><span class='ocrx_word' id='word_1_840' title='bbox 1896 4887 2150 4952; x_wconf 85' lang='lat' dir='ltr'><strong>nifestis,</strong></span> <span class='ocrx_word' id='word_1_841' title='bbox 2203 4886 2318 4941; x_wconf 87' lang='lat' dir='ltr'><strong>sive</strong></span> <span class='ocrx_word' id='word_1_842' title='bbox 2368 4885 2632 4952; x_wconf 89' lang='lat' dir='ltr'><strong>secretis,</strong></span> <span class='ocrx_word' id='word_1_843' title='bbox 2687 4886 2958 4956; x_wconf 89' lang='lat' dir='ltr'><strong>publicam</strong></span> <span class='ocrx_word' id='word_1_844' title='bbox 3001 4886 3397 4954; x_wconf 67' lang='lat' dir='ltr'><strong>paenitentiam,</strong></span> <span class='ocrx_word' id='word_1_845' title='bbox 3425 4894 3484 4942; x_wconf 89' lang='lat' dir='ltr'><strong>et</strong></span> 
     </span>
    </p>
   </div>
   <div class='ocr_carea' id='block_1_109' title="bbox 1900 4975 3480 5046">
    <p class='ocr_par' dir='ltr' id='par_1_109' title="bbox 1900 4975 3480 5046">
     <span class='ocr_line' id='line_1_109' title="bbox 1900 4975 3480 5046; baseline -0.001 -14"><span class='ocrx_word' id='word_1_846' title='bbox 1900 4979 2208 5033; x_wconf 90' lang='lat' dir='ltr'><strong>triduanum</strong></span> <span class='ocrx_word' id='word_1_847' title='bbox 2227 4975 2514 5046; x_wconf 86' lang='lat' dir='ltr'><strong>jejunium,</strong></span> <span class='ocrx_word' id='word_1_848' title='bbox 2569 4985 2624 5031; x_wconf 89' lang='lat' dir='ltr'><strong>et</strong></span> <span class='ocrx_word' id='word_1_849' title='bbox 2653 4976 2974 5030; x_wconf 88' lang='lat' dir='ltr'><strong>mundemus</strong></span> <span class='ocrx_word' id='word_1_850' title='bbox 3006 4989 3104 5029; x_wconf 91' lang='lat' dir='ltr'><strong>nos</strong></span> <span class='ocrx_word' id='word_1_851' title='bbox 3131 4975 3199 5029; x_wconf 89' lang='lat' dir='ltr'><strong>ab</strong></span> <span class='ocrx_word' id='word_1_852' title='bbox 3227 4976 3371 5030; x_wconf 90' lang='lat' dir='ltr'><strong>omni</strong></span> <span class='ocrx_word' id='word_1_853' title='bbox 3404 4975 3480 5030; x_wconf 87' lang='lat' dir='ltr'><strong>in-</strong></span> 
     </span>
    </p>
   </div>
   <div class='ocr_carea' id='block_1_110' title="bbox 1896 5065 3480 5142">
    <p class='ocr_par' dir='ltr' id='par_1_110' title="bbox 1896 5065 3480 5142">
     <span class='ocr_line' id='line_1_110' title="bbox 1896 5065 3480 5142; baseline -0.003 -15"><span class='ocrx_word' id='word_1_854' title='bbox 1896 5073 2246 5142; x_wconf 89' lang='lat' dir='ltr'><strong>quinamento</strong></span> <span class='ocrx_word' id='word_1_855' title='bbox 2271 5068 2453 5126; x_wconf 88' lang='lat' dir='ltr'><strong>carnis</strong></span> <span class='ocrx_word' id='word_1_856' title='bbox 2480 5079 2536 5126; x_wconf 91' lang='lat' dir='ltr'><strong>et</strong></span> <span class='ocrx_word' id='word_1_857' title='bbox 2560 5068 2800 5140; x_wconf 90' lang='lat' dir='ltr'><strong>spiritus,</strong></span> <span class='ocrx_word' id='word_1_858' title='bbox 2853 5065 3193 5138; x_wconf 83' lang='lat' dir='ltr'><strong>perﬁcientes</strong></span> <span class='ocrx_word' id='word_1_859' title='bbox 3241 5066 3480 5122; x_wconf 86' lang='lat' dir='ltr'><strong>sanctifi-</strong></span> 
     </span>
    </p>
   </div>
   <div class='ocr_carea' id='block_1_111' title="bbox 1895 5159 3477 5230">
    <p class='ocr_par' dir='ltr' id='par_1_111' title="bbox 1895 5159 3477 5230">
     <span class='ocr_line' id='line_1_111' title="bbox 1895 5159 3477 5230; baseline -0.003 -12"><span class='ocrx_word' id='word_1_860' title='bbox 1895 5163 2165 5218; x_wconf 88' lang='lat' dir='ltr'><strong>cationem</strong></span> <span class='ocrx_word' id='word_1_861' title='bbox 2196 5163 2250 5218; x_wconf 93' lang='lat' dir='ltr'><strong>in</strong></span> <span class='ocrx_word' id='word_1_862' title='bbox 2281 5163 2474 5218; x_wconf 89' lang='lat' dir='ltr'><strong>timore</strong></span> <span class='ocrx_word' id='word_1_863' title='bbox 2519 5159 2633 5217; x_wconf 91' lang='lat' dir='ltr'><strong>Dei.</strong></span> <span class='ocrx_word' id='word_1_864' title='bbox 2672 5160 2829 5228; x_wconf 85' lang='lat' dir='ltr'><strong>Quia.</strong></span> <span class='ocrx_word' id='word_1_865' title='bbox 2859 5159 3001 5216; x_wconf 90' lang='lat' dir='ltr'><strong>sicut</strong></span> <span class='ocrx_word' id='word_1_866' title='bbox 3023 5167 3244 5215; x_wconf 87' lang='lat' dir='ltr'><strong>sanctus</strong></span> <span class='ocrx_word' id='word_1_867' title='bbox 3295 5159 3477 5230; x_wconf 82' lang='lat' dir='ltr'><strong>Augu-</strong></span> 
     </span>
    </p>
   </div>
   <div class='ocr_carea' id='block_1_112' title="bbox 1893 5249 3475 5325">
    <p class='ocr_par' dir='ltr' id='par_1_112' title="bbox 1893 5249 3475 5325">
     <span class='ocr_line' id='line_1_112' title="bbox 1893 5249 3475 5325; baseline -0.003 -15"><span class='ocrx_word' id='word_1_868' title='bbox 1893 5253 2069 5310; x_wconf 88' lang='lat' dir='ltr'><strong>stinus</strong></span> <span class='ocrx_word' id='word_1_869' title='bbox 2093 5254 2225 5310; x_wconf 90' lang='lat' dir='ltr'><strong>dicit</strong></span> <span class='ocrx_word' id='word_1_870' title='bbox 2253 5268 2527 5325; x_wconf 83' lang='lat' dir='ltr'><strong>exponens</strong></span> <span class='ocrx_word' id='word_1_871' title='bbox 2575 5253 2896 5307; x_wconf 88' lang='lat' dir='ltr'><strong>sententiam</strong></span> <span class='ocrx_word' id='word_1_872' title='bbox 2933 5249 3197 5319; x_wconf 85' lang='lat' dir='ltr'><strong>Apostoli,</strong></span> <span class='ocrx_word' id='word_1_873' title='bbox 3253 5261 3475 5322; x_wconf 78' lang='lat' dir='ltr'><strong>peccata</strong></span> 
     </span>
    </p>
   </div>
   <div class='ocr_carea' id='block_1_113' title="bbox 1893 5341 3470 5416">
    <p class='ocr_par' dir='ltr' id='par_1_113' title="bbox 1893 5341 3470 5416">
     <span class='ocr_line' id='line_1_113' title="bbox 1893 5341 3470 5416; baseline -0.003 -15"><span class='ocrx_word' id='word_1_874' title='bbox 1893 5345 2006 5401; x_wconf 90' lang='lat' dir='ltr'><strong>sive</strong></span> <span class='ocrx_word' id='word_1_875' title='bbox 2027 5361 2192 5416; x_wconf 89' lang='lat' dir='ltr'><strong>parva</strong></span> <span class='ocrx_word' id='word_1_876' title='bbox 2223 5345 2338 5401; x_wconf 88' lang='lat' dir='ltr'><strong>sive</strong></span> <span class='ocrx_word' id='word_1_877' title='bbox 2364 5358 2555 5415; x_wconf 85' lang='lat' dir='ltr'><strong>magna</strong></span> <span class='ocrx_word' id='word_1_878' title='bbox 2582 5341 2843 5412; x_wconf 91' lang='lat' dir='ltr'><strong>impunita</strong></span> <span class='ocrx_word' id='word_1_879' title='bbox 2889 5355 3011 5397; x_wconf 85' lang='lat' dir='ltr'><strong>esse</strong></span> <span class='ocrx_word' id='word_1_880' title='bbox 3047 5354 3154 5395; x_wconf 90' lang='lat' dir='ltr'><strong>non</strong></span> <span class='ocrx_word' id='word_1_881' title='bbox 3200 5349 3470 5411; x_wconf 88' lang='lat' dir='ltr'><strong>possunt:</strong></span> 
     </span>
    </p>
   </div>
   <div class='ocr_carea' id='block_1_114' title="bbox 1896 5433 3475 5509">
    <p class='ocr_par' dir='ltr' id='par_1_114' title="bbox 1896 5433 3475 5509">
     <span class='ocr_line' id='line_1_114' title="bbox 1896 5433 3475 5509; baseline -0.002 -16"><span class='ocrx_word' id='word_1_882' title='bbox 1896 5438 2022 5509; x_wconf 87' lang='lat' dir='ltr'><strong>quia</strong></span> <span class='ocrx_word' id='word_1_883' title='bbox 2048 5447 2144 5493; x_wconf 91' lang='lat' dir='ltr'><strong>aut</strong></span> <span class='ocrx_word' id='word_1_884' title='bbox 2167 5436 2236 5492; x_wconf 90' lang='lat' dir='ltr'><strong>ab</strong></span> <span class='ocrx_word' id='word_1_885' title='bbox 2255 5435 2475 5492; x_wconf 89' lang='lat' dir='ltr'><strong>homine</strong></span> <span class='ocrx_word' id='word_1_886' title='bbox 2500 5433 2816 5506; x_wconf 74' lang='lat' dir='ltr'><strong>pmnitente,</strong></span> <span class='ocrx_word' id='word_1_887' title='bbox 2866 5444 2960 5490; x_wconf 92' lang='lat' dir='ltr'><strong>aut</strong></span> <span class='ocrx_word' id='word_1_888' title='bbox 2983 5451 3010 5490; x_wconf 88' lang='lat' dir='ltr'><strong>a</strong></span> <span class='ocrx_word' id='word_1_889' title='bbox 3045 5433 3157 5490; x_wconf 82' lang='lat' dir='ltr'><strong>Deo</strong></span> <span class='ocrx_word' id='word_1_890' title='bbox 3195 5433 3475 5505; x_wconf 82' lang='lat' dir='ltr'><strong>judicante</strong></span> 
     </span>
    </p>
   </div>
   <div class='ocr_carea' id='block_1_115' title="bbox 1895 5524 3474 5600">
    <p class='ocr_par' dir='ltr' id='par_1_115' title="bbox 1895 5524 3474 5600">
     <span class='ocr_line' id='line_1_115' title="bbox 1895 5524 3474 5600; baseline -0.004 -15"><span class='ocrx_word' id='word_1_891' title='bbox 1895 5529 2244 5600; x_wconf 87' lang='lat' dir='ltr'><strong>plectuntur:</strong></span> <span class='ocrx_word' id='word_1_892' title='bbox 2271 5532 2450 5582; x_wconf 91' lang='lat' dir='ltr'><strong>cessat</strong></span> <span class='ocrx_word' id='word_1_893' title='bbox 2478 5533 2658 5580; x_wconf 90' lang='lat' dir='ltr'><strong>autem</strong></span> <span class='ocrx_word' id='word_1_894' title='bbox 2689 5525 2924 5580; x_wconf 88' lang='lat' dir='ltr'><strong>vindicta</strong></span> <span class='ocrx_word' id='word_1_895' title='bbox 2950 5525 3152 5590; x_wconf 88' lang='lat' dir='ltr'><strong>divina,</strong></span> <span class='ocrx_word' id='word_1_896' title='bbox 3181 5524 3227 5580; x_wconf 91' lang='lat' dir='ltr'><strong>si</strong></span> <span class='ocrx_word' id='word_1_897' title='bbox 3248 5538 3474 5580; x_wconf 81' lang='lat' dir='ltr'><strong>conver-</strong></span> 
     </span>
    </p>
   </div>
   <div class='ocr_carea' id='block_1_116' title="bbox 1895 5615 3472 5690">
    <p class='ocr_par' dir='ltr' id='par_1_116' title="bbox 1895 5615 3472 5690">
     <span class='ocr_line' id='line_1_116' title="bbox 1895 5615 3472 5690; baseline -0.003 -15"><span class='ocrx_word' id='word_1_898' title='bbox 1895 5621 1976 5676; x_wconf 92' lang='lat' dir='ltr'><strong>sio</strong></span> <span class='ocrx_word' id='word_1_899' title='bbox 2002 5628 2298 5690; x_wconf 68' lang='lat' dir='ltr'><strong>przecurrat</strong></span> <span class='ocrx_word' id='word_1_900' title='bbox 2323 5617 2581 5673; x_wconf 89' lang='lat' dir='ltr'><strong>humana.</strong></span> <span class='ocrx_word' id='word_1_901' title='bbox 2609 5615 2769 5672; x_wconf 84' lang='lat' dir='ltr'><strong>Amat</strong></span> <span class='ocrx_word' id='word_1_902' title='bbox 2799 5617 2940 5673; x_wconf 88' lang='lat' dir='ltr'><strong>Deus</strong></span> <span class='ocrx_word' id='word_1_903' title='bbox 2987 5616 3371 5688; x_wconf 62' lang='lat' dir='ltr'><strong>paenitentibus</strong></span> <span class='ocrx_word' id='word_1_904' title='bbox 3416 5623 3472 5671; x_wconf 88' lang='lat' dir='ltr'><strong>et</strong></span> 
     </span>
    </p>
   </div>
   <div class='ocr_carea' id='block_1_117' title="bbox 1893 5707 3465 5781">
    <p class='ocr_par' dir='ltr' id='par_1_117' title="bbox 1893 5707 3465 5781">
     <span class='ocr_line' id='line_1_117' title="bbox 1893 5707 3465 5781; baseline -0.002 -15"><span class='ocrx_word' id='word_1_905' title='bbox 1893 5710 2272 5766; x_wconf 83' lang='lat' dir='ltr'><strong>confitentibus</strong></span> <span class='ocrx_word' id='word_1_906' title='bbox 2299 5724 2544 5781; x_wconf 85' lang='lat' dir='ltr'><strong>parcere,</strong></span> <span class='ocrx_word' id='word_1_907' title='bbox 2568 5718 2624 5765; x_wconf 91' lang='lat' dir='ltr'><strong>et</strong></span> <span class='ocrx_word' id='word_1_908' title='bbox 2647 5723 2708 5764; x_wconf 89' lang='lat' dir='ltr'><strong>se</strong></span> <span class='ocrx_word' id='word_1_909' title='bbox 2725 5707 3030 5776; x_wconf 80' lang='lat' dir='ltr'><strong>iudicantes</strong></span> <span class='ocrx_word' id='word_1_910' title='bbox 3059 5725 3165 5765; x_wconf 88' lang='lat' dir='ltr'><strong>non</strong></span> <span class='ocrx_word' id='word_1_911' title='bbox 3199 5707 3465 5778; x_wconf 84' lang='lat' dir='ltr'><strong>judicare.</strong></span> 
     </span>
    </p>
   </div>
   <div class='ocr_carea' id='block_1_118' title="bbox 1891 5799 3474 5875">
    <p class='ocr_par' dir='ltr' id='par_1_118' title="bbox 1891 5799 3474 5875">
     <span class='ocr_line' id='line_1_118' title="bbox 1891 5799 3474 5875; baseline -0.003 -15"><span class='ocrx_word' id='word_1_912' title='bbox 1891 5803 1959 5860; x_wconf 89' lang='lat' dir='ltr'><strong>Et</strong></span> <span class='ocrx_word' id='word_1_913' title='bbox 1983 5809 2107 5875; x_wconf 89' lang='lat' dir='ltr'><strong>post</strong></span> <span class='ocrx_word' id='word_1_914' title='bbox 2123 5799 2413 5873; x_wconf 81' lang='lat' dir='ltr'><strong>jejunium,</strong></span> <span class='ocrx_word' id='word_1_915' title='bbox 2443 5807 2500 5859; x_wconf 89' lang='lat' dir='ltr'><strong>et</strong></span> <span class='ocrx_word' id='word_1_916' title='bbox 2525 5801 2717 5873; x_wconf 80' lang='lat' dir='ltr'><strong>dignos</strong></span> <span class='ocrx_word' id='word_1_917' title='bbox 2758 5800 3090 5872; x_wconf 70' lang='lat' dir='ltr'><strong>pmniteutia:</strong></span> <span class='ocrx_word' id='word_1_918' title='bbox 3137 5799 3364 5866; x_wconf 87' lang='lat' dir='ltr'><strong>fructus,</strong></span> <span class='ocrx_word' id='word_1_919' title='bbox 3412 5805 3474 5856; x_wconf 76' lang='lat' dir='ltr'><strong>et</strong></span> 
     </span>
    </p>
   </div>
  </div>
