4010 6330
422 370 429 373 ⁷
523 367 663 426 1083

1386 366 1721 425 HINCMARI
1758 367 1975 427 RHEM.
2015 370 2341 430 AwRGﬂlEP.
2380 370 2746 431 OPUSCULA
2784 371 3013 428 VARIA.

3673 372 3817 433 ιωῑ

476 536 479 541 .
522 481 909 556 professionem
938 482 1082 554 quod
1103 480 1173 539 ab
1200 482 1323 540 istis
1355 481 1531 548 molis,
1589 485 1644 541 in
1676 486 1874 556 quibus
1925 484 2105 543 tracte-
2130 492 2181 553 Α
2207 488 2675 561 potest),soilicite
2699 487 2942 543 attendat
2958 498 3076 556 quae
3100 483 3157 541 S.
3176 484 3550 558 Gregoriusin
3565 492 3817 560 quadam

522 589 624 631 nos
655 573 860 631 versati
888 588 1099 641 sumus,
1129 588 1229 629 nos
1260 575 1334 630 de
1365 583 1567 631 caetero
1600 576 1874 632 abstinere
1907 578 2101 633 debea-

522 684 666 737 mus,
706 670 834 740 quia
878 668 1257 741 pmnitentiam
1300 683 1433 724 vere
1486 684 1648 741 agere
1694 678 1779 726 est
1815 671 2100 727 commissa

2205 580 2433 654 epistola
2451 596 2549 637 sua
2571 580 2702 637 dicit
2717 579 2830 651 (lib.
2848 595 2923 644 ιι,
2941 579 3089 649 epist.
3102 576 3173 633 45
3189 577 3423 650 Theoct.)
3444 598 3456 632 :
3483 600 3503 633 ‹
3527 579 3587 635 Si
3612 582 3717 651 qui
3736 597 3823 637 ve.

2205 688 2270 729 ro
2297 682 2441 739 sunt,
2459 674 2731 745 inquiens,
2751 673 2842 743 qui
2859 673 3047 728 dicunt
3067 672 3193 742 quia
3204 673 3522 744 compulsus
3534 675 3821 744 quispia—

522 760 795 832 plangere,
818 767 876 815 et
898 760 1095 814 iterum
1122 760 1422 832 plangenda
1455 762 1746 828 declinare,
1792 772 1998 818 mutata
2034 765 2104 819 in
2207 764 2548 829 necessitate,
2565 780 2610 820 Si
2626 761 3185 827 anathematizaverit,
3203 763 3575 817 anathematis
3590 764 3823 818 vinculo

525 860 706 906 mente
730 848 1065 919 malignitate
1093 849 1150 904 in
1180 851 1590 922 benignitatem,
1620 854 1950 924 accipiamus
1979 870 2107 911 cor-

526 953 628 1009 pus
661 948 717 994 et
742 940 1058 1010 sanguinem
1086 941 1287 996 Christi
1319 942 1373 997 in
1426 944 1800 1000 remissionem
1856 955 2109 1016 peccato-

524 1047 642 1086 rum
669 1038 998 1098 nostrorum,
1027 1039 1087 1086 ut
1112 1033 1254 1088 Deus
1280 1033 1336 1088 in
1366 1034 1520 1090 nobis
1559 1035 1786 1103 habitet,
1818 1045 1876 1092 et
1912 1052 2015 1094 nos
2054 1038 2111 1093 in

525 1121 636 1176 Deo
673 1138 689 1176 :
720 1130 990 1192 quatenus
1017 1137 1120 1179 nec
1144 1123 1458 1191 invisibiles,
1487 1140 1590 1181 nec
1613 1127 1853 1184 visibiles
1905 1129 2111 1186 inimici

526 1222 716 1269 contra
740 1229 841 1270 nos
862 1221 1192 1286 potestatem
1220 1217 1474 1273 habeant.
1508 1217 1641 1273 Nam
1687 1219 1865 1286 aliter,
1907 1237 2009 1278 nec
2030 1237 2116 1277 su-

525 1319 625 1374 per
650 1319 849 1375 pravos
870 1305 1211 1362 Christianos
1232 1307 1513 1374 virtutem,
1537 1324 1637 1366 nec
1655 1319 1845 1366 contra
1871 1326 2114 1382 paganos

528 1393 732 1450 habere
756 1397 1384 1464 poterimusvicteriam.
1436 1397 1625 1455 Nullus
1657 1409 1855 1457 autem
1898 1403 1966 1457 de
2010 1402 2117 1457 ini-

530 1488 797 1564 quitatum
838 1503 1057 1544 suarum
1089 1490 1429 1547 immanitate
1473 1492 1763 1563 desperet:
1797 1503 2007 1549 tantum
2047 1510 2117 1550 ex

534 1584 648 1632 toto
692 1580 855 1634 corde
901 1589 1253 1637 convertatur
1301 1585 1369 1638 ad
1418 1582 1723 1640 Dominum.
1790 1585 2118 1643 Veternosas

531 1685 764 1740 namque
792 1670 1151 1729 Ninivitarum
1182 1674 1368 1746 culpas
1394 1677 1645 1732 triduana
1660 1679 1977 1748 poenitentia
1995 1680 2118 1755 abs

535 1768 692 1845 tersit
731 1766 914 1841 (Joan.
958 1771 1033 1843 IV)
1078 1790 1091 1826 :
1123 1785 1179 1829 et
1204 1789 1500 1832 conversus
1538 1776 1678 1833 latro
1721 1779 1846 1833 vitae.
1893 1776 2157 1848 praemia:

2210 868 2318 910 non
2344 861 2578 919 tenetur,
2607 853 2706 924 ipsi
2731 852 2831 907 sibi
2852 860 3017 907 testes
3042 860 3169 906 sunt
3188 853 3312 921 quia
3346 851 3661 907 Christiani
3710 868 3821 907 non

2211 952 2357 1011 sunt,
2380 944 2503 1014 quia
2530 944 2819 1014 ligamenta
2842 950 3042 997 sancto:
3063 941 3322 997 Ecclesiae
3366 943 3529 998 vanis
3570 956 3638 998 se
3675 943 3825 997 asti-

2211 1039 2658 1099 mantconatibus
2685 1038 2911 1094 solvere.
2939 1036 3017 1091 Ac
3036 1050 3135 1106 per
3160 1036 3267 1092 hoc
3284 1051 3390 1091 nec
3402 1034 3825 1091 absolutionem

2213 1138 2416 1189 sancta:
2443 1128 2717 1192 Ecclesiae,
2752 1142 2913 1198 quam
2940 1133 3163 1196 prtestat
3193 1124 3465 1188 ﬁdelibus,
3490 1139 3696 1179 veram
3726 1140 3825 1195 pu-

2214 1232 2351 1291 tant,
2385 1224 2431 1279 si
2457 1223 2719 1295 ligaturas
2751 1219 2871 1290 eius
2910 1219 3093 1274 valere
3136 1233 3243 1273 non
3296 1214 3827 1272 restituant.Contra

2217 1331 2353 1387 quos
2387 1315 2479 1370 diu
2506 1312 2884 1383 disputandum
2912 1325 3019 1365 non
3063 1319 3168 1374 est,
3200 1309 3323 1378 quia
3374 1323 3478 1377 per
3503 1306 3702 1361 omnia
3742 1307 3831 1361 de-

2217 1406 2480 1477 spiciendi
2503 1415 2556 1459 et
2586 1400 3081 1458 anathematizandi
3099 1406 3258 1454 sunt:
3282 1407 3337 1453 et
3364 1398 3516 1452 unde
3540 1412 3607 1451 se
3640 1396 3831 1451 lallare

2218 1501 2504 1555 veritatem
2536 1497 2785 1560 credunt,
2819 1494 2942 1549 inde
2994 1494 3049 1548 in
3093 1491 3332 1561 peccatis
3379 1491 3501 1546 suis
3550 1489 3832 1544 veraciter

2218 1592 2474 1665 ligantur.
2510 1590 2688 1660 Siqui
2728 1597 2855 1646 sunt
2901 1588 3085 1658 igitur,
3114 1586 3205 1655 qui
3227 1585 3327 1641 sub
3387 1583 3625 1639 nomine
3677 1581 3832 1638 Chri—

2221 1686 2398 1742 stiano
2456 1686 2725 1754 ha:c,qua:
2753 1680 3123 1754 praediximus,
3149 1686 3238 1733 aut
3262 1678 3567 1748 prmdicare
3599 1675 3829 1739 audent,

2226 1786 2322 1833 aut
2350 1776 2499 1832 taciti
2517 1775 2656 1847 apud
2687 1774 2893 1845 seipsos
2942 1780 3148 1836 tenere,
3171 1769 3360 1841 procul
3408 1767 3584 1823 duhio
3642 1781 3739 1821 eos
3779 1774 3834 1820 et

533 1838 694 1916 etiam
731 1838 786 1915 in
814 1861 930 1931 ipsa
960 1838 1237 1919 sententia
1278 1879 1391 1921 suae.
1435 1867 1626 1925 mortis
1679 1838 1914 1924 emeruii
1967 1868 2121 1940 (Luc.
2153 1838 2199 1898 Β
2228 1888 2349 1945 ego,
2378 1880 2431 1926 et
2452 1838 2642 1926 omnes
2668 1838 2922 1924 catholici
2947 1838 3204 1936 episcopi,
3238 1871 3401 1931 atque
3429 1874 3703 1915 universa
3725 1858 3831 1912 Ec—

537 1950 720 2022 xxm).
780 1951 1049 2008 Mutemus
1079 1955 1244 2026 igitur
1271 1958 1434 2011 corda
1460 1997 1476 2024 ,
1511 1965 1567 2012 et
1594 1973 1984 2028 praesumamus
2026 1972 2126 2015 nos

538 2040 652 2111 iam
713 2046 1021 2115 percepisse
1054 2048 1202 2117 quod
1249 2050 1500 2118 petimus.
1556 2049 1730 2106 Citius
1786 2051 1853 2105 ad
1907 2065 2123 2121 precem

533 2135 699 2206 judex
722 2136 977 2205 ﬂectitur,
1003 2140 1048 2195 si
1079 2155 1108 2194 a
1137 2142 1405 2211 pravitate
1450 2158 1544 2197 sua
1568 2143 1769 2212 petitor
1796 2144 2123 2215 corrigatur.
2148 2178 2155 2185 ο

538 2231 615 2286 Ea
654 2247 887 2303 namque
910 2246 1032 2304 quae
1061 2234 1270 2304 ingrata
1306 2248 1430 2290 esse
1458 2235 1771 2290 hominibus
1797 2235 2119 2305 importuni-

541 2331 627 2378 tas
648 2322 802 2391 solet,
828 2324 1036 2393 judicio
1067 2327 1314 2381 veritatis
1337 2327 1512 2397 placet
1542 2346 1554 2381 :
1580 2327 1702 2397 quia
1735 2327 1857 2396 pius
1879 2344 1942 2382 ac
1966 2330 2128 2385 mise-

539 2416 714 2473 ricors
752 2416 894 2473 Deus
941 2418 1057 2473 vult
1103 2434 1132 2472 a
1180 2434 1239 2474 se
1295 2420 1508 2475 veniam
1543 2420 1707 2490 exigi,
1745 2421 1837 2489 qui
1864 2431 2123 2491 quantum

536 2520 814 2565 meremur
828 2523 933 2566 non
956 2511 1075 2565 ruit
1096 2512 1279 2567 irasci.
1310 2511 1447 2567 Hinc
1467 2513 1665 2567 etenim
1689 2528 1786 2583 per
1799 2512 2125 2585 Prophetam

542 2600 715 2659 dicit:
749 2601 943 2658 Invoco
968 2603 1126 2657 meiu
1153 2603 1237 2657 die
1264 2604 1615 2660 tribulationis
1650 2613 1774 2671 ture,
1807 2615 1855 2659 et
1909 2606 2128 2677 eripiam

544 2699 688 2757 te,e't
731 2692 1093 2763 magniﬁcabis
1131 2709 1214 2748 me
1259 2692 1432 2764 (Prol.
1464 2699 1633 2765 vaI).
1668 2695 1786 2767 ipse
1845 2711 1974 2767 ergo
2025 2696 2127 2752 sibi

542 2781 700 2838 testis
727 2790 812 2837 est
851 2783 941 2853 qui
1000 2784 1374 2841 invocantibus
1416 2787 1660 2841 misereri
1719 2788 2009 2855 desiderat,
2036 2788 2127 2858 qui

547 2870 803 2926 admonet
825 2880 885 2926 ut
910 2871 1216 2948 invocetur.
1234 2873 1456 2929 Etsicut
1483 2890 1582 2945 per
1610 2875 1773 2930 alium
1806 2878 2125 2945 prophetam

551 2965 844 3020 admonet:
877 2963 1124 3021 levemus
1165 2967 1324 3020 cordo
1389 2976 1566 3021 nostra
1618 2984 1736 3021 cum
1793 2968 2034 3022 manibus
2062 2968 2131 3022 ad

549 3052 717 3107 Deum
740 3054 957 3126 (Thren.
977 3056 1090 3128 tu).
1124 3057 1204 3112 Ad
1230 3059 1399 3113 Deum
1426 3059 1623 3128 quippe
1655 3059 1820 3113 corda
1851 3074 1974 3114 cum
2020 3074 2132 3114 ma-

548 3144 708 3201 nibus
733 3145 915 3202 levare
943 3156 1027 3202 est
1047 3149 1309 3204 orationis
1353 3149 1589 3204 studium
1610 3165 1732 3204 cum
1756 3152 1949 3207 merito
1971 3153 2126 3207 bonae

551 3237 890 3307 operationis
919 3239 1146 3310 erigere.
1178 3240 1279 3295 Dat
1310 3240 1578 3312 profecto,
1610 3242 1701 3297 dat
1732 3243 1912 3298 timori
1939 3252 2128 3300 nostro

551 3328 822 3396 Muciam,
853 3331 943 3401 qui
972 3346 1070 3402 per
1092 3334 1413 3404 prophetam
1444 3332 1643 3387 clamat
1673 3353 1685 3387 :
1723 3334 1864 3390 Noto
1913 3346 2133 3392 mortem

545 3422 853 3492 peccatoris,
882 3423 974 3478 sed
1001 3433 1062 3478 ut
1086 3434 1417 3479 convertatur
1438 3434 1487 3478 et
1508 3426 1638 3479 vivat
1658 3426 1889 3498 ((Eseeh.
1912 3429 2133 3501 sum).

552 3511 620 3568 Et
650 3525 815 3571 ~certa
863 3517 1128 3571 sententia
1171 3523 1276 3581 est,
1305 3515 1430 3586 quia
1459 3530 1595 3585 quos
1617 3516 1757 3573 Deus
1778 3518 1869 3574 diu
1918 3528 1979 3574 ut
2005 3534 2135 3575 con-

557 3615 842 3662 vertantur
860 3616 1158 3677 exspectat,
1183 3623 1286 3664 non
1324 3623 1618 3665 conversos
1655 3611 1845 3667 durius
1887 3612 2129 3666 damnat.

557 3696 627 3755 Et
666 3707 955 3771 postquam
1005 3699 1206 3766 taliter,
1235 3701 1375 3756 sicut
1414 3701 1787 3771 praediximus,
1813 3717 1845 3758 a
1898 3704 2136 3773 peccatis

556 3789 759 3848 nostris
790 3805 891 3848 nos
912 3800 971 3848 et
986 3794 1494 3859 vosmundabimus,
1522 3794 1590 3850 de
1619 3801 1819 3851 caetero
1836 3795 1905 3850 ab
1932 3795 2136 3852 eisdem

555 3889 610 3937 et
636 3882 712 3952 ab
740 3882 864 3939 aliis
902 3886 1141 3955 peccatis
1176 3899 1275 3942 nos
1321 3887 1719 3952 contineamus,
1746 3900 1816 3942 ne
1859 3887 2141 3958 contingat

557 3972 714 4043 nobis
734 3973 887 4041 illud,
905 3976 1275 4046 proverbium,
1304 3978 1448 4047 quod
1477 3976 1668 4034 beatus
1695 3977 1888 4034 Petrus
1923 3989 2140 4049 aposto-

560 4062 645 4119 lus
690 4064 759 4121 de
795 4065 1148 4123 redeuntibus
1193 4076 1317 4138 post
1347 4068 1724 4138 paenitentiam
1783 4068 1851 4124 ad
1915 4078 2140 4139 peccata

559 4155 693 4217 dicit
719 4175 734 4212 :
760 4154 923 4213 Canis
968 4173 1202 4214 reversus
1228 4160 1297 4214 ad
1318 4172 1470 4215 suum
1496 4161 1771 4225 seruitum,
1795 4170 1843 4215 et
1901 4177 1989 4216 sus
2036 4161 2142 4216 lota

565 4250 624 4304 in
646 4250 925 4307 volutabra
940 4251 1035 4307 luti
1060 4252 1147 4325 (11
1172 4252 1317 4308 Patr.
1340 4253 1425 4325 ιι).
1464 4253 1654 4323 Magna
1681 4262 1766 4309 est
1782 4253 1927 4309 enim
1950 4262 2143 4309 contra

563 4349 848 4412 peccatum
872 4343 1209 4415 poeniteutlm
1235 4344 1437 4411 virtus;
1471 4345 1566 4401 sed
1583 4346 1629 4401 si
1670 4346 1792 4416 quis
1842 4347 1898 4401 iu
1953 4346 2141 4401 eadem

561 4434 880 4503 poenitentia
910 4445 1242 4506 perseveret.
1276 4435 1410 4492 Nam
1441 4437 1703 4507 scriptum
1732 4448 1815 4494 est
1845 4458 1856 4494 :
1892 4439 1997 4507 Qui
2027 4455 2145 4511 per-

2230 1965 2395 2023 clesia
2427 1962 2976 2025 anathematizamus,
3008 1958 3133 2028 quia
3159 1955 3371 2011 veritati
3398 1953 3684 2009 contraria
3713 1965 3832 2007 sen~

2231 2056 2392 2121 tiunt,
2426 2062 2481 2110 et
2514 2052 2789 2108 contraria
2815 2051 3128 2120 loquuntur.
3153 2067 3171 2099 ›
3206 2045 3434 2100 interest
3458 2055 3645 2098 tamen
3666 2041 3834 2111 pluri-

2230 2165 2377 2205 mum
2405 2148 2544 2204 inter
2578 2162 2691 2211 eos,
2724 2145 2815 2216 qui
2847 2151 2967 2214 post
2993 2141 3373 2212 paenitentiam
3413 2146 3466 2193 et
3512 2136 3827 2207 professio-

2226 2255 2353 2295 nem
2387 2240 2452 2293 ad
2496 2238 2798 2293 criminalia
2846 2245 2899 2291 et
2939 2235 3149 2304 publica
3190 2240 3411 2303 peccata
3449 2230 3685 2284 redeunt
3732 2243 3828 2298 per

2233 2341 2625 2401 contemptum,
2653 2339 2707 2386 et
2736 2330 2786 2384 in
2818 2328 2899 2383 eis
2925 2340 3276 2397 perseverare
3317 2323 3571 2392 diligunt,
3605 2331 3663 2375 et
3692 2316 3828 2373 inter

2232 2438 2346 2488 eos,
2377 2424 2466 2493 qui
2495 2438 2593 2494 per
2620 2420 2968 2491 fragilitatem
3005 2419 3055 2472 in
3084 2416 3357 2489 praeterita
3387 2422 3618 2485 peccata
3650 2407 3822 2467 crimi-

2231 2515 2375 2569 nalia
2406 2514 2488 2569 vel
2508 2513 2720 2585 publica
2744 2510 3008 2577 recidunt,
3036 2517 3090 2564 et
3117 2509 3312 2563 iterum
3334 2505 3723 2577 paenitentiam
3743 2516 3824 2573 po-

2233 2615 2423 2663 scunt:
2447 2607 2573 2678 quia
2597 2605 2736 2660 sicut
2756 2611 2976 2659 sanctus
3003 2598 3333 2672 Augustinus
3355 2597 3491 2653 dicit
3516 2596 3693 2668 (epist.
3717 2592 3820 2671 54),

2233 2700 2288 2755 in
2321 2709 2527 2754 tantum
2560 2698 2839 2753 hominum
2864 2695 3123 2766 iniquitas
3144 2692 3432 2765 aliquando
3460 2686 3821 2762 progreditur,

2237 2800 2297 2845 ut
2322 2791 2484 2845 etiam
2511 2798 2631 2860 post
2657 2797 2831 2843 actam
2854 2787 3250 2858 paenitentiam,
3275 2792 3400 2856 post
3426 2781 3621 2837 altaris
3642 2795 3821 2836 recon-

2235 2880 2582 2946 ciliationem,
2620 2879 2703 2933 vel
2737 2877 2933 2933 similia
2970 2863 3051 2932 vel
3083 2875 3331 2947 graviora
3366 2871 3708 2929 committant
3732 2890 3746 2924 :
3774 2876 3825 2927 el

2238 2982 2418 3027 tamen
2442 2971 2584 3027 Deus
2610 2970 2741 3026 facit
2765 2971 2931 3026 etiam
2956 2984 3116 3039 super
3139 2968 3276 3023 tales
3297 2966 3432 3022 oriri
3455 2965 3622 3021 solem
3646 2977 3824 3042 suum,

2237 3080 2337 3120 nec
2386 3064 2563 3118 minus
2597 3061 2783 3117 tribuit
2842 3077 3001 3131 quam
3032 3064 3157 3114 ante
3193 3057 3486 3120 tribuebat,
3526 3054 3829 3127 largissima

2240 3170 2464 3210 munera
2493 3154 2614 3208 vitm
2638 3170 2700 3209 ac
2729 3152 2937 3208 salutis.
2962 3151 3029 3206 Et
3056 3150 3306 3222 quamvis
3332 3149 3388 3203 in
3413 3145 3653 3203 Ecclesia
3672 3144 3829 3199 locus

2240 3248 2554 3303 humillima:
2596 3246 2928 3319 poenitentizn
2960 3260 3066 3299 non
3096 3244 3445 3305 concedatur,
3477 3240 3617 3295 Deus
3643 3247 3828 3291 tanien

2238 3355 2401 3411 super
2423 3356 2517 3395 eos
2551 3355 2662 3395 sua:
2687 3337 3023 3410 poenitentia:
3053 3350 3156 3390 non
3180 3332 3538 3389 obliviscitur.
3570 3328 3829 3398 Quamvis

2237 3447 2367 3504 ergo
2395 3440 2552 3486 caute
2581 3430 2975 3499 salubriterque
3001 3426 3276 3497 provisum
3304 3424 3396 3489 sit,
3424 3432 3483 3477 ut
3512 3421 3667 3477 locus
3684 3420 3831 3475 illius

2238 3524 2552 3581 humillima:
2582 3521 2915 3594 poenitentia:
2942 3519 3110 3576 semel
3139 3519 3191 3573 in
3217 3515 3433 3572 ecclesia
3471 3513 3828 3579 concedatur,

2240 3632 2311 3672 ne
2358 3617 2623 3672 medicina
2670 3615 2794 3669 vilis
2838 3614 3017 3668 minus
3047 3612 3194 3666 utilis
3230 3617 3370 3665 esset
3415 3608 3664 3679 aegrotis,
3713 3618 3833 3677 qua

2240 3718 2392 3765 tanto
2421 3709 2593 3779 magis
2618 3705 2850 3763 salubris
2877 3712 2979 3770 est,
3019 3712 3222 3775 quanto
3253 3702 3432 3755 minus
3455 3695 3833 3767 contemptibi-

2240 3799 2326 3855 lis
2355 3799 2557 3854 fuerit:
2589 3799 2711 3868 quis
2760 3802 2938 3851 tamen
2982 3795 3181 3849 audeat
3228 3792 3338 3847 Deo
3378 3791 3559 3846 dicere
3591 3807 3607 3845 :
3647 3786 3834 3855 Quare

2246 3890 2375 3946 buic
2404 3890 2631 3955 homini,
2665 3889 2757 3960 qui
2780 3897 2902 3959 post
2924 3886 3153 3959 primam
3202 3882 3580 3956 paenitentiam
3626 3891 3827 3935 rursus

2247 3998 2306 4038 se
2334 3983 2542 4053 laqueis
2570 3980 2873 4055 iniquitatis
2888 3977 3232 4050 constringit,
3261 3976 3443 4031 adhuc
3466 3975 3659 4030 iterum
3703 3986 3835 4043 par-

2245 4075 2368 4130 cis?
2398 4074 2530 4141 Quis
2563 4070 2758 4128 audca’t
2788 4071 2971 4127 dicere
3030 4084 3158 4140 erga
3211 4069 3343 4125 istos
3398 4083 3510 4123 non
3551 4064 3635 4137 agi
3686 4061 3834 4134 quod

2247 4162 2539 4234 Apostolus
2586 4164 2661 4218 ait
2694 4182 2707 4221 :
2738 4162 2963 4235 Ignoras
2980 4162 3104 4233 quia
3147 4161 3400 4235 patientia
3433 4155 3528 4213 Dei
3552 4156 3623 4209 ad
3669 4153 3838 4226 pitui-

2247 4259 2461 4314 tentiam
2490 4269 2538 4313 te
2577 4257 2789 4312 adducit
2817 4252 2992 4328 (Rom.
3016 4254 3113 4326 11)?
3138 4262 3231 4307 aut
3284 4252 3403 4307 istis
3432 4248 3667 4319 exceptis
3716 4250 3838 4301 esse

2249 4346 2534 4403 dililuitum
2570 4349 2711 4419 quod
2757 4346 3017 4418 scriptum
3049 4351 3170 4400 est:
3206 4341 3359 4396 Beati
3398 4355 3576 4396 omnes
3601 4336 3689 4408 qui
3718 4350 3837 4390 con-

2249 4442 2419 4512 ﬁdunt
2450 4442 2505 4497 in
2531 4457 2648 4497 eum
2680 4434 2854 4511 (Psal.
2884 4439 2970 4506 u)?
2995 4447 3089 4493 aut
3129 4435 3193 4491 ad
3218 4435 3352 4491 istos
3392 4447 3500 4488 non
3564 4430 3837 4503 pertinere

562 4525 869 4578 aeuerauerit
893 4540 1056 4595 usque
1074 4526 1135 4579 in
1171 4524 1350 4593 linem,
1390 4528 1474 4581 hic
1493 4527 1667 4582 salvus
1697 4529 1795 4582 erit
1817 4528 2029 4600 (Matth.
2062 4529 2141 4601 χ).

2251 4535 2394 4606 quod
2418 4536 2654 4589 dicitur:
2696 4529 2933 4586 Viriliter
2972 4531 3132 4601 agite,
3178 4538 3226 4582 et
3254 4526 3582 4596 caufortetttr
3615 4537 3706 4576 cor
3732 4538 3836 4591 (ee-

566 4612 704 4667 lliac
728 4613 995 4684 scriptum
1022 4624 1145 4671 est:
1176 4615 1280 4682 Qui
1318 4617 1624 4687 baptizatur
1642 4636 1673 4674 α
1700 4630 1931 4687 mortuo,
1955 4630 2003 4675 et
2050 4622 2146 4676 ite»

565 4718 682 4757 rum
729 4704 897 4775 tangit
936 4716 1079 4772 eum,
1109 4707 1235 4778 quid
1278 4707 1487 4776 proﬁcit
1514 4709 1707 4765 lavatio
1737 4710 1881 4767 illius
1905 4711 1930 4766 ?
1955 4709 2142 4783 (chli.

566 4795 779 4865 δίκην.)
799 4795 1070 4854 Mortunm
1093 4800 1309 4871 quippe
1325 4808 1409 4856 est
1445 4816 1605 4858 omne
1626 4817 1766 4873 opus
1808 4818 2145 4876 perversum,

560 4890 706 4961 quod
726 4892 995 4961 pertrahit
1033 4893 1103 4948 ad
1134 4901 1385 4960 mortem,
1416 4895 1561 4964 quod
1609 4896 1719 4950 vita
1763 4894 1987 4966 iustitiae
2036 4908 2147 4950 non

560 4982 712 5039 vivit.
746 4981 1064 5056 Baptizatur
1082 4998 1220 5056 ergo
1255 4998 1286 5040 a
1343 4993 1576 5056 mortuo,
1613 4996 1669 5043 et
1722 4988 1920 5044 iterum
1974 4987 2147 5060 tangit

564 5090 713 5145 eum,
743 5079 836 5150 qui
872 5095 1036 5152 prava
1085 5078 1272 5153 opera,
1299 5086 1421 5152 dum
1449 5092 1509 5137 se
1556 5081 1735 5153 egisse
1765 5081 2031 5147 meminit,
2055 5080 2149 5137 de-

563 5169 774 5242 plorat;
800 5173 893 5229 sed
909 5173 1113 5231 eisdem
1135 5184 1195 5229 se
1220 5175 1416 5230 iterum
1439 5178 1565 5245 pust
1593 5173 1861 5245 lacrymas
1886 5173 2145 5245 implicat.

566 5262 777 5321 Anima:
802 5265 986 5338 itaque
1004 5264 1225 5324 cuilibet
1250 5265 1494 5339 ejusdem
1537 5267 1738 5322 mortui
1782 5265 1985 5322 lavatio
2034 5278 2147 5325 non

563 5360 800 5433 prolicit,
831 5363 924 5434 qui
951 5362 1058 5420 hoc
1084 5362 1284 5419 iterum
1341 5352 1592 5420 iaciendo
1645 5363 1790 5435 quod
1838 5360 2146 5435 planxerat,

565 5472 669 5514 nec
694 5473 793 5529 per
822 5456 1060 5515 lamenta
1089 5459 1418 5529 paenitentia:
1463 5472 1526 5514 ac
1575 5457 1952 5514 rectitudinem
1992 5459 2154 5530 justi-

566 5551 657 5607 tioe
684 5551 947 5624 exsurgit.
988 5549 1058 5607 Et
1078 5552 1384 5623 quicunque
1409 5560 1651 5624 tempore
1672 5552 2005 5624 poenitentia:
2028 5566 2155 5623 pro-

570 5639 757 5699 litetur
797 5642 865 5698 ad
901 5643 1133 5715 pristina
1166 5653 1386 5715 peccata
1420 5660 1600 5701 senon
1632 5645 1950 5710 rediturum,
1990 5645 2043 5700 id
2071 5654 2157 5701 est

567 5733 847 5807 prmterita
880 5744 1103 5804 peccata
1127 5736 1551 5790 anathematizat
1574 5734 1848 5807 (quoniam
1870 5735 2027 5791 aliter
2056 5749 2155 5791 nec

573 5814 606 5880 Δ
626 5819 745 5877 Deo
772 5818 1018 5893 solvitur,
1044 5834 1145 5882 nec
1160 5824 1477 5882 sacerdotali
1494 5825 1797 5882 ministerio
1814 5822 2155 5882 reconciliari
2180 5808 2185 5813 ’

2253 4630 2444 4694 atrum,
2472 4642 2648 4680 omnes
2675 4624 2766 4695 qui
2795 4622 3019 4694 speratis
3039 4621 3095 4676 in
3120 4619 3342 4674 Domino
3359 4614 3534 4690 (Prol.
3560 4611 3739 4684 xm)?

2376 4758 2507 4816 Vill.
2549 4757 2631 4813 Ad
2659 4773 2850 4830 regem,
2878 4765 2937 4812 ut
2964 4755 3126 4810 bonos
3157 4752 3345 4824 diligat
3380 4747 3736 4806 consiliarios.

2324 4894 2568 4951 Tandem
2613 4893 2847 4957 ad.vos,
2896 4888 3112 4946 domine
3152 4879 3832 4944 rex.diiedissimenolis,

2253 5002 2559 5045 sermonem
2604 4982 3006 5049 convertimus,
3058 4980 3185 5051 quia
3228 4982 3285 5033 et
3324 4976 3383 5032 in
3431 4974 3540 5031 isto
3564 4970 3837 5044 temporai

2251 5092 2420 5150 regno
2449 5093 2546 5132 vos
2575 5072 2884 5147 prosperari
2909 5072 3179 5143 cupimus,
3205 5078 3259 5125 et
3290 5075 3415 5139 post
3443 5065 3592 5122 istud
3620 5070 3836 5136 regem

2232 5171 2321 5240 .ad
2357 5180 2619 5227 aeternum
2652 5166 2940 5239 pervenire
2986 5163 3376 5221 desideramus.
3422 5157 3589 5214 Sient
3627 5153 3837 5225 quidam

2253 5272 2500 5321 nostrum
2549 5262 2617 5319 ab
2658 5261 2767 5318 illis
2795 5259 3004 5316 audivit
3048 5257 3143 5328 qui
3168 5253 3575 5319 interfuerunt,
3622 5246 3838 5307 Carolus

2258 5357 2483 5428 Magnus
2510 5358 2824 5428 imperator,
2852 5355 2943 5425 qui
2968 5364 3196 5425 regnum
3221 5346 3569 5406 Francorum
3596 5342 3841 5401 nobilitat|

2260 5450 2568 5522 ampliavit,
2616 5458 2671 5504 et
2716 5462 2816 5517 per
2852 5460 3030 5500 annos
3074 5441 3438 5514 quadraginta
3474 5450 3571 5495 se:
3620 5435 3841 5493 feliciter

2259 5543 2432 5609 rexit,
2481 5550 2535 5596 et
2562 5539 2828 5610 sapientia
2852 5546 2967 5593 tam
2994 5537 3048 5591 in
3066 5534 3280 5591 sanctis
3309 5531 3647 5604 Scripturis,
3687 5538 3840 5598 quam

2260 5646 2315 5693 et
2350 5637 2405 5692 in
2436 5634 2644 5707 legibus
2672 5631 3060 5689 ecclesiasticis
3089 5639 3144 5685 et
3170 5626 3445 5691 humanis,
3496 5639 3655 5697 reges
3675 5621 3840 5677 Frau-

2262 5739 2453 5787 corum
2478 5726 2772 5798 prmcessit,
2813 5723 2963 5778 nullo
2991 5730 3229 5792 unquam
3261 5728 3508 5788 tempore
3530 5717 3653 5771 sine
3680 5712 3841 5768 tribus

2263 5825 2330 5882 de
2358 5820 2775 5896 sapientioribus
2802 5827 2857 5876 et
2904 5814 3358 5874 eminentioribus
3382 5808 3712 5868 consiliariis
3731 5803 3842 5863 sui
