4010 6330
152 389 333 452 sesa-
1118 378 1182 392 "
1294 410 1297 413 ‹
1408 328 2208 440 maxumemaxumum
2342 376 2343 379 ‘
2602 364 2609 371 '
3295 356 3435 425 uss

153 527 289 572 esse
320 505 669 583 patiebsm:
697 504 796 564 sed
828 501 1076 560 vicissim
1112 501 1653 573 per-amussim,
1684 505 1763 553 ut
1783 502 1831 560 Α
1852 496 2007 551 stitio
2041 502 2099 549 et
2139 488 2437 583 judicium,
2478 500 2617 583 quae
2646 484 2806 556 quasi
3143 481 3307 559 apud
3324 497 3437 583 nos

153 608 248 664 eis
270 574 528 676 possibile
555 599 714 665 foret,
744 612 929 653 secum
964 595 1227 659 habebat,
1279 602 1334 650 et
1379 593 1446 648 ad
1488 591 1751 662 capitium
1855 594 2010 649 sunt,
2065 582 2423 646 reviviscunt,
2469 585 2525 634 et
2566 577 2824 632 virtutem
2853 575 3022 676 .nobis
3066 574 3209 632 Deus
3247 574 3439 632 reddat
3527 589 3535 597 '

151 664 293 752 lecti
337 691 422 748 sui
455 687 667 745 tabulas
694 664 820 743 cum
850 685 1076 756 graphio
1105 683 1372 748 habebat,
1410 688 1466 738 et
1493 695 1613 751 quae
1640 679 1757 735 sive
1852 685 2044 734 contra
2072 687 2345 744 paganos,
2395 669 2522 741 quia
2549 680 2721 737 usque
2748 665 2907 721 modo
2947 664 3059 734 jam
3103 674 3230 721 ante
3253 665 3439 736 plures

153 787 219 842 in
252 785 377 850 die,
403 782 521 839 sive
547 781 603 836 in
635 787 817 847 nocte,
868 778 936 857 de
966 776 1201 844 utilitate
1229 785 1430 837 sancite
1463 774 1751 839 Ecclesiae,
1857 788 2028 831 annos
2060 771 2243 827 locum
2271 769 2325 823 in
2355 767 2460 824 isto
2487 780 2657 837 regno
2688 761 2930 829 defensio
2965 775 3072 833 non
3101 761 3312 827 habuit,
3343 758 3439 818 sed

152 884 222 931 et
249 876 318 931 de
364 871 610 945 profectu
641 884 706 924 ac
751 852 1023 924 soliditate
1066 867 1219 938 regni
1265 864 1649 932 meditabatur,
1699 863 1753 921 in
1854 862 2153 943 redemptio
2179 870 2234 918 et
2263 861 2522 915 tributum
2553 873 2661 912 non
2684 855 2856 911 solum
2880 866 3144 923 pauperes
3170 852 3438 915 homines.

154 944 376 1022 eisdem
405 960 608 1018 tabulis
637 959 959 1025 adnotabat,
1008 966 1062 1013 et
1109 972 1231 1013 cum
1268 957 1472 1012 eisdem
1501 952 1758 1011 consilia-
1858 957 1951 1015 sed
1980 966 2035 1013 et
2059 953 2316 1011 ecclesias
2341 950 2614 1022 quondam
2649 948 2844 1002 divites
2867 960 2982 1015 1am
3028 950 3318 1000 evacuatas
3348 944 3444 998 ha.

154 1056 291 1123 riis,
319 1067 456 1125 quos
481 1066 663 1109 secum
689 1050 944 1117 habebat,
974 1049 1096 1105 inde
1119 1049 1392 1105 tractam
1412 1064 1434 1102 :
1460 1057 1518 1104 et
1540 1048 1758 1115 quando
1846 1051 2007 1107 beat,
2059 1049 2128 1103 Et
2171 1047 2293 1101 ideo
2324 1045 2534 1114 regium
2570 1054 2768 1096 nomen
2817 1037 2885 1092 ad
2917 1043 3133 1125 tamam;
3167 1043 3447 1125 coniuge-

156 1146 234 1202 ad
264 1119 523 1218 placitum
556 1158 713 1199 suum
740 1142 1011 1208 veniebat,
1037 1140 1218 1197 omnia
1244 1139 1514 1197 subtiliter
1528 1148 1773 1211 tractata

1903 1158 1990 1198 am
2039 1148 2095 1196 et
2132 1137 2198 1193 ad
2232 1145 2437 1193 tantam
2467 1131 2791 1187 brevitatem
2818 1125 3057 1189 devenit,
3090 1123 3231 1179 sicut
3261 1119 3447 1177 multis

156 1212 491 1309 plenitudini
541 1232 977 1290 consiliariorum
1042 1247 1264 1288 suorum
1317 1230 1675 1297 monstrabat,
1705 1236 1762 1285 et
1861 1241 1946 1289 est
1978 1214 2163 1286 notum
2190 1246 2203 1283 :
2232 1235 2289 1282 et
2315 1224 2457 1280 istud
2482 1235 2731 1294 regnum,
2776 1215 3049 1289 quondam
3079 1212 3258 1270 nobile
3286 1219 3449 1281 atque

159 1307 449 1386 communi
480 1322 709 1383 consilio
737 1324 830 1381 illa
856 1326 926 1381 ad
948 1318 1211 1381 meum
1237 1325 1536 1395 perducere
1562 1337 1761 1394 procu—
1864 1326 2127 1398 amplum,
2160 1322 2214 1377 in
2243 1321 2481 1390 seipsum
2513 1315 2746 1373 divisum
2773 1321 2860 1370 est
2887 1330 2903 1380 ;
2937 1320 2992 1367 at
3019 1310 3161 1367 sicut
3184 1307 3451 1398 Dominus

160 1422 348 1478 ﬂbil-
403 1420 472 1475 Ει
492 1419 541 1475 εί
573 1418 683 1485 me.
712 1417 919 1488 quisic
948 1417 1249 1488 Βέιῖἱθηθθῑ
1272 1416 1452 1482 fortis.
1482 1426 1540 1472 et
1565 1413 1761 1486 ampli-
1865 1396 1997 1475 dicit
2051 1432 2065 1469 :
2121 1413 2359 1483 Regnum
2429 1410 2485 1462 in
2560 1407 2783 1477 seipsum
2850 1403 3079 1458 diuisum
3128 1396 3454 1488 (iaculabitur

163 1513 365 1568 tudine
390 1511 546 1582 regni
573 1487 833 1580 locuples,
864 1517 920 1564 et
965 1487 1259 1563 multorum
1287 1520 1579 1578 regnorum
1606 1505 1761 1577 paci-
1869 1506 2086 1582 (Matth.
2118 1504 2217 1573 si),
2246 1503 2300 1557 id
2325 1506 2440 1567 est,
2467 1499 2535 1555 de
2560 1499 2707 1563 solo,
2737 1496 2986 1552 videlicet
3010 1493 3077 1549 de
3103 1498 3251 1547 terra
3272 1529 3287 1555 ,
3318 1487 3455 1582 labi-

161 1608 310 1665 ﬂeus
335 1578 665 1671 dominator,
688 1578 851 1675 agere
878 1602 1133 1658 studebat
1174 1601 1439 1674 (sequens
1467 1600 1766 1656 sententias
1869 1578 1978 1666 tur,
2006 1599 2060 1654 id
2088 1608 2192 1663 cst,
2220 1609 2284 1650 ac
2308 1590 2354 1649 si
2379 1594 2443 1647 de
2473 1591 2643 1663 glacie
2670 1588 2971 1644 lubricatur
2996 1601 3011 1651 ;
3054 1584 3130 1639 ita
3152 1590 3216 1636 ut
3244 1594 3352 1675 non
3379 1578 3455 1635 sit

165 1697 477 1768 Scriptus-te
501 1672 768 1751 dicentis:
800 1693 993 1750 Omnia
1020 1694 1106 1764 (ac
1128 1672 1222 1765 per
1247 1672 1546 1755 consilium,
1574 1701 1624 1747 et
1650 1698 1767 1762 post
1870 1694 2013 1766 quod
2048 1693 2100 1747 in
2149 1688 2396 1761 proximo
2440 1694 2555 1750 est,
2606 1682 2742 1748 nisi,
2789 1688 2851 1735 ut
2883 1680 2937 1735 in
2982 1675 3189 1748 psalmo
3233 1672 3453 1768 dicitur,

164 1763 375 1861 factum
400 1804 506 1845 non
529 1787 797 1860 pwsitebis
820 1763 1028 1855 lEccli.
1048 1763 1262 1858 uin];
1294 1794 1351 1842 et
1375 1802 1391 1841 :
1420 1785 1652 1839 Audiens
1674 1798 1765 1838 sa-
1788 1858 1823 1861 _
1872 1763 2117 1842 conversi
2151 1780 2448 1844 fuerimus;
2479 1774 2588 1845 jam
2618 1774 2878 1831 Dominus
2902 1768 3138 1861 gladium
3162 1779 3327 1859 suum
3368 1763 3455 1818 vi-

162 1852 321 1959 p'iens
348 1852 636 1956 sapientior
659 1883 777 1948 erit,
883 1880 1178 1952 intelligens
1204 1852 1562 1952 gubernacula
1588 1877 1760 1949 possi-
1787 1858 1838 1919 Β
1864 1876 2073 1939 bravit,
2108 1871 2333 1928 tetendit
2356 1877 2413 1925 et
2449 1866 2662 1938 paravit
2693 1863 2866 1928 illum,
2903 1869 2957 1917 el
2986 1860 3041 1959 in
3066 1873 3131 1913 eo
3153 1852 3284 1911 vasa

162 1944 315 2033 'debit
342 1944 528 2047 [Prom
559 1973 600 2046 ι]
627 1990 642 2041 ;
674 1983 731 2029 et
751 1944 773 2028 ε⁷
802 1971 904 2028 Ubi
929 1988 1036 2027 non
1054 1944 1137 2028 2m
1166 1944 1502 2044 gubernator,
1540 1944 1767 2041 populus
1872 1970 1941 2025 tis
1965 1960 2335 2039 efl‘ecit(Psal.
2362 1961 2483 2032 vn).
2515 1959 2725 2014 Timete
2767 1950 3091 2047 sententiam
3120 1961 3283 2019 quam
3310 1944 3461 2000 Scri‘

166 2044 387 2129 corruet
409 2085 430 2122 :
455 2044 599 2125 salus
627 2078 824 2135 autem,
855 2068 945 2123 ubi
975 2067 1140 2122 multa
1167 2064 1390 2122 consilia
1407 2062 1763 2138 [Prou.x1]):
1868 2073 2026 2134 plura
2055 2060 2185 2117 dicit
2218 2068 2338 2128 quae
2374 2068 2481 2111 non
2529 2050 2828 2106 mentitur:
2872 2044 2962 2100 Vw
2993 2052 3146 2138 terra:
3173 2054 3330 2138 cujus

163 2163 310 2235 quid
329 2161 486 2217 vobis
513 2161 586 2217 sit
610 2124 874 2231 agendum
902 2158 1185 2226 attendite,
1208 2158 1298 2229 qui
1329 2124 1506 2212 adhuc
1529 2156 1583 2211 in
1609 2124 1769 2211 aetate
1863 2124 2072 2223 iuvenis
2083 2158 2178 2212 est,
2199 2124 2251 2202 et
2270 2146 2422 2216 cujus
2434 2142 2691 2216 principes
2704 2154 2856 2193 mane
2875 2134 3148 2235 comedunt
3166 2127 3367 2235 (Eccle.
3377 2124 3459 2235 ι).

164 2224 471 2309 immatura
498 2224 739 2317 estis,_et
767 2258 947 2306 tantos
972 2224 1392 2320 comparticipes
1416 2256 1577 2318 atque
1602 2260 1769 2301 :emu-
1872 2245 1938 2300 Et
1981 2240 2275 2306 attendite,
2322 2238 2451 2308 quia
2486 2248 2595 2290 non
2637 2236 2935 2289 detestatur
2982 2224 3265 2320 Scriptura
3305 2227 3467 2276 :etato

166 2345 260 2401 los
285 2343 344 2398 in
370 2344 474 2399 ista
494 2315 758 2414 particula
787 2342 938 2415 regni
968 2315 1200 2409 habetis,
1226 2315 1309 2397 uti
1339 2315 1561 2397 nomine
1591 2339 1770 2410 potius
1867 2320 2142 2407 juvenem,
2179 2332 2272 2388 sed
2303 2329 2547 2385 moribus
2567 2367 2583 2394 ,
2614 2332 2670 2382 et
2691 2326 2802 2380 vita
2822 2364 2837 2389 ,
2867 2330 3029 2392 atque
3053 2315 3318 2415 stultitia,

167 2450 342 2507 quam
368 2402 570 2491 virtute
599 2402 878 2507 regnetisf
912 2402 1232 2502 Quaesumus
1281 2447 1405 2489 cum
1459 2402 1689 2488 consilio
1718 2438 1773 2485 et
1867 2402 2019 2484 nulla
2069 2423 2282 2482 consilii
2348 2421 2615 2493 gravitate
2672 2417 3068 2488 deprimuntur.
3136 2407 3290 2507 Quod
3339 2402 3469 2507 alibi

168 2496 385 2583 auxilio
428 2496 693 2582 ﬁdelium.
720 2496 1058 2592 vestrorum,
1123 2525 1306 2597 eligite
1350 2524 1444 2595 qui
1492 2523 1774 2579 vobiscum
1876 2529 2093 2597 sanctae
2153 2515 2449 2585 Scriptura:
2499 2510 2781 2569 sententiae
2836 2508 3140 2562 monstrant
3192 2496 3467 2554 dicendo:

168 2632 279 2690 per
325 2617 567 2690 singulos
615 2632 832 2673 menses
879 2618 945 2672 de
988 2596 1220 2687 utroque
1261 2616 1454 2672 ordine
1476 2613 1774 2671 consiliarii
1893 2612 2147 2668 Senectus
2176 2603 2483 2662 venerabilis
2508 2611 2608 2669 est,
2636 2616 2740 2655 non
2761 2597 3036 2660 diuturna,
3065 2596 3469 2690 nequc-numero

172 2716 461 2775 maneant,
514 2710 713 2779 quibus
739 2722 923 2763 aurem
951 2717 1006 2761 et
1030 2709 1211 2763 cordis
1251 2712 1305 2763 et
1332 2708 1576 2777 corporis
1604 2706 1778 2761 liben-
1880 2714 2140 2757 annorum
2168 2703 2485 2767 computata.
2513 2691 2647 2748 Cani
2673 2699 2793 2745 sunt
2816 2697 2990 2743 autem
3018 2699 3198 2739 sensus
3221 2678 3469 2779 liontinis,

176 2807 264 2854 ter
293 2772 747 2865 accomni—odetis,
799 2798 1002 2868 quique
1028 2813 1126 2853 vos
1156 2807 1210 2853 et
1235 2798 1406 2853 Deum
1431 2772 1632 2853 timere
1656 2838 1671 2863 ,
1722 2805 1778 2852 et
1878 2806 1926 2850 et
1958 2804 2084 2849 tetas
2112 2789 2389 2846 senectutis
2416 2788 2519 2842 vita
2549 2782 2889 2840 immaculata
2916 2777 3066 2851 (δίῳ.
3098 2776 3194 2843 tv).
3226 2772 3365 2828 Hinc

174 2897 428 2946 sanctam
458 2887 757 2942 Ecclesiam
809 2864 873 2942 ac
912 2864 1156 2944 rectores
1204 2887 1321 2957 ejus
1371 2887 1667 2943 secundum
1693 2901 1778 2943 sa-
1881 2903 2027 2959 ergo,
2057 2886 2200 2958 quod
2223 2883 2290 2939 ad
2320 2881 2541 2955 Moysen
2568 2879 2830 2935 Dominus
2854 2874 3023 2930 dicit:
3049 2869 3318 2941 Congrega
3341 2864 3475 2959 mihi

176 2992 307 3036 cras
332 2979 479 3050 leges
522 2979 753 3035 doceant
789 2979 1092 3046 honorare;
1142 2988 1199 3035 et
1233 2952 1471 3051 regnum
1503 2995 1566 3035 ac
1595 2978 1780 3035 ﬁdeles
1881 2952 2212 3052 septuaginta
2240 2978 2378 3033 viros
2409 2952 2474 3029 de
2502 2971 2793 3029 senioribus
2822 2964 3028 3032 Israel,
3082 2978 3211 3035 quos
3257 2969 3315 3014 tu
3339 2952 3475 3013 nosti

182 3078 395 3127 vestros
424 3071 725 3127 secundum
752 3071 1086 3128 voluntatem
1120 3072 1331 3128 Domini
1368 3073 1694 3144 gubernare,
1726 3078 1782 3127 et
1881 3072 2020 3145 quod
2056 3055 2202 3126 senes
2247 3067 2427 3143 populi
2475 3066 2578 3122 sint
2628 3063 2833 3136 (Num.
2870 3058 2981 3125 si).
3027 3056 3086 3112 in
3126 3054 3321 3127 quibus
3365 3062 3477 3145 non

180 3171 418 3221 vestram
464 3164 716 3232 domum,
765 3166 908 3221 sicut
952 3173 1195 3236 tempore
1225 3142 1635 3222 antecessorum
1686 3178 1778 3220 ve-
1824 3233 1853 3237 _
1887 3142 2029 3223 aliud
2063 3142 2524 3237 quamsenectus
2567 3157 2767 3213 mentis
2800 3152 3112 3225 requiritur,
3161 3161 3285 3204 cum
3343 3142 3481 3200 tales

181 3266 423 3315 strorum
451 3256 574 3324 fuit,
598 3259 816 3330 quando
838 3259 977 3315 bene
1000 3233 1120 3326 fuit,
1152 3259 1302 3315 illam
1322 3259 1476 3317 vobis
1504 3258 1782 3315 insinuent
1809 3233 1855 3296 δ
1881 3233 2146 3330 jubentiir
2171 3255 2296 3328 eligi
2326 3255 2419 3326 qui
2471 3266 2631 3309 senes
2658 3248 2927 3305 sciuntur.
2966 3242 3025 3300 Si
3053 3241 3199 3297 enim
3226 3234 3479 3293 senectus

181 3348 461 3418 ordinare,
489 3366 560 3407 ne
580 3365 679 3408 vos
705 3350 832 3408 illuc
852 3351 1045 3407 'trahat
1074 3353 1396 3415 necessitas,
1447 3367 1555 3422 quo
1586 3352 1783 3420 ducere
1890 3352 1943 3407 in
1987 3349 2068 3405 eis
2094 3346 2338 3417 corporis
2369 3352 2723 3415 quaereretur,
2762 3354 2793 3393 a
2830 3336 2999 3392 tantis
3029 3331 3158 3393 sciri
3190 3330 3479 3422 poterant,

183 3452 298 3497 non
325 3440 485 3498 debet
513 3441 782 3499 voluntas.
813 3441 1094 3510 Quatenus
1112 3414 1596 3500 Ecclesizein-isto
1614 3454 1784 3513 regno
1890 3458 1921 3498 a
1965 3414 2207 3514 quantis
2228 3414 2423 3495 videri.
2473 3435 2611 3492 Dum
2641 3446 2773 3489 vero
2804 3428 3003 3486 dicitur
3022 3466 3037 3493 ,
3080 3436 3219 3514 quos
3248 3430 3305 3475 tu
3342 3414 3482 3471 nosti

183 3549 290 3608 per
313 3534 735 3592 occasionabiles
765 3536 1031 3604 circadas,
1065 3546 1120 3593 et
1144 3550 1242 3608 per
1269 3535 1534 3592 indebitus
1563 3548 1787 3591 consue-
1856 3520 1863 3526 ’
1889 3536 2030 3609 quod
2058 3548 2203 3590 senes
2230 3528 2409 3605 populi
2439 3528 2564 3594 sint,
2600 3523 2849 3598 profeclo
2876 3520 3046 3590 Ιίιῐυθί
3071 3513 3200 3609 Qui“
3228 3514 3484 3609 “cf”???

186 3600 491 3684 iudinarias
516 3627 852 3693 exactiones,
883 3600 1269 3699 qumytemporc
1301 3626 1539 3697 Pippini,
1573 3622 1785 3691 Caroli,

1901 3600 2112 3694 mentis,
2157 3600 2265 3682 non
2296 3600 2543 3694 corporis
2588 3616 2833 3690 eligenda
2869 3607 3235 3669 denuntiatur.
3268 3600 3484 3699 Tulit-stl-

190 3714 534 3776 etLuduvici
561 3733 670 3774 non
696 3686 939 3784 lueruni,
991 3720 1085 3775 sed
1124 3686 1654 3789 modernolcmpore
1681 3686 1787 3773 im;
1893 3686 2110 3791 quippe,
2159 3686 2411 3781 senum;
2444 3714 2585 3770 sicut
2642 3686 2925 3779 scriptura
2972 3704 3321 3791 demonstrat
3339 3686 3491 3767 ’(Ηΐ

187 3812 390 3883 positae
419 3809 666 3873 fuerunt,
717 3824 828 3863 non
864 3807 1208 3879 amigantur:
1238 3818 1293 3863 et
1342 3808 1494 3879 regni
1522 3787 1791 3878 primores
1894 3787 2042 3883 Ῐίεέξ
2070 3809 2195 3880 xn),
2246 3806 2533 3863 consilium
2581 3802 2822 3857 Roboam
2874 3798 3016 3853 illius
3044 3787 3354 3850 Salomonis
3396 3792 3489 3841 re:-

195 3918 324 3959 cum
352 3902 532 3959 debita
562 3901 856 3957 securitate
881 3914 946 3955 ac
971 3901 1177 3955 honore
1205 3914 1331 3971 erga
1368 3912 1464 3953 vos
1495 3898 1793 3953 consistere

196 3995 433 4069 possint,
479 4004 535 4051 et
560 3994 747 4051 caeteri
776 3992 987 4049 nobiles
1027 3992 1276 4048 homines
1303 3990 1356 4046 in
1387 4004 1553 4062 regno
1584 3988 1791 4046 securi-

198 4097 370 4145 tatem
401 4087 658 4153 habeant,
688 4100 882 4158 ne-per
910 4085 1124 4141 diversa
1155 4084 1366 4155 ingenia
1395 4099 1425 4139 a
1455 4083 1569 4139 suis
1597 4082 1794 4154 opibus

200 4192 341 4250 quas
380 4177 579 4233 habere
606 4176 882 4246 potuerint
930 4173 1307 4246 dispolientur.
1340 4170 1475 4241 Quia
1506 4180 1794 4244 postquam

203 4266 362 4323 radix
403 4267 644 4321 omnium
670 4266 937 4322 malorum
986 4264 1253 4336 cupiditas
1282 4264 1336 4318 in
1366 4278 1531 4333 regno
1558 4263 1791 4330 exarsit,

198 4366 263 4413 ut
290 4356 487 4423 nullus,
519 4365 613 4412 aut
634 4371 773 4427 pene
798 4357 998 4423 nullus,
1024 4357 1292 4412 honorem
1322 4364 1416 4410 aut
1441 4355 1657 4426 aliquod
1699 4355 1798 4410 bo-

199 4462 334 4507 num
378 4450 497 4506 sine
536 4450 716 4521 pretio
762 4460 947 4522 posset
981 4451 1270 4521 acquirere
1300 4457 1395 4504 aut
1435 4456 1650 4514 tenere,
1703 4454 1799 4501 aut

201 4540 554 4597 securitatem
603 4541 834 4609 habere,
887 4554 991 4613 pax
1043 4551 1097 4599 et
1145 4542 1430 4599 consilium
1459 4549 1513 4596 et
1546 4539 1791 4610 iustitia,

203 4641 371 4704 atque
392 4631 653 4705 judicium
679 4675 695 4701 ,
744 4635 883 4690 sicut
909 4650 1133 4690 necesse
1159 4634 1366 4701 fuerat,
1398 4633 1573 4688 locum
1607 4632 1660 4688 in
1690 4631 1796 4687 isto

203 4736 380 4796 regno
404 4738 513 4781 non
536 4725 867 4782 habuerunt.
897 4724 965 4780 Et
993 4725 1222 4796 satagite
1250 4735 1310 4780 ut
1360 4726 1479 4780 ista:
1505 4723 1710 4795 rapinae
1735 4736 1798 4778 ac

1896 3903 2071 3975 Spuit,
2123 3909 2178 3955 et
2222 3895 2533 3966 huiusmodi
2588 3893 2849 3962 iuvenum
2899 3886 3186 3945 consilium
3233 3886 3483 3945 secutus,

1897 3971 2188 4050 maximam
2219 3998 2431 4063 partem
2458 3984 2613 4057 regni
2637 3980 2850 4055 paterni
2884 3992 2980 4035 sua
3010 3971 3489 4063 negligentiaAper:

1898 4086 2051 4142 didit.
2102 4082 2200 4142 Cui
2222 4056 2507 4138 Dominus
2540 4056 2772 4147 propter
2819 4070 3011 4126 merita
3058 4063 3231 4120 David
3278 4060 3361 4115 avi
3399 4056 3487 4147 sui

1898 4191 2119 4250 parvam
2167 4174 2316 4245 regni
2360 4145 2683 4242 particulam
2734 4158 3049 4218 reservavit.
3103 4157 3179 4211 De
3228 4165 3296 4207 eo
3345 4145 3492 4220 quod

1900 4248 2163 4340 scriptum
2191 4273 2275 4320 est
2302 4281 2314 4318 :
2356 4258 2449 4316 Va:
2475 4273 2647 4323 terrm,
2681 4254 2834 4326 cujus
2862 4248 3119 4324 principes
3141 4258 3296 4299 mane
3326 4254 3492 4296 come-

1905 4336 2034 4416 dunt
2062 4356 2261 4432 (Eccle.
2280 4348 2360 4428 χ),
2385 4351 2576 4408 nonde
2601 4345 2931 4412 necessaria,
2958 4340 3052 4399 sed
3082 4338 3148 4396 de
3167 4336 3491 4432 voluptuosa

1901 4418 2241 4511 comestione
2318 4418 2465 4503 dicit
2544 4444 2865 4515 Scriptura,
2944 4437 3091 4493 sicut
3155 4418 3494 4489 demonstra!

1902 4545 2191 4618 Apostolus
2223 4541 2408 4597 dicens
2437 4556 2451 4594 :
2485 4535 2675 4593 Carnis
2705 4544 2887 4589 curam
2914 4538 2978 4586 ne
3006 4524 3231 4618 feceritis
3254 4522 3321 4578 in

1904 4609 2063 4694 deriis
2111 4635 2187 4692 vei
2218 4629 2647 4704 concupiscentiis
2680 4626 2867 4701 (Rom.
2898 4620 3054 4693 xm).
3112 4612 3261 4688 Quds
3284 4610 3432 4671 enim
3458 4609 3495 4668 Ξ

1911 4730 2039 4788 cura
2070 4730 2251 4786 carnis
2280 4728 2334 4782 in
2363 4721 2820 4796 concupiscentiis
2865 4716 3131 4781 rel‘renat,
3158 4713 3216 4769 in
3240 4711 3496 4796 necessa‘f

203 4791 633 4884 depraedationes
679 4815 736 4870 in
782 4815 888 4870 isto
924 4828 1091 4886 regno
1116 4791 1374 4882 vcessent,
1425 4822 1479 4870 et
1507 4791 1678 4869 miser
1703 4813 1795 4870 iste

1910 4823 2007 4879 riis
2036 4832 2253 4892 quoque
2280 4791 2555 4875 concedit:
2582 4814 2726 4869 Deus
2751 4810 3114 4883 omnipotens,
3156 4801 3249 4873 qui
3270 4812 3374 4871 per

204 4880 458 4975 llo—imm:
485 4905 580 4977 qui
598 4904 711 4976 iam
731 4918 831 4977 ρετ
853 4880 1035 4978 Ριυτέε
1055 4921 1227 4961 annos
1250 4880 1806 4976 ρθτήᾶερνωᾶειῖῑοπεε
1910 4915 2027 4970 haec
2053 4880 2298 4983 loquitur
2326 4909 2381 4965 in
2429 4907 2653 4965 auribus
2678 4880 2915 4970 vestris,
2943 4912 3044 4971 per
3072 4908 3133 4953 se
3158 4890 3414 4966 loquatur
3432 4880 3496 4947 ill

207 4994 455 5054 diversus
492 5005 547 5055 et
595 5000 1007 5065 continuas,‘et
1028 5010 1133 5069 per
1176 4999 1485 5055 exactiones
1511 4999 1577 5056 ad
1606 4997 1803 5056 North-
1910 5007 2165 5063 cordibus
2189 5001 2406 5062 vestris.

211 5090 443 5149 manus
470 5087 746 5164 aﬂigitur,
793 5090 1015 5165 aliquod
1053 5092 1353 5150 remedium
1382 5092 1602 5163 habeat,
1644 5092 1805 5164 etju-

1476 5362 2263 5404 ψ
