4010 6330
516 337 653 398 108³1
674 354 684 404 ζ

1368 337 1703 396 HINCMARI
1738 337 2314 414 RHEM.fABCHlEP.
2354 339 2723 398 OPUSCULA
2760 338 3010 425 VARlAe

3656 340 3796 397 1088

517 488 3774 517 W

2038 630 2248 710 XIV.

733 787 898 860 ρυλε
937 786 1240 860 EXSEQUI
1275 789 1546 847 DEBEAT
1582 789 1984 937 EPISCOPUSé
2022 743 2523 938 E'gIBSIlACCURA
2560 789 2774 850 TUERI
2811 788 2948 848 RES
2981 788 3072 849 ET
3109 790 3576 852 FACULTATES

1297 881 1306 892 ’
1853 881 1939 938 EC
1987 881 2074 936 LE
2231 881 2296 936 Tl
2342 881 2448 937 AS.

1297 881 1306 892 ’
1853 881 2448 938 ECCLESIASTICAS.

1610 1014 1773 1080 (Apud
1797 1015 2059 1078 Sirmond.,
2084 1026 2153 1066 ex
2172 1013 2339 1066 codice
2363 1014 2706 1082 Yirdunensi.)

586 1275 712 1333 Haec
741 1275 1049 1347 specialiter
1067 1277 1288 1348 exsequi
1316 1278 1476 1334 debet
1501 1278 1785 1351 episcopus
1820 1279 1976 1350 juxta
2006 1295 2092 1334 sa-
2119 1284 2173 1343 Α
2197 1286 2400 1349 quanto
2426 1278 2590 1334 etiam
2631 1292 2731 1350 pro
2757 1277 2891 1349 ipsis
2939 1277 3158 1350 regibus
3193 1279 3479 1336 hominum
3526 1282 3589 1336 in
3621 1282 3800 1340 divino

517 1384 642 1426 cras
691 1369 922 1439 regulas.
992 1367 1182 1424 Missas
1233 1369 1476 1440 publicas
1527 1371 1826 1437 celebrare,
1883 1387 2097 1427 sacrum

517 1463 756 1518 chrisma
800 1462 1120 1532 regulaviter
1163 1477 1504 1528 consecrare,
1550 1472 1798 1518 sanctum
1830 1465 2098 1535 baptisma

509 1553 662 1624 juxta
695 1554 1035 1609 traditi0nem
1062 1555 1485 1611 ecclesiasticam
1514 1569 1696 1626 agerc,
1725 1567 1779 1612 et
1805 1565 1864 1610 ut
1905 1571 1936 1610 a
1981 1572 2102 1626 pre-

517 1648 752 1716 sbyteris
781 1657 972 1718 agatur
1007 1649 1312 1714 providere.
1350 1647 1704 1718 Presbyteros
1738 1657 1784 1703 et
1819 1648 2098 1713 diaconos,

517 1746 573 1794 et
602 1739 838 1808 reliquos
859 1739 1262 1793 ecclesiasticos
1296 1739 1593 1799 ministros,
1630 1739 1847 1793 statutis
1891 1747 2100 1809 tempo-

516 1833 687 1896 ribus,
721 1833 906 1902 quales
952 1834 1272 1905 praecipiunt
1304 1835 1522 1906 regulae,
1567 1835 1684 1891 sine
1724 1835 1884 1891 ullius
1915 1851 2102 1891 mune-

518 1924 596 1980 ris
654 1927 971 1996 acceptione
1032 1927 1308 1982 ordinare.
1369 1927 1616 1997 Synodos
1662 1929 2102 2000 presbyterorum

517 2017 810 2072 secundum
855 2032 1040 2072 sacros
1079 2033 1315 2072 canones
1361 2019 1478 2073 sine
1529 2019 1824 2074 venalitate
1879 2009 2098 2073 habere.

515 2104 598 2160 Ad
625 2105 1010 2174 provincialem
1032 2107 1411 2176 episcoporum
1442 2106 1732 2176 synodum,
1760 2116 1814 2162 et
1845 2107 1912 2161 ad
1952 2106 2101 2162 ordi—

516 2195 790 2250 nationem
835 2197 1094 2266 episcopi,
1141 2210 1366 2253 vocatus
1411 2202 1721 2263 convenire,
1770 2198 1856 2252 vel
1901 2213 2000 2267 pro
2046 2211 2104 2251 se

516 2287 894 2358 presbyterum
942 2297 1035 2342 aut
1077 2287 1379 2352 diaconem,
1428 2302 1550 2342 cum
1603 2286 1861 2342 tractoria
1910 2302 2104 2343 causas

519 2393 629 2433 sua:
669 2378 1123 2449 impossibilitatis
1170 2386 1494 2448 exponente,
1543 2377 1628 2432 vel
1691 2394 1813 2432 cum
1865 2378 2103 2450 regulari

517 2484 616 2525 suo
650 2485 914 2526 consensu
960 2471 1216 2542 dirigere.
1269 2470 1488 2527 Clerum
1540 2471 1862 2540 regulariter
1909 2473 2105 2543 guber-

519 2575 670 2627 nare,
702 2570 756 2617 et
777 2563 919 2617 sicut
957 2572 1178 2617 sanctus
1202 2561 1494 2634 Gregorius
1522 2564 1574 2616 in
1599 2563 1860 2633 pastorali
1894 2563 2098 2634 Regula

2203 1370 2466 1426 reddituri
2505 1378 2633 1425 sunt
2663 1369 2914 1426 examine
2947 1369 3232 1425 rationem.
3268 1388 3287 1421 ι
3328 1370 3396 1426 Et
3425 1380 3583 1427 tanto
3625 1374 3679 1428 in
3706 1376 3800 1430 bu-

2203 1463 2379 1518 mauis
2408 1461 2570 1517 rebus
2601 1475 2787 1532 regum
2829 1477 2961 1516 cura
3004 1469 3089 1516 est
3137 1464 3464 1532 propensior
3506 1481 3680 1535 quam
3718 1483 3800 1522 sa-

2203 1557 2524 1624 cerdotum,
2577 1567 2780 1626 quanto
2839 1571 2940 1627 pro
3010 1556 3220 1612 honore
3265 1567 3325 1611 et
3371 1557 3702 1614 defensione
3740 1575 3799 1616 ac

2203 1650 2384 1719 quiete
2418 1658 2622 1704 sanctae
2657 1647 2934 1714 Ecclesiae,
2983 1656 3037 1702 et
3085 1657 3358 1704 rectorum
3405 1664 3475 1704 ac
3523 1650 3798 1705 ministro-

2203 1754 2322 1793 rum
2353 1740 2544 1810 ipsius,
2575 1748 2630 1794 et
2677 1739 2822 1810 leges
2866 1739 3280 1810 promulgamlo,
3326 1756 3391 1796 ac
3421 1741 3737 1806 militando,
3768 1757 3798 1797 a

2203 1829 2351 1901 Rege
2379 1847 2563 1902 regum
2591 1841 2676 1885 est
2699 1832 2779 1885 eis
2801 1845 2946 1884 curm
2969 1845 3107 1884 onus
3142 1831 3454 1901 impositum
3487 1849 3500 1884 :
3535 1833 3619 1887 sic
3643 1834 3800 1888 actio-

2205 1919 2364 1974 nibus
2411 1920 2644 1989 propriis
2720 1918 3183 1990 dignitatibusque
3251 1920 3560 1985 distinctis,
3630 1931 3688 1975 ut
3746 1931 3798 1975 et

2204 2007 2498 2064 Christiani
2527 2026 2681 2080 reges
2725 2025 2826 2080 pro
2855 2018 3056 2066 aeterna
3105 2011 3213 2064 vita
3260 2012 3613 2082 pontificibus
3661 2013 3801 2069 indi-

2204 2111 2414 2172 gerent,
2447 2109 2501 2156 et
2539 2103 2824 2173 pontifices
2865 2118 2963 2172 pro
2995 2102 3373 2174 temporalium
3404 2119 3582 2160 rerum
3629 2120 3800 2160 cursu

2207 2210 2393 2264 regum
2443 2194 2802 2264 dispositione
2861 2205 3174 2261 uterentur;
3225 2204 3496 2265 quatenus
3539 2197 3800 2267 spiritalis

2207 2285 2349 2340 actio
2377 2286 2690 2341 carnalibus
2713 2285 2944 2341 distaret
2981 2287 3306 2350 incursibus,
3336 2295 3393 2342 et
3424 2287 3669 2343 militans
3692 2288 3795 2343 Deo

2205 2381 2428 2436 minime
2468 2382 2700 2452 negotiis
2723 2381 3068 2437 saecularibus
3099 2395 3156 2436 se
3197 2380 3524 2451 implicaret.
3550 2398 3616 2437 ac
3641 2383 3793 2438 vicis-

2206 2473 2307 2528 sim
2337 2488 2443 2527 non
2489 2473 2578 2528 ille
2624 2473 2787 2528 rebus
2815 2473 3010 2528 divinis
3042 2473 3332 2542 pra-sidere
3371 2473 3676 2539 videretur,
3707 2474 3794 2543 qui

2207 2572 2352 2620 esset
2380 2564 2610 2635 negotiis
2639 2563 2990 2619 saecularibus
3018 2563 3342 2633 implicatus.
3375 2563 3620 2619 Sanctus
3647 2580 3796 2619 nant-

521 2651 672 2716 dicit,
719 2651 894 2708 eidem
925 2652 1094 2718 clero,
1126 2661 1234 2707 tam
1263 2652 1315 2707 in
1346 2653 1716 2718 interioribus,
1762 2668 1924 2724 quam
1965 2662 2022 2708 et
2050 2654 2104 2708 in
2139 2645 2180 2705 Β
2209 2671 2314 2726 que
2343 2653 2578 2726 Spiritus
2611 2670 2706 2725 per
2730 2670 2825 2710 eos
2871 2655 2963 2724 qui
3011 2670 3132 2709 cum
3183 2653 3401 2709 Christo
3438 2655 3492 2709 in
3539 2655 3681 2711 caelo
3716 2670 3796 2709 re-

517 2745 890 2816 corporalihus
916 2747 1100 2811 rebus,
1137 2747 1444 2802 necessaria
1486 2747 1790 2816 providere.
1823 2745 2101 2812 Ecclesiae,

519 2844 629 2892 tam
662 2837 716 2892 in
742 2837 1100 2893 luminaribus
1125 2849 1174 2894 et
1201 2838 1556 2902 ornamentis,
1597 2853 1758 2907 quam
1799 2847 1853 2893 et
1887 2838 1940 2892 in
1971 2838 2102 2893 aedi-

518 2925 682 2991 liciis,
723 2936 779 2982 et
807 2929 860 2982 in
892 2928 1218 2994 sartatectis,
1261 2943 1448 2983 curam
1493 2927 1714 2983 habere.
1767 2927 2018 3000 Hospites
2051 2937 2104 2984 et

518 3035 785 3090 pauperes
810 3022 863 3076 in
892 3021 1200 3076 constitutis
1233 3021 1546 3092 singillatim
1578 3020 1938 3091 hospitalibus
1966 3022 2105 3077 rcci-

516 3127 667 3184 pere,
696 3121 751 3168 et
785 3113 997 3168 dicente
1025 3114 1282 3183 Apostolo
1311 3130 1326 3168 :
1371 3113 1476 3181 Qui
1515 3131 1751 3179 suorum,
1789 3125 1837 3169 et
1873 3117 2102 3170 maxime

519 3203 950 3266 domesticorum,
1005 3221 1188 3260 curam
1237 3222 1343 3261 non
1383 3206 1559 3272 habet,
1603 3206 1764 3276 ﬁdem
1807 3207 2103 3278 negavit,et

513 3306 594 3351 est
620 3295 820 3366 inﬁdeli
848 3297 1144 3378 deterior-(1
1176 3297 1309 3356 Tim.
1344 3317 1399 3368 v,
1422 3300 1499 3372 8),
1532 3317 1752 3358 suorum
1779 3304 2105 3360 domestico-

518 3403 637 3444 rum
674 3389 729 3444 in
759 3389 1116 3447 ministrando
1153 3393 1461 3449 necessaria
1511 3409 1697 3449 curam
1729 3395 1951 3450 habere.
1993 3395 2105 3450 Mo-

519 3482 881 3538 nasteriorum
909 3484 962 3538 in
1003 3499 1097 3539 sua
1140 3485 1422 3555 parochia,
1471 3493 1525 3540 et
1549 3486 1904 3542 ecclesiarum
1939 3489 2104 3543 rusti-

520 3585 778 3626 canarum
818 3573 1224 3642 parochiarum,
1263 3583 1425 3644 atque
1455 3576 1975 3645 matriculariorum,
2013 3594 2101 3633 se-

521 3662 755 3717 cundum
794 3678 983 3718 sacras
1032 3665 1248 3734 regulas
1286 3665 1702 3721 sollicitudinem
1747 3683 1955 3739 gerere.
1993 3668 2103 3724 Po-

520 3754 647 3826 pulo
696 3770 808 3811 suae
859 3758 1128 3826 parochias
1184 3761 1409 3814 verbum
1461 3759 1674 3815 Domini
1729 3761 1995 3824 nuntiare.
2049 3771 2106 3816 et

521 3845 687 3901 verbo
716 3853 876 3918 atque
919 3849 1166 3920 exemplo
1194 3850 1466 3918 subjectos
1505 3852 1606 3907 sibi
1641 3854 1859 3920 docere,
1887 3863 1944 3908 et
1979 3868 2102 3908 ora-

523 3935 670 3990 tione
697 3936 1000 3994 consulere.
1046 3939 1102 3993 ln
1145 3941 1556 4010 consignatione
1587 3956 1796 4007 eorum,
1839 3944 1932 4012 qui
1975 3959 2101 3999 nec-

522 4023 650 4079 dum
686 4025 739 4080 in
773 4028 1038 4084 frontibus
1068 4004 1368 4086 ministerio
1393 4033 1686 4103 episcopali
1739 4004 1874 4088 sunt
1912 4037 2099 4090 consi-
2127 4004 2173 4068 Ο

521 4116 691 4186 gnati,
727 4117 1051 4188 regulariter
1074 4130 1342 4191 satagere,
1374 4131 1431 4176 et
1474 4122 1526 4176 in
1574 4121 1734 4192 hujus
1764 4124 1962 4195 negotii
1994 4125 2104 4180 cir-

522 4206 780 4272 cuitione,
839 4209 1128 4277 parochias,
1167 4211 1308 4266 ultra
1359 4199 1604 4267 debitum
1645 4221 1699 4269 et
1738 4215 2103 4270 necessarium

521 4300 765 4370 modum,
797 4301 938 4357 sicut
962 4314 1184 4358 sanctus
1211 4304 1453 4360 decrevit
1479 4304 1794 4378 Gregorius,
1825 4309 2104 4380 presbyte-

522 4406 613 4447 ros
645 4397 752 4448 lion
783 4408 1031 4463 gravare.
1064 4394 1271 4448 Bonum
1317 4396 1686 4452 testimonium
1725 4399 1890 4452 etiam
1921 4399 1990 4454 ab
2019 4398 2104 4453 his

521 4484 613 4552 qui
652 4483 786 4538 foris
815 4495 940 4539 sunt
971 4484 1192 4541 habere.
1219 4486 1576 4544 Peccantibus
1625 4497 1681 4544 et
1717 4491 2104 4560 pcenitentibus

523 4572 819 4646 secundum
873 4574 1092 4628 modum
1139 4574 1418 4644 culparum
1478 4576 1797 4647 regulariter
1836 4580 2105 4649 pteniten-

525 4664 656 4719 tiam
691 4663 952 4730 indicere,
981 4677 1036 4720 et
1063 4677 1184 4736 post
1217 4666 1638 4724 satisfactionem
1664 4670 1985 4740 regulariter
2010 4687 2105 4729 eos

525 4755 903 4814 reconciliare.
933 4757 1123 4814 Omnis
1150 4759 1528 4830 possessionis,
1566 4776 1686 4831 quae
1726 4763 1826 4818 sub
1862 4763 1980 4834 ejus
2020 4773 2105 4820 est

523 4855 812 4917 potestate,
843 4849 1236 4918 providentiam
1287 4864 1496 4922 gerere.
1544 4849 1786 4907 Militiam
1823 4853 1889 4908 ad
1920 4853 2105 4910 defen-

525 4937 732 4992 sionem
781 4947 983 4994 sanctze
1038 4938 1332 5006 Ecclesiae,
1381 4941 1691 4996 secundum.
1727 4943 2104 5012 possibilitatis

523 5033 906 5101 quantitatem,
948 5033 1104 5102 juxta
1153 5035 1430 5104 antiquam
1460 5036 1908 5091 consuetudinem
1943 5039 2103 5110 regiae

525 5123 859 5193 dispositioni
895 5126 1172 5192 exhibere,
1208 5138 1264 5182 et
1309 5128 1604 5182 secundum
1644 5126 1856 5183 Domini
1896 5127 2101 5196 jussio-

523 5227 671 5278 nem,
711 5230 832 5284 quae
873 5213 1103 5272 Caesaris
1147 5225 1277 5272 sunt
1315 5216 1541 5281 Caesari,
1588 5225 1644 5270 et
1684 5217 1794 5272 Deo
1840 5232 1960 5286 quae
2008 5218 2102 5273 Dei

435 5324 446 5330 ·
524 5318 650 5364 sunt
675 5311 901 5367 reddere
923 5311 1139 5382 (Matth.
1157 5313 1420 5381 xxuﬂl).
1447 5313 1584 5380 Quia
1605 5311 2099 5368 sicutsanctusGe-

522 5397 690 5454 Iasius
723 5397 1139 5456 facundissimus
1173 5417 1307 5473 papa
1351 5402 1405 5457 in
1447 5403 1680 5459 decretis
1713 5403 1826 5457 suis
1859 5404 2102 5460 scribens

523 5491 590 5543 ad
619 5490 963 5546 Anastasium
995 5492 1373 5562 imperatorem
1399 5495 1531 5550 dicit
1557 5495 1736 5566 (epist.
1767 5494 1855 5568 10)
1883 5513 1897 5550 :
1933 5513 1952 5547 ι
1985 5493 2102 5552 Duo

523 5569 650 5634 sunt
676 5581 874 5653 quibus
902 5583 1272 5655 principaliter
1319 5587 1550 5641 mundus
1598 5588 1684 5642 hic
1727 5589 1953 5657 regitur,
2005 5603 2103 5643 au-

522 5677 748 5728 ctoritas
779 5691 933 5731 sacra
984 5678 1322 5748 pontificum,
1355 5688 1409 5733 et
1455 5680 1648 5750 regalis
1687 5691 1946 5750 potestas.
1994 5682 2099 5738 Sed

526 5771 656 5818 auto
685 5767 908 5834 gravius
930 5779 1018 5825 est
1051 5771 1267 5842 pondus
1309 5773 1651 5830 sacerdotum
1685 5788 1847 5843 quam
1891 5789 2098 5846 regum,

1487 5947 1563 5964 .~-

2205 2755 2391 2819 gnant,
2440 2756 2495 2803 et
2539 2746 2594 2800 in
2644 2747 2807 2801 terris
2861 2745 3140 2802 miraculis
3185 2756 3502 2813 coruscant,
3546 2748 3699 2811 dixit,
3743 2755 3797 2803 et

2204 2851 2375 2908 usque
2399 2836 2467 2892 ad
2505 2851 2604 2892 nos
2628 2836 2847 2907 scriptis
2876 2827 3164 2908 pervenire
3196 2835 3327 2892 fecit
3361 2837 3554 2893 dicens
3575 2836 3793 2907 (Urbes.

2203 2934 2355 3002 epist.
2385 2930 2438 3001 l)
2475 2949 2489 2985 :
2524 2948 2544 2982 ε
2582 2929 2692 2987 Res
2735 2940 2789 2987 et
2810 2930 3102 2987 facultates
3129 2931 3517 2987 ecclesiasticas
3563 2930 3791 2986 oblatio.

2205 3037 2301 3078 nes
2353 3020 2713 3092 appellantur,
2763 3021 2892 3092 quia
2944 3020 3175 3076 Domino
3225 3017 3552 3086 offeruntur,
3589 3029 3643 3074 et
3673 3027 3796 3075 vota

2203 3125 2331 3173 sunt
2367 3115 2624 3182 ﬁdelium,
2652 3130 2715 3170 ac
2738 3115 2911 3185 pretia
2937 3124 3306 3184 peccatorum,
3337 3122 3505 3184 atque
3535 3114 3797 3184 patrimo-

2204 3209 2296 3275 ni.
2317 3219 2636 3278 pauperum.
2681 3204 2737 3262 Si
2768 3205 2891 3276 quis
2923 3205 3013 3259 illa
3049 3205 3312 3276 rapuerit,
3355 3220 3485 3261 reus
3525 3214 3612 3260 est
3642 3207 3798 3261 dam-

2204 3300 2440 3354 nationis
2480 3298 2704 3354 Anania:
2748 3307 2803 3352 et
2837 3297 3100 3368 Saphiraz,
3133 3307 3190 3352 et
3234 3307 3452 3369 oportet
3486 3298 3775 3370 hujusmod

2205 3390 2419 3446 tradere
2452 3388 2688 3454 Satanae,
2736 3395 2796 3442 ut
2847 3388 3073 3460 spiritus
3125 3388 3306 3443 salvus
3348 3389 3424 3443 sit
3469 3390 3528 3444 in
3578 3390 3670 3445 die
3704 3391 3802 3446 Do-

2206 3481 2362 3538 mini.
2394 3480 2548 3548 Quod
2589 3481 2761 3537 nostri
2809 3479 3028 3552 gloriosi
3074 3480 3420 3563 imperatores
3468 3479 3718 3538 Carolns
3753 3491 3805 3539 et

2205 3574 2513 3629 Ludovicus
2550 3572 2604 3628 in
2634 3573 2810 3644 primo
2846 3572 2985 3627 libro
3016 3571 3386 3661 CapiLulorum
3443 3587 3684 3629 suorum
3735 3576 3802 3629 ita

2205 3666 2553 3722 inseruerunt
2573 3664 2711 3736 (cap.
2746 3666 2837 3734 85)
2862 3682 2875 3718 :
2905 3651 3063 3733 Quia,
3077 3651 3548 3746 .inqui‘unthjuxta
3582 3675 3807 3723 sancto-

2206 3773 2323 3812 rum
2373 3755 2594 3810 Patrum
2625 3756 2970 3811 traditionem
2994 3757 3244 3812 novimus
3273 3771 3360 3812 res
3387 3756 3654 3814 Ecclesiae
3679 3768 3805 3815 vota

2203 3863 2324 3903 esse
2387 3846 2647 3914 fidelium,
2699 3848 2868 3918 pretia
2923 3855 3308 3918 peccatorum,
3359 3856 3417 3902 et
3474 3849 3803 3918 patrimonia

2205 3957 2523 4012 pauperum,
2582 3943 2782 4020 cuique
2832 3957 2940 3996 non
2993 3943 3166 3997 solum
3210 3942 3396 3998 habita
3447 3959 3803 4012 conservare,

2205 4049 2390 4089 verum
2439 4034 2604 4089 etiam
2629 4034 2819 4099 multa,
2867 4033 2978 4089 Deo
3004 4034 3325 4104 Opitulante,
3357 4035 3622 4092 conferre
3651 4047 3804 4108 opta-

2205 4143 2341 4181 mus.
2377 4126 2583 4181 Tamen
2611 4135 2672 4181 ut
2701 4127 2769 4182 ab
2800 4125 3188 4183 ecclesiasticis
3228 4128 3295 4184 de
3334 4143 3444 4183 non
3488 4129 3802 4184 dividendis

2205 4219 2368 4274 rebus
2399 4217 2654 4273 Ecclesiae
2701 4217 3069 4288 suspicionem
3105 4217 3307 4273 dudum
3347 4228 3674 4289 conceptam
3713 4234 3804 4289 pe-

2206 4308 2354 4362 nitus
2382 4322 2782 4370 amoveremus,
2813 4308 3104 4363 statuimus
3138 4317 3198 4363 ut
3239 4324 3419 4379 neque
3452 4311 3684 4374 nostris,
3712 4324 3805 4364 ne—

2203 4416 2310 4472 que
2342 4401 2578 4457 ﬁliorum
2622 4409 2678 4455 et
2706 4401 2818 4455 Deo
2869 4401 3221 4470 dispensante
3267 4416 3660 4457 successorum
3706 4417 3802 4457 no-

2204 4501 2438 4549 strorum
2480 4492 2834 4560 temporibus,
2869 4492 2961 4561 qui
2991 4501 3234 4547 nostram
3266 4492 3356 4547 vel
3388 4493 3797 4564 progenitorunt

2203 4592 2513 4638 nostrorum
2543 4581 2894 4648 voluntatem,
2927 4581 3012 4638 vel
3043 4582 3356 4654 exemplum
3378 4584 3590 4638 imitari
3619 4584 3799 4638 volue-

2204 4676 2336 4740 rint,
2365 4673 2527 4728 ullam
2577 4673 2796 4744 penitus
2831 4675 3150 4730 divisionem
3199 4685 3295 4729 aut
3318 4673 3599 4744 jacturam
3637 4677 3802 4745 patia-

2204 4775 2319 4820 tur.
2377 4784 2395 4818 ι
2452 4765 2688 4820 Sanctus
2742 4779 2959 4835 quoque
3008 4764 3306 4820 Anacl'etus
3353 4781 3519 4835 papa,
3575 4767 3645 4820 ab
3693 4766 3801 4836 ipso

2201 4858 2361 4913 beato
2386 4856 2549 4912 Petro
2590 4856 2834 4926 apostolo
2863 4857 3149 4927 presbyter
3174 4856 3485 4919 ordinatus,
3529 4866 3723 4927 postea
3749 4856 3799 4909 in

2204 4948 2332 5002 sede
2361 4947 2603 5002 Romana
2631 4961 2920 5000 successor
2945 4945 3295 5001 illiusfactus
3325 4946 3647 5017 episcopus,
3681 4960 3796 5002 cum

2204 5037 2368 5093 totius
2391 5037 2574 5091 mundi
2596 5035 2968 5090 sacerdotibus
3002 5036 3266 5104 judicavit
3302 5038 3478 5108 (epist.
3511 5037 3609 5110 i):
3643 5057 3664 5089 ι
3702 5037 3796 5104 Qui

2204 5129 2508 5193 abstulerit,
2550 5127 2819 5197 inquiens,
2855 5127 3056 5197 aliquid
3098 5127 3241 5198 patri
3270 5127 3353 5184 vel
3399 5113 3586 5194 matri,
3617 5128 3789 5184 homi-

2203 5218 2339 5273 cida:
2371 5218 2641 5288 particeps
2691 5226 2794 5272 est.
2844 5217 3007 5272 Pater
3056 5227 3248 5274 noster
3297 5219 3417 5275 sine
3462 5221 3628 5276 dubio
3658 5220 3797 5276 Deus

2203 5317 2305 5375 est,
2342 5309 2434 5378 qui
2479 5325 2579 5364 nos
2611 5309 2856 5375 creavit;
2893 5317 3068 5364 mater
3113 5325 3242 5366 vero
3295 5319 3484 5366 nostra
3535 5311 3795 5375 Ecclesia,

2205 5417 2325 5471 quae
2349 5416 2448 5455 nos
2477 5400 2528 5454 in
2574 5400 2840 5470 baptismo
2883 5400 3205 5470 spiritaliter
3250 5404 3618 5473 regeneravit.
3656 5402 3799 5472 Ergo

2204 5492 2297 5561 qui
2335 5492 2537 5547 Christi
2585 5491 2841 5560 pecunias
2889 5502 2944 5546 et
2990 5491 3249 5548 Ecclesia:
3301 5495 3472 5564 rapit:
3499 5493 3692 5549 aufert
3719 5491 3797 5547 vel

2203 5585 2494 5655 promatur,
2540 5585 2808 5639 homicida
2852 5593 2952 5650 est,
3000 5594 3164 5655 atque
3195 5586 3468 5641 homicida
3499 5596 3627 5641 ante
3669 5601 3792 5642 con-

2205 5686 2444 5748 spectum
2465 5675 2601 5745 justi
2636 5676 2832 5743 iudicis
2881 5677 3252 5746 deputabitur.
3301 5677 3403 5745 Qui
3439 5679 3582 5746 rapit
3629 5691 3794 5748 pecu-

2204 5771 2350 5828 niam
2378 5770 2613 5842 proximi
2635 5771 2740 5838 sui,
2780 5769 3122 5840 iniquitatem
3155 5779 3455 5842 operatur:
3485 5772 3580 5842 qui
3608 5782 3789 5828 autem
