4010 6330
951 296 1074 346 .I';.

141 331 286 390 1089

1293 323 1379 380 DE
1414 323 1698 380 OFFlCllS
1733 325 2243 386 EPISCOPORUM.

2544 289 2557 338 ⁸
2869 315 2873 319 ’
2972 293 2984 297 ﬁ
3271 335 3408 393 1090

139 447 428 519 pecuniam
463 443 548 502 vel
589 458 678 500 res
717 441 970 500 Ecclesire
1015 441 1318 506 abstulerit,
1372 441 1715 511 sacrilegium
1750 447 1793 504 Α
1825 443 2007 497 salvus
2031 445 2163 508 ﬁeri,
2192 458 2245 500 et
2279 447 2348 502 ab
2372 454 2573 504 aeterna
2601 457 2776 506 morte
2806 449 3056 518 liberari,
3081 461 3137 508 et
3161 455 3226 510 ad
3254 465 3407 511 aeter-

140 537 298 602 facit',
347 545 403 592 et
448 545 505 590 ut
552 534 848 606 sacrilegus
883 533 1206 603 iudicandus
1248 541 1353 586 cst.
1391 551 1409 582 s
1441 531 1570 586 ltcm
1603 547 1725 584 sau-

139 639 266 685 ctus
312 628 560 684 Urbanus
609 643 748 698 papa
794 636 850 682 et
890 635 1095 697 martyr
1132 626 1303 694 (epist.
1339 625 1430 694 l):
1474 643 1491 674 ε
1535 622 1643 677 Res
1669 631 1726 678 et

138 721 431 778 facultates
465 721 847 777 ecclesiastica:
872 719 1176 775 oblationes
1201 717 1564 788 appellantur,
1598 715 1724 786 quia

135 815 374 870 Domino
399 813 722 878 offeruntur,
755 821 811 869 et
831 821 955 867 vota
1003 821 1132 867 sunt
1161 811 1420 876 ﬁdelium,
1458 826 1522 865 ac
1549 809 1725 880 pretia

131 916 521 980 peccatorum,
560 915 722 977 atque
765 907 1095 978 patrimonia
1144 920 1461 976 pauperum.
1501 902 1556 957 Si
1603 901 1725 972 quis

135 1001 230 1056 illa
294 1000 566 1071 rapuerit,
634 1014 760 1054 reus
818 1008 903 1054 est
974 997 1337 1052 damnationis
1395 995 1619 1050 Ananiae
1669 1001 1724 1048 et

136 1093 417 1164 Sapbirae,
475 1101 531 1149 et
582 1101 795 1163 oportet
847 1091 1156 1162 huiusmodi
1215 1090 1430 1145 tradere
1483 1089 1720 1153 Satanm,

131 1195 198 1240 ut
238 1186 460 1256 spiritus
506 1185 687 1241 salvus
737 1185 808 1241 sit
861 1186 912 1240 in
958 1186 1042 1240 die
1069 1184 1302 1240 Domini.
1344 1204 1361 1235 s
1407 1184 1475 1239 Et
1501 1191 1724 1239 sanctus

131 1273 339 1331 Luctus
374 1291 512 1347 papa
563 1276 735 1346 (epist.
769 1275 861 1347 ll)
891 1292 904 1330 :
940 1294 960 1326 ι
993 1273 1196 1328 Rerum
1234 1272 1722 1329 ecclesiasticarum

133 1375 196 1422 et
221 1367 535 1423 facultatum
579 1376 826 1438 raptores
854 1383 885 1422 a
926 1365 1203 1422 liminibus
1236 1374 1436 1422 sanctm
1471 1365 1724 1422 Ecclesiae

131 1459 626 1517 anathematizatos
678 1458 970 1528 apostolica
1021 1457 1339 1513 auctoritate
1377 1456 1625 1528 pellimus
1668 1463 1725 1512 ct

132 1550 482 1617 damnamus,
507 1560 669 1623 atque
692 1551 983 1624 sacrilegos
1011 1551 1461 1622 esse'judicamus
1486 1566 1501 1606 :
1533 1558 1588 1606 et
1613 1565 1723 1606 non

132 1641 311 1698 solum
331 1658 444 1708 eos,
478 1643 572 1698 sed
597 1651 651 1698 et
679 1659 867 1699 omnes
894 1642 1295 1699 consentientes
1322 1643 1399 1698 eis
1417 1681 1432 1706 ,
1461 1641 1586 1712 quia
1617 1657 1723 1697 non

129 1734 309 1789 solum
340 1734 433 1806 qui
459 1733 667 1790 faciunt
710 1736 786 1791 rei
805 1735 1146 1806 iudicantur,
1182 1733 1277 1790 sed
1315 1734 1478 1790 etiam
1518 1733 1608 1804 qui
1641 1732 1724 1787 fa-

1826 552 1952 590 nam
2025 538 2191 592 vitam
2247 542 2546 608 pervenire,
2615 543 2974 598 attentissime
3034 547 3214 600 cordis
3277 563 3410 605 aure

1826 627 2079 683 exaudiat
2102 630 2230 698 quid
2278 641 2496 688 sanctus
2527 631 2760 702 Spiritus
2794 650 2892 704 per
2919 651 3014 691 eos
3053 636 3263 693 locutus
3301 648 3404 709 est,

1825 719 2022 788 quibus
2058 720 2190 775 dixit
2229 723 2526 779 Dominus:
2560 725 2694 781 Ecce
2721 743 2814 797 ego
2845 729 3106 783 vobiscum
3144 747 3259 784 sum
3299 746 3412 784 om-

1826 812 1978 866 nibus
2001 812 2182 867 diebus
2205 831 2364 884 usque
2385 816 2453 868 ad
2469 821 2962 874 consummationem
2986 821 3167 875 steculi
3187 821 3405 890 (Matth.

1825 917 2020 966 sxvm,
2041 902 2131 973 '20)
2154 919 2167 969 ;
2199 913 2254 960 et
2283 919 2298 958 :
2325 904 2446 959 Non
2479 923 2564 961 vos
2593 910 2714 962 estis
2734 911 2823 979 qui
2851 909 3145 980 loquimini,
3173 912 3262 966 sed
3285 911 3410 982 Spi-

1827 994 1958 1047 ritus
1981 991 2158 1048 Patris
2181 996 2334 1049 vestri
2356 997 2446 1066 qui
2467 996 2696 1068 loquitur
2714 999 2769 1054 in
2789 1000 2930 1054 vobis
2959 1001 3172 1071 (Matth.
3199 1017 3256 1067 x,
3277 1001 3404 1072 20);

1826 1095 1881 1142 et
1915 1105 1927 1140 :
1964 1087 2300 1160 Quwcunque
2344 1089 2684 1160 alligaveritis
2743 1109 2900 1162 super
2949 1103 3188 1160 terram,
3246 1103 3399 1149 erunt

1825 1179 1989 1251 ligata
2040 1191 2087 1235 et
2135 1182 2189 1235 in
2247 1181 2404 1248 caelo,
2461 1192 2508 1238 et
2564 1201 2885 1256 quwcunque
2936 1185 3194 1242 solueritis
3251 1202 3413 1257 super

1824 1285 2040 1338 terram,
2084 1283 2238 1328 erunt
2298 1273 2473 1329 soluta
2519 1285 2568 1328 et
2611 1276 2666 1330 in
2688 1274 2814 1329 creto
2851 1274 3068 1345 (Matth.
3099 1256 3405 1349 xvttt,18);
3475 1256 3480 1264 ’

1824 1376 1879 1424 et
1915 1385 1928 1420 :
1966 1367 2196 1437 Accipite
2225 1367 2482 1438 Spiritum
2519 1377 2800 1423 sanctum:
2839 1385 3064 1438 quorum
3105 1369 3408 1424 remiseritis

1823 1469 2058 1530 peccata,
2083 1459 2420 1513 remittuntur
2439 1460 2513 1514 eis
2530 1499 2546 1525 ,
2571 1468 2620 1514 et
2643 1475 2866 1530 quorum
2880 1458 3197 1513 retinueritis
3213 1468 3410 1515 retenta

1822 1561 1942 1606 sunt
1971 1549 2154 1609 (Joan.
2190 1566 2284 1616 xx,
2305 1550 2432 1620 22);
2465 1559 2522 1606 ct
2549 1569 2561 1605 :
2606 1549 2711 1618 Qui
2744 1567 2830 1606 vos
2867 1552 3019 1605 audit
3053 1566 3134 1604 me
3163 1537 3334 1618 audit,
3361 1558 3413 1606 et

1822 1644 1912 1714 qui
1939 1659 2027 1696 vos
2055 1643 2249 1710 spernit
2279 1657 2359 1696 me
2383 1643 2574 1711 spernit
2604 1641 2754 1712 (Luc.
2787 1657 2842 1706 ι,
2881 1639 2992 1709 16).
3035 1640 3228 1696 Dicunt
3265 1640 3412 1697 enim

1826 1734 1925 1801 illi,
1953 1735 2042 1804 qui
2074 1735 2126 1788 in
2172 1734 2311 1789 coelo
2338 1743 2581 1804 regnant,
2611 1742 2666 1789 ct
2694 1735 2748 1790 in
2780 1743 2922 1789 terra
2943 1732 3220 1790 miraculis
3246 1748 3411 1790 coru-

129 1824 406 1880 cientibus
466 1825 833 1881 consentiunt.
901 1824 1008 1879 Par
1058 1824 1201 1878 enim
1253 1837 1410 1893 poena
1459 1831 1515 1877 et
1562 1838 1726 1892 agcn-
1757 1831 1799 1891 Β
1827 1835 2002 1891 scant,
2033 1826 2123 1896 qui
2158 1834 2214 1880 et
2246 1841 2417 1897 usque
2462 1826 2622 1882 hodie
2659 1824 2940 1881 nobiscum
2969 1823 3178 1889 vivunt,
3208 1832 3262 1879 et
3287 1837 3413 1880 cum

133 1925 219 1972 tes
271 1925 326 1972 et
382 1917 784 1973 consentientes
832 1915 1263 1988 comprehendit.
1311 1915 1358 1969 Α
1407 1930 1514 1985 qua
1564 1928 1724 1984 poena

130 2022 433 2062 consensus
460 2007 613 2063 liberi
643 2023 762 2063 esse
800 2023 907 2062 non
935 2015 1160 2076 possunt
1187 2005 1283 2072 illi,
1313 2021 1542 2076 quorum
1569 2005 1729 2060 mini-

141 2098 373 2154 sterimn
407 2108 513 2163 est,
535 2107 592 2153 et
614 2099 704 2169 qui
739 2098 865 2153 talia
894 2106 1118 2169 possunt
1140 2095 1428 2168 prohibere
1448 2137 1462 2160 ,
1495 2096 1728 2166 compri-

131 2203 288 2244 mere
313 2198 366 2244 et
387 2189 700 2253 emendare,
732 2197 786 2243 et
814 2203 878 2243 ea
905 2202 1012 2242 non
1039 2187 1259 2243 student
1287 2186 1580 2257 corrigere.
1608 2203 1626 2236 ι
1657 2184 1727 2241 Ει

126 2291 354 2336 sanctus
391 2279 688 2351 Gregorius
717 2281 771 2336 in
795 2280 1018 2352 epistola
1043 2280 1109 2335 ad
1149 2278 1409 2334 Sabinum
1442 2278 1728 2333 subdiaco—

125 2388 261 2428 num
294 2371 407 2444 (lib.
443 2387 560 2438 vnl,
609 2373 763 2443 epist.
792 2372 846 2444 7)
883 2391 895 2426 :
925 2391 944 2424 ι
1003 2370 1343 2441 Sacrilegum
1368 2411 1384 2435 ,
1431 2369 1637 2440 inquit,
1670 2377 1726 2424 et

123 2471 320 2520 contra
365 2463 512 2536 leges
548 2472 652 2529 est,
703 2465 749 2519 si
796 2463 918 2533 quis
956 2463 1100 2534 quod
1145 2464 1545 2519 venerabilihus
1588 2463 1726 2519 locis

123 2557 472 2628 relinquitur,
504 2573 686 2630 pravae
714 2558 1008 2614 voluntatis
1043 2557 1261 2625 studiis,
1290 2559 1402 2614 suis
1437 2558 1728 2614 tentaverit

127 2650 473 2720 compendiis
503 2651 762 2706 retinere.
796 2670 815 2702 ι
849 2651 918 2705 Et
955 2649 1014 2706 S.
1038 2651 1371 2722 Augustinus
1393 2651 1444 2703 in
1476 2662 1727 2705 sermone

125 2743 412 2814 Evangelii
436 2743 610 2799 sancti
638 2741 860 2798 Joannis
887 2742 1017 2796 dicit
1045 2759 1058 2796 :
1091 2761 1110 2793 ι
1131 2742 1243 2797 Fur
1263 2741 1558 2811 sacrilegus
1572 2740 1725 2796 locu-

121 2837 306 2894 lorum
351 2851 634 2891 sacrorum
677 2844 730 2889 et
759 2835 1164 2890 Dominicorum
1211 2843 1294 2888 est
1333 2832 1520 2899 Judas,
1551 2841 1607 2888 et
1632 2833 1724 2904 qui

116 2929 424 3000 aliquidde
448 2927 690 2983 Ecclesia
746 2926 961 2981 furatur
1014 2935 1070 2982 et
1115 2926 1278 2997 rapit,
1321 2923 1471 2979 Judze
1513 2924 1725 2996 perdito

117 3027 496 3090 comparatur.
534 3037 555 3072 ι
589 3019 655 3074 Et
685 3017 816 3073 item
856 3018 910 3072 in
953 3017 1128 3073 sacris
1166 3017 1488 3082 canonibus,
1537 3023 1726 3072 sancto

119 3111 338 3181 Spiritu
400 3109 648 3176 dictatis,
693 3119 750 3164 et
799 3107 1001 3164 Christi
1053 3108 1318 3179 sanguine
1365 3105 1724 3172 conﬁrmatis,

1829 1916 2235 1972 successoribus
2278 1916 2481 1970 nostris
2520 1930 2691 1986 usque
2731 1915 2786 1970 in
2836 1922 3155 1986 perpetuum
3190 1912 3414 1980 vivent,

1828 2007 2080 2078 quoniam
2104 2007 2242 2076 apud
2257 2007 2426 2062 Deum
2440 2015 2524 2062 est
2536 2021 2747 2061 merces
2759 2021 2946 2061 eorum
2967 2024 2980 2060 :
3006 2024 3024 2056 ι
3050 2004 3107 2060 Si
3130 2004 3252 2076 quis
3269 2003 3416 2060 obla-

1827 2099 2003 2154 tiones
2036 2098 2290 2154 Ecclesize
2331 2107 2482 2154 extra
2524 2097 2822 2154 Ecclesiam
2868 2097 3115 2170 accipere
3155 2097 3241 2152 vel
3285 2096 3417 2175 dare

1825 2187 2076 2256 voluerit,
2108 2199 2304 2259 praeter
2331 2189 2722 2245 conscientiam
2746 2189 3009 2261 episcopi,
3057 2188 3144 2246 vel
3180 2189 3298 2260 ejus
3328 2187 3418 2246 cui

1825 2282 2132 2353 hujusmodi
2157 2281 2331 2338 ollicia
2359 2273 2651 2338 commissa
2689 2271 2835 2347 sunt,
2876 2296 2978 2338 nec
3011 2297 3134 2338 cum
3172 2279 3290 2352 ejus
3315 2297 3418 2338 vo-

1825 2374 1990 2430 luerit
2023 2389 2184 2445 agere
2229 2367 2501 2439 consilio,
2544 2373 2830 2430 anathema
2887 2373 2959 2429 sit
3004 2375 3172 2445 (conc.
3217 2373 3413 2443 Ληουῖ.

1824 2483 1947 2526 can.
2006 2465 2082 2540 7).
2116 2489 2135 2522 ι
2189 2471 2496 2526 Anathema
2539 2478 2720 2526 autem
2763 2469 3150 2539 interpretatur
3199 2467 3254 2524 in
3301 2466 3415 2524 Ro-

1825 2577 1984 2618 mana
2029 2562 2210 2634 lingua
2259 2562 2555 2626 alienatio,
2606 2561 2732 2631 quia
2788 2559 2969 2616 omnis
3018 2559 3143 2615 talia
3183 2558 3414 2627 faciens,

1825 2653 2061 2724 quandiu
2125 2654 2179 2708 in
2232 2652 2338 2707 illis
2390 2652 2632 2724 peccatis
2679 2660 2905 2718 manet,
2954 2652 3084 2709 licet
3134 2666 3234 2709 nos
3300 2651 3415 2724 epi-

1826 2746 2017 2817 scopi,
2082 2745 2176 2816 qui
2234 2745 2288 2800 in
2356 2745 2616 2817 apostolis
2685 2753 2742 2801 et
2800 2760 2924 2801 cum
2993 2743 3252 2815 apostolis
3305 2759 3417 2802 non

1826 2847 2016 2896 nostro
2059 2837 2258 2895 merito
2303 2837 2397 2893 sed
2426 2837 2599 2909 gratia
2633 2837 2814 2893 divina
2855 2836 3056 2909 ligandi
3092 2845 3149 2894 et
3173 2834 3417 2892 solvendi

1825 2943 2158 3006 potestatem
2209 2930 2518 3002 accepimus
2545 2970 2562 2997 ,
2614 2930 2884 2986 interdum
2920 2928 3102 2995 tardi,
3145 2926 3419 2984 interdum

1826 3025 1994 3082 divini
2045 3039 2235 3080 sensus
2271 3023 2468 3095 ignari,
2520 3021 2793 3078 interdum
2837 3036 2960 3092 quae
3003 3020 3422 3077 committuntur

1825 3115 2130 3182 nescientes
2156 3154 2172 3180 ,
2221 3111 2511 3184 aliquando
2554 3112 2719 3168 etiam
2765 3112 3054 3169 commissa
3101 3119 3163 3167 ut
3201 3110 3421 3182 expedit

119 3205 389 3274 scriptum
427 3187 508 3260 est
551 3203 719 3274 (conc.
763 3201 878 3257 Tot.
921 3218 970 3267 ι,
1014 3217 1137 3257 can.
1165 3201 1253 3271 ll)
1289 3219 1302 3256 :
1335 3220 1355 3254 ι
1386 3201 1444 3255 Si
1494 3200 1615 3271 quis
1658 3200 1723 3253 de

1829 3207 2104 3278 corrigere
2142 3220 2248 3261 non
2297 3204 2581 3271 valentes,
2631 3217 2752 3274 qua:
2790 3211 2990 3259 statuta
3035 3209 3161 3258 sunt
3189 3201 3419 3273 exsequi

118 3294 439 3368 potentibus
493 3293 770 3358 clericum,
829 3301 925 3347 aut
972 3291 1270 3361 quemlibet
1320 3289 1725 3360 pauperiorem,

122 3391 224 3439 aut
247 3382 556 3452 religiosum
578 3382 983 3454 exspoliaverit,
1012 3393 1067 3438 et
1093 3381 1432 3437 mandaverit
1451 3379 1518 3436 ad
1549 3381 1728 3450 ipsum

121 3475 416 3547 episcopus
447 3483 506 3529 ut
530 3489 654 3530 eum
707 3474 932 3540 audiat,
963 3473 1009 3528 si
1036 3472 1463 3543 contempserit,
1491 3471 1727 3526 invicem

124 3583 260 3625 mox
285 3567 487 3638 scripta
513 3575 837 3638 percurrant
872 3581 972 3636 per
993 3581 1184 3621 omnes
1209 3563 1502 3635 provincia:
1527 3562 1732 3633 episco-

126 3675 253 3732 pos,
275 3667 333 3713 et
360 3673 712 3730 quoscunque
739 3657 890 3711 adire
918 3656 1181 3727 potuerit,
1220 3654 1728 3710 excommunicatus

126 3754 416 3819 habeatur,
459 3751 632 3806 donec
666 3749 851 3804 audiat
883 3758 939 3804 et
966 3750 1156 3804 reddat
1191 3749 1388 3804 aliena.
1434 3767 1455 3800 ι
1501 3748 1568 3802 Ει
1597 3749 1725 3803 item

126 3845 392 3915 scriptum
423 3850 508 3897 est
527 3842 698 3913 (conc.
721 3841 937 3911 Agath.,
971 3856 1096 3896 can.
1123 3839 1179 3910 4)
1211 3857 1224 3892 :
1257 3858 1276 3891 ι
1305 3837 1500 3894 Clerici
1529 3839 1690 3893 etiam
1710 3877 1726 3906 ,

128 3939 219 3996 vel
248 3937 554 4000 sazculares,
580 3935 672 4006 qui
701 3933 1005 3989 oblationes
1024 3939 1332 4002 parentum,
1361 3938 1455 3984 aut
1476 3929 1723 3996 donatas,

1833 3298 2255 3364 dissimulemus,
2287 3297 2375 3352 vel
2401 3297 2564 3352 etiam
2595 3295 2932 3367 negligamus
2957 3335 2973 3361 ,
3020 3303 3082 3350 ut
3123 3293 3285 3351 talem
3316 3295 3418 3352 ho-

1831 3389 2033 3445 minem
2063 3389 2130 3444 ab
2153 3387 2393 3443 Ecclesia
2420 3395 2474 3441 et
2502 3386 2741 3442 ﬁdelium
2767 3386 3028 3442 societate
3049 3384 3421 3441 excommuni-

1831 3490 2020 3539 cantes
2049 3497 2157 3536 non
2187 3495 2553 3552 segregemus,
2581 3475 2697 3546 jam
2728 3486 2910 3532 tamen
2937 3492 2970 3531 a
3000 3476 3172 3533 sacris
3199 3474 3422 3532 canoni-

1831 3573 1937 3630 bus
1963 3572 2469 3630 excommunicatus
2519 3579 2576 3626 et
2617 3569 3022 3640 praedamnatus
3067 3577 3194 3634 est,
3248 3569 3424 3624 donec

1830 3673 2116 3736 peccatum
2144 3662 2275 3718 illud
2300 3662 2538 3727 deserat,
2565 3668 2621 3716 et
2661 3675 2761 3732 per
2789 3658 3216 3716 satisfactionem
3243 3657 3422 3715 eccle-

1832 3758 2132 3822 siasticam,
2183 3763 2240 3810 et
2282 3753 2673 3811 sacerdotalem
2724 3753 3218 3810 reconciliationem
3243 3792 3259 3818 ,
3313 3752 3422 3807 Do-

1831 3849 1964 3905 mini
2011 3846 2242 3917 gratiam
2298 3853 2354 3900 et
2399 3843 2637 3900 ﬁdelium
2689 3844 3006 3899 societatem
3050 3843 3300 3912 recipiat.
3357 3841 3426 3898 Et

1833 3941 2143 4012 quicunque
2169 3938 2224 3992 in
2264 3935 2504 4008 peccatis
2530 3935 2644 3990 suis
2671 3943 2726 3990 et
2754 3934 2951 3989 talibus
2990 3933 3286 3988 sceleribus
3322 3932 3425 3986 im-

131 4038 230 4085 aut
254 4036 582 4085 testamento
613 4026 850 4092 relictas,
881 4025 1119 4081 retinere
1147 4023 1608 4095 praesumpscrint,
1636 4032 1728 4077 aut

1833 4031 2068 4101 plicatus
2125 4036 2252 4084 ante
2328 4025 2756 4082 satisfactionem
2823 4025 3190 4080 necessariam
3253 4023 3423 4078 vitam

133 4122 188 4178 id
237 4121 381 4191 (ιιιοά
426 4117 526 4188 ipsi
578 4117 921 4172 donaverunt
963 4114 1212 4170 ecclesiis
1268 4113 1351 4168 vel
1385 4112 1732 4168 monasteriis
1835 4124 1994 4180 istam
2043 4121 2283 4186 ﬁnierit,
2338 4117 2775 4175 communionem
2828 4125 2884 4171 ει
2929 4116 3246 4170 societatem
3299 4129 3422 4168 cum

133 4210 468 4268 crediderint
495 4207 869 4274 auferendum,
894 4208 1034 4262 sicut
1056 4205 1293 4279 synodus
1323 4212 1509 4258 sancta
1534 4204 1728 4258 consti-

1834 4215 2025 4271 electis
2056 4215 2111 4269 in
2157 4227 2325 4284 regno
2355 4211 2450 4266 Dei
2480 4209 2682 4264 habere
2706 4208 3014 4263 nullatenus
3057 4205 3278 4277 poterit,
3323 4218 3426 4260 nec

135 4303 264 4367 tuit,
292 4300 438 4356 velut
477 4310 761 4356 necatores
805 4314 1126 4371 pauperum,
1167 4311 1454 4367 quousque
1482 4295 1728 4362 reddant,

1834 4310 1901 4365 de
1947 4295 2165 4364 inferni.
2193 4306 2368 4378 pinnis
2416 4291 2474 4360 et
2521 4304 2824 4358 daemonum
2872 4301 3134 4356 societate
3183 4314 3425 4370 unquam

133 4393 208 4449 ab
227 4391 475 4448 ecclesiis
497 4390 872 4446 excludantur.
910 4409 930 4443 ι
960 4389 1113 4445 Unde
1136 4401 1478 4458 summopere
1505 4394 1734 4442 caveant
1835 4399 2056 4457 liberari
2107 4396 2332 4454 valebit,
2383 4394 2628 4464 Denique
2697 4393 2804 4447 duo
2868 4391 3107 4461 capitula
3156 4405 3277 4461 quas,
3340 4404 3426 4446 se.

133 4483 475 4558 potentiores
491 4483 715 4553 quique,
748 4481 1120 4552 unusquisque
1163 4479 1218 4534 in
1247 4479 1437 4535 ordine
1471 4487 1526 4533 et
1551 4477 1728 4550 digni-

1835 4501 2119 4565 quuntur,
2177 4504 2246 4545 ex
2312 4487 2490 4542 edicto
2567 4491 2845 4555 assumpta
2917 4491 3046 4538 stitit
3114 4483 3184 4537 ab
3254 4482 3428 4539 Anse-

136 4556 248 4630 tate
279 4589 400 4639 sua,
425 4588 492 4628 ne
517 4582 872 4645 prasumant,
918 4573 974 4628 in
1013 4572 1414 4627 damnationem
1458 4586 1611 4626 suam
1643 4586 1732 4627 res
1761 4556 1814 4617 Ῑ)
1836 4556 1954 4659 έίεο
2023 4556 2218 4638 πωπω
2253 4621 2270 4646 ,
2326 4577 2682 4650 capitulm-um
2750 4575 3110 4648 imper-ianum
3141 4591 3208 4631 ex
3241 4575 3426 4631 diver.

134 4667 240 4724 sibi
289 4666 714 4730 ecclesiasticas,
766 4680 943 4735 neque
998 4664 1229 4734 fatigent
1272 4663 1357 4718 vel
1389 4660 1626 4733 allligant
1655 4661 1734 4717 in-

133 4758 419 4816 consuetis
481 4756 966 4814 consuetudinibus
1021 4755 1116 4810 Dei
1171 4754 1429 4809 ecclesias
1492 4762 1548 4808 et
1615 4753 1728 4809 loca

134 4866 477 4921 sanctorum,
524 4856 758 4912 scientes
781 4853 907 4925 quia
949 4861 1008 4905 ut
1040 4850 1405 4922 prmmisimns
1441 4862 1531 4902 res
1560 4847 1734 4902 eccle-

111 4937 378 5005 ‘siastica:
412 4956 537 5001 vota
565 4952 692 4999 sunt
736 4941 996 5002 ﬁdelium,
1039 4938 1364 5011 patrimonia
1413 4951 1732 5006 pauperum,

133 5036 319 5110 pretia
349 5044 723 5107 peccatorum,
747 5042 804 5089 et
847 5033 902 5088 in
943 5030 1171 5086 tuitione
1216 5039 1379 5102 atque
1417 5027 1732 5082 defensione
1763 5107 1770 5112 _

135 5129 347 5187 Christi
373 5128 706 5194 consistunt,
738 5127 830 5197 qui
856 5141 954 5181 eas
991 5134 1151 5180 terra;
1175 5121 1538 5194 principibus,
1573 5129 1735 5190 atque

135 5221 475 5297 primoribus
501 5223 572 5278 ad
601 5219 996 5277 defendendum
1036 5226 1091 5274 et
1128 5215 1588 5281 conservandum,
1627 5227 1733 5268 non

136 5314 492 5385 aﬂligendum
540 5313 628 5369 vel
705 5311 1074 5382 usurpandum
1131 5311 1244 5366 sive
1299 5304 1734 5380 pratsumendum

138 5407 440 5466 commisit.
458 5407 593 5464 Nam
616 5421 951 5479 quaecunque
971 5403 1336 5476 pnetendatur
1355 5416 1386 5456 a
1408 5413 1732 5471 quocunque

141 5498 398 5557 utilitatis
422 5499 537 5556 sive
565 5496 906 5555 necessitatis
929 5495 1167 5561 occasio,
1192 5493 1278 5549 ille
1302 5487 1468 5549 corda
1488 5490 1729 5548 omnium

144 5577 440 5663 conspicit,
468 5590 562 5662 qui
592 5591 742 5647 novit
774 5587 1128 5661 cogitationes
1150 5585 1450 5650 hominum,
1473 5593 1528 5639 et
1549 5598 1733 5638 remu-

146 5693 312 5743 nerat
338 5681 603 5747 actiones,
633 5689 688 5738 et
717 5681 880 5737 etiam
921 5679 1279 5752 cogitationes
1311 5677 1736 5732 irremuneratas

1837 4677 1912 4735 sis
1971 4673 2193 4747 synodis
2244 4681 2301 4728 et
2349 4670 2562 4742 placitis
2607 4667 2929 4732 collectore,
2973 4683 3136 4723 causa
3195 4668 3431 4722 brevita-

1834 4769 1907 4826 tis
1952 4768 2005 4822 in
2036 4766 2210 4837 primo
2267 4762 2407 4816 libro
2463 4759 2858 4830 capitulorum,
2891 4760 3288 4830 septuagesimo
3336 4773 3426 4811 se-

1834 4863 2006 4934 ptimo
2035 4869 2090 4915 et
2115 4854 2515 4927 septuagesimo
2563 4863 2757 4909 octavo
2788 4893 2804 4918 ,
2865 4853 2932 4906 de
2970 4865 3075 4904 non
3123 4850 3429 4904 dividendis

1837 4953 2000 5009 rebus
2021 4947 2426 5011 ecclesiasticis,
2454 4953 2511 5000 et
2539 4945 2912 5014 episcoporum
2937 4939 3219 5006 electione,
3242 4955 3307 4994 ex
3333 4955 3426 4994 su-

1838 5042 2157 5116 prascriptis
2195 5047 2473 5111 excerpta,
2502 5039 2555 5094 in
2591 5037 2816 5108 praefato
2865 5033 3005 5090 libro
3055 5032 3425 5088 inveniuntur.

1839 5137 1995 5206 Quod
2045 5134 2284 5190 edictum
2331 5147 2398 5188 ex
2439 5133 2654 5202 integro
2677 5127 2909 5181 domnus
2941 5123 3168 5180 Carolus
3203 5121 3428 5195 Magnus

1841 5227 2158 5297 imperator,
2189 5239 2312 5280 cum
2336 5219 2760 5292 interrogatione
2793 5215 2861 5272 de
2885 5214 3308 5286 chorepiscopis,
3331 5228 3430 5285 per

1840 5321 2117 5378 Aruonem
2151 5316 2614 5387 archiepiscopum
2638 5311 2706 5366 ad
2721 5309 2959 5365 Leonem
2985 5323 3181 5379 papam
3208 5307 3426 5373 direxit,

1841 5423 1895 5471 et
1917 5415 1984 5470 ad
2005 5403 2122 5483 ejus
2143 5409 2446 5467 consultum
2471 5405 2615 5460 aliud
2638 5403 2874 5460 edictum
2897 5403 2966 5458 de
2992 5416 3098 5458 non
3127 5400 3430 5458 dividendis

1842 5508 2011 5564 rebus
2035 5499 2440 5565 ecclesiasticis,
2468 5497 2607 5554 etde
2621 5496 3002 5568 episcoporum
3032 5493 3214 5548 causis
3235 5490 3428 5558 edidit,

1842 5604 1900 5653 et
1926 5593 2235 5668 apostolica:
2250 5589 2393 5646 sedis
2410 5599 2574 5658 atque
2587 5586 2926 5642 auctoritate
2947 5599 3046 5640 sua
3065 5582 3426 5646 conﬁrmavit,

1844 5695 1901 5744 et
1926 5701 2024 5758 per
2067 5697 2259 5740 omnes
2306 5677 2757 5750 metropolitanas
2797 5675 3059 5734 ecclesias
3105 5670 3317 5744 imperii
3343 5671 3431 5730 sui

145 5773 462 5833 nullatenus
511 5770 868 5843 derelinquat.
939 5767 1205 5841 Quocirca
1254 5765 1434 5829 omnis
1485 5765 1579 5854 qui
1623 5763 1728 5820 vull

1843 5787 2110 5853 perpetuo
2135 5773 2400 5851 servanda
2425 5771 2646 5842 direxit.
2676 5769 2975 5828 Memorata
2989 5767 3173 5838 itaque
3191 5762 3429 5838 capitula
