4010 6330
198 329 341 388 1095

1275 329 1364 385 DE
1404 327 1882 389 PRESBYTERIS
1918 333 2332 396 CRIMINOSIS.

3326 360 3475 419 ιοθδ

170 460 258 507 inc
279 440 506 538 deterius
532 440 626 496 tibi
650 440 850 511 aliquid
872 442 1137 538 contegat
1165 442 1427 538 (dooms,
1458 443 1578 538 li),
1596 443 1699 498 Sed
1729 452 1785 499 et
1812 451 1858 511 Α
1890 452 2192 507 reverentia
2239 456 2541 513 consecrati
2578 457 2650 513 ita
2675 459 3011 519 decernunt:
3037 464 3095 521 Si
3133 468 3255 538 quis
3285 430 3487 533 contra.

187 551 358 605 prava
381 534 483 593 sibi
512 542 867 605 suggerentes
888 549 993 588 non
1017 534 1294 601 obaudiat,
1318 535 1531 591 dicente
1555 536 1783 605 Aposto~

186 627 242 683 lo
269 645 281 680 :
312 626 434 680 Non
457 625 626 683 solun:
650 626 738 696 qui
761 626 986 694 faciunt,
1010 626 1100 681 sed
1115 628 1207 697 qui
1231 628 1556 683 consentiunt
1580 627 1781 696 facien-

186 718 350 781 tibus,
381 717 527 787 digni
553 726 674 772 sunt
697 726 861 770 morte
889 717 1067 786 (Rom.
1101 734 1142 783 ι,
1169 716 1281 788 52).
1324 718 1590 789 Episcopo
1612 717 1779 773 etiam

185 822 364 877 nuper
393 806 644 861 ordinato
673 820 832 875 agere
864 806 988 860 talia
1015 806 1102 861 vel
1127 806 1320 863 talibus
1340 807 1648 864 consentire
1669 822 1779 863 non

181 899 487 969 praecipiat,
515 899 657 959 unde
684 914 743 953 se
764 899 937 969 ipsum
959 901 1168 969 perdat,
1191 906 1249 957 et
1266 914 1449 957 eorum
1470 902 1581 959 Deo
1604 900 1776 957 eccle-

181 993 463 1053 siasticam
493 992 725 1062 gratiam
769 992 1001 1049 amittat.
1043 990 1176 1049 Cum
1217 1007 1403 1048 coram
1444 993 1695 1055 omnibus
1721 1000 1785 1061 et,

180 1082 515 1141 electoribus
535 1092 590 1137 et
614 1083 1016 1145 onlinatoribus
1061 1083 1176 1141 suis
1220 1084 1622 1145 districtissime
1649 1099 1783 1155 pros

178 1173 365 1233 fessus
414 1182 538 1231 ante
589 1172 984 1229 ordinationem
1030 1188 1179 1229 suam
1208 1172 1410 1239 fuerit,
1458 1182 1513 1239 et
1554 1173 1777 1245 propria

179 1280 350 1319 meum
378 1262 759 1333 subscripserit
787 1278 974 1321 sacras
1020 1262 1233 1333 regulas
1253 1272 1566 1323 sanctorum
1591 1263 1774 1319 conci-

178 1353 406 1419 liorum,
450 1364 710 1424 quantum
760 1354 948 1411 scierit
991 1362 1045 1413 et
1088 1355 1354 1424 potuerit,
1402 1362 1779 1411 servaturum.

177 1447 288 1516 Qui
317 1446 461 1503 sacri
486 1460 729 1507 canones
742 1447 933 1517 spiritu
959 1447 1052 1503 Dei
1076 1447 1298 1515 cturditi,
1320 1454 1377 1501 et
1395 1446 1561 1509 totius
1579 1445 1767 1505 mundi

1887 555 2040 597 suam
2071 542 2466 612 professionem
2492 548 2577 602 vel
2621 564 2774 604 suam
2819 553 3141 623 scripturam
3180 561 3391 617 venerit
3418 562 3474 620 in

1883 631 2095 702 aliquo,
2130 633 2245 703 ipse
2294 652 2354 692 se
2403 638 2606 693 honore
2632 641 2887 711 privabit.
2922 644 3022 712 Qui
3066 654 3244 704 autem
3288 667 3375 708 res
3421 663 3476 709 et

1881 722 2166 783 facultates
2188 726 2587 785 ecclesiasticas
2614 730 2959 791 Belvacensis
3003 736 3257 796 Ecclesiae
3297 742 3473 814 ipsius

1881 830 2148 881 consensu
2180 818 2264 873 sel
2290 818 2474 877 favore
2506 826 2856 892 pessumdare
2882 834 3345 902 prresumpserint,
3378 839 3472 908 qui

1883 908 2262 973 auctoritatem
2287 925 2379 975 eas
2406 912 2513 971 illis
2534 915 2663 971 dare
2689 917 2773 971 vel
2794 921 3101 983 consentire
3123 939 3231 981 non
3260 926 3469 993 habuit,

1885 999 2270 1063 sollicitissime
2307 1014 2570 1074 caveant,
2623 1024 2693 1067 ne
2746 1018 3148 1085 supr-ascriptus
3188 1032 3471 1075 sacrorum

1885 1108 2153 1153 canonum
2182 1099 2497 1165 sententias,
2531 1103 2599 1159 ab
2623 1102 2876 1163 omnibus
2896 1107 3057 1165 mbis
3073 1107 3339 1180 episcopis
3356 1151 3371 1177 ,
3401 1110 3473 1169 ad

1882 1186 2113 1255 quorum
2166 1188 2414 1244 notitiam
2483 1191 2727 1260 ipsorum
2784 1195 3065 1267 sacrilegia
3118 1200 3472 1267 pervenerint

1880 1278 2206 1346 intentatas,
2237 1283 2581 1355 suscipiant,
2633 1293 2688 1343 et
2734 1287 2804 1344 ab
2848 1289 2995 1343 ωηιιί
3034 1288 3467 1357 Christianorum

1880 1375 2140 1430 societate
2173 1374 2347 1432 modis
2374 1378 2627 1434 omnibus
2654 1386 2995 1449 separentur.

188 1631 3460 1661 MM

1736 1787 1903 1871 XV.

1036 1954 1167 2033 DE
1224 1952 1914 2059 PRESBYTEBIS
1986 1953 2645 2049 CBIMINOSIS,

1306 2108 1380 2170 de
1414 2108 1641 2189 quibus
1676 2106 2058 2189 approbatio
2089 2126 2216 2169 non
2246 2118 2355 2170 est.

1002 2278 1003 2281 η
1048 2233 1211 2316 (Apud
1235 2249 1486 2314 eumdem,
1512 2261 1578 2301 ex
1607 2224 1823 2300 editione
1848 2247 2130 2313 Moguntina
2153 2246 2356 2303 Joannis
2380 2246 2587 2311 Busmi.)

251 2455 385 2513 ειμι.
412 2451 454 2509 l.
480 2420 625 2519 Quid
655 2449 724 2505 de
764 2448 1100 2521 presbyteris
1128 2446 1456 2514 criminosis,
1482 2446 1551 2502 de
1574 2445 1772 2518 quibus
1800 2446 1846 2505 B
1876 2440 2051 2499 nostri
2102 2439 2299 2499 Leonis
2349 2438 2627 2510 apostolici
2656 2480 2672 2509 ,
2722 2446 3153 2513 ceterorumque
3202 2440 3461 2504 Romanae

173 2546 495 2619 mtaban
548 2558 653 2601 non
705 2552 829 2609 est,
862 2544 1131 2612 agendum
1178 2543 1270 2608 sit,
1302 2542 1358 2599 in
1398 2541 1543 2599 libro
1584 2540 1763 2611 primo

170 2635 742 2709 capitulormdwmi
765 2634 947 2691 Caroli
972 2634 1323 2705 imperatoris
1346 2631 1564 2701 augusti
1583 2631 1764 2700 capite

173 2728 461 2800 tetigerunt)
482 2734 682 2797 quarto
704 2725 966 2794 scriptum
986 2733 1068 2781 est
1097 2724 1215 2795 (lib.
1241 2739 1277 2779 ν
1302 2722 1533 2793 Capitui,
1550 2738 1600 2778 c.
1627 2722 1757 2793 55):

169 2818 293 2881 Hoc
341 2819 500 2875 nobis
537 2830 741 2887 magno
788 2830 912 2872 eum
946 2816 1127 2875 studio
1190 2816 1600 2877 retractandum
1652 2824 1759 2882 est,

170 2910 309 2981 quid
333 2911 401 2965 de
423 2908 531 2963 illis
560 2905 892 2978 presbyteris
913 2906 1249 2972 criminosis,
1277 2907 1421 2965 unde
1441 2906 1762 2978 approbatis

171 3015 285 3061 non
308 3005 412 3063 est,
444 3006 500 3057 et
523 2989 743 3066 semper
767 3005 994 3068 negem,
1025 2995 1333 3055 faciendum
1364 2996 1454 3055 sit.
1490 2996 1631 3053 Nam
1658 2997 1763 3055 hoc

170 3091 477 3162 apissime
496 3103 533 3144 a
560 3087 717 3145 nobis
738 3102 805 3149 es
830 3088 1327 3158 praedecessorist
1354 3088 1561 3161 nostris
1587 3087 1761 3149 venti-

171 3184 353 3245 latur!
369 3190 474 3249 est,
504 3181 602 3238 sed
629 3195 736 3236 non
766 3178 1129 3250 adliquidum
1160 3179 1425 3237 hactenus
1451 3177 1757 3241 ditiinitum.

173 3276 334 3334 Unde
376 3275 449 3330 ad
497 3271 887 3337 muniendum
951 3271 1167 3329 Patrem
1223 3278 1469 3328 nostrqu
1523 3270 1762 3331 Leonem

169 3379 375 3438 papam
416 3360 728 3421 moenium
762 3368 980 3423 nostros
1009 3359 1281 3424 misimus.
1308 3366 1364 3421 et
1398 3359 1662 3430 Quidquid
1691 3360 1759 3415 ab

171 3455 371 3515 eoae!
411 3471 445 3513 ι
476 3455 593 3513 suis
640 3453 1072 3525 meper-imus,
1122 3453 1281 3511 vobis
1326 3468 1435 3509 una
1482 3469 1607 3513 eum
1651 3453 1759 3511 illis

169 3565 316 3623 quos
339 3548 588 3607 misimus
619 3548 941 3605 mentiare
980 3562 1091 3609 non
1132 3546 1488 3605 tardabimus.
1524 3547 1634 3603 Vos
1669 3548 1757 3602 in-

641 3647 868 3697 tractate
913 3639 1207 3705 attentius,
1240 3640 1372 3715 quid
1412 3654 1482 3696 ex
1524 3640 1610 3696 his
1657 3654 1756 3694 vo-

166 3735 385 3794 biscum
404 3732 820 3796 metuamus,
842 3746 949 3789 una
979 3745 1103 3789 cum
1120 3731 1362 3799 pmdieti
1388 3732 1562 3788 sancti
1577 3730 1758 3787 Patris

1864 2532 2125 2589 Ecclesiae
2167 2533 2577 2602 episcoporum,
2613 2541 2668 2588 et
2709 2533 3041 2604 reliquorum
3091 2537 3458 2610 sacerdotum,

1863 2624 1978 2679 sive
2025 2622 2382 2679 Orientalium
2431 2633 2486 2679 et
2533 2623 2846 2685 Graecorum
2894 2627 3365 2699 patriarcharum,
3404 2637 3461 2691 et

1862 2712 2158 2768 multorum
2199 2722 2513 2771 sanctorum
2557 2714 2961 2786 episcoporum,
3005 2726 3060 2774 et
3089 2719 3454 2791 sacerdotum,

1861 2821 2074 2862 necnon
2101 2815 2155 2863 et
2186 2815 2495 2865 nostrorum
2522 2809 2900 2881 episcoporum
2930 2812 3195 2880 omnium,
3226 2824 3454 2872 caetero-

1862 2914 2093 2971 rumque
2145 2900 2488 2961 sacerdotum
2538 2916 2607 2956 ac
2651 2899 2965 2963 chitarum
3022 2906 3348 2975 auctoritate
3402 2916 3457 2969 et

1862 3004 2163 3057 consensu,
2208 2998 2373 3065 atque
2402 2990 2734 3062 reliquorum
2765 2992 3005 3049 ﬁdelium
3046 3003 3100 3052 et
3137 3006 3467 3057 etmctorum.

1860 3082 2295 3143 consiliariorum
2339 3092 2654 3141 nostrorum
2704 3084 2955 3143 consultu
3011 3085 3296 3147 dilllnitum
3347 3100 3452 3161 est,
3524 3100 3525 3103 ‘

1859 3175 2014 3230 vobis
2057 3176 2310 3231 omnibus
2332 3176 2540 3233 ordinis
2573 3177 2858 3249 utriusque
2884 3179 3156 3239 ministris
3179 3182 3322 3239 scire
3352 3197 3450 3239 vo.-

1859 3266 2056 3332 lumus.
2095 3267 2368 3325 Statntum
2393 3278 2477 3325 est
2504 3283 2762 3340 namque,
2803 3270 3015 3329 ratione
3045 3279 3101 3328 et
3131 3274 3454 3331 necessitate

1859 3371 1925 3413 ac
1963 3357 2289 3417 auctoritate
2328 3357 2608 3430 prmdicta,
2656 3358 2907 3421 consultu
2936 3361 3201 3430 omnium,
3230 3372 3291 3418 ut
3314 3378 3451 3433 quo-

1859 3449 2181 3519 tiescunque
2209 3450 2464 3522 cuiquam
2494 3449 2768 3508 sacerdoti
2801 3449 3009 3513 crimen
3048 3451 3367 3525 imponitur,
3397 3454 3448 3511 si

1858 3538 1974 3610 ipse
2019 3546 2308 3596 accusator
2350 3539 2475 3597 talis
2517 3538 2706 3606 fuerit,
2764 3546 2824 3595 ut
2857 3540 3026 3611 recipi
3071 3541 3266 3599 debeat
3296 3541 3449 3621 (quia

1858 3630 2047 3701 quales
2075 3631 2143 3687 ad
2169 3632 2575 3688 accusationem
2603 3631 2947 3693 sacerdotum
2974 3631 3188 3699 admitti
3213 3634 3465 3693 debeant.

1858 3721 1917 3781 in
1957 3724 2258 3783 canonibus
2293 3724 2524 3795 pleiuter
2562 3739 2881 3795 expressum
2908 3724 3039 3799 est),
3072 3722 3120 3787 si
3157 3733 3359 3792 αωθω,
3385 3732 3450 3782 ut

167 3791 712 3888 instimtionibus,’ut
728 3791 1162 3879 murmurs-esset
1180 3820 1565 3890 pppuli,ettnos
1577 3822 1663 3878 his
1677 3821 1758 3881 fa.
1784 3791 1830 3854 c
1861 3815 2067 3873 dictum
2091 3824 2195 3881 est,
2230 3791 2319 3871 ille
2347 3791 2651 3882 acwsator;
2695 3816 2793 3888 qui
2820 3791 3079 3889 canonice
3104 3817 3448 3891 recipiendus

167 3911 799 3976 thBontino
816 3909 1133 3973 auxiliante,
1160 3910 1229 3965 ab
1259 3909 1507 3979 utrisque
1539 3926 1759 3967 manea-

170 4021 316 4062 mus.
343 4003 605 4074 Sequitur
628 4000 969 4061 conﬁrmatio
984 4007 1283 4059 memorata
1305 3998 1373 4054 de
1417 4001 1758 4061 sacerdotum

170 4097 511 4171 punctiones
542 4094 718 4165 capite
747 4093 805 4149 in
845 4093 1037 4151 eodem
1056 4091 1199 4149 libro
1239 4090 1518 4162 trigesimo
1544 4092 1753 4163 quinto.

245 4187 383 4244 en.
409 4186 473 4243 ιι.
516 4185 772 4258 (θαμειαί,
805 4184 901 4242 lib.
932 4197 986 4250 v,
1040 4198 1090 4240 ο.
1127 4181 1243 4255 δι.)
1299 4182 1563 4241 Omnibus
1603 4183 1758 4243 vobis

168 4280 297 4343 ﬁsa,
330 4286 425 4336 aut
472 4278 660 4336 aurita
708 4285 896 4337 notum
937 4291 1061 4333 esse
1096 4290 1208 4333 non
1237 4275 1575 4342 dubitamus,
1610 4275 1756 4345 quod

172 4370 479 4443 supisn'me
507 4373 772 4429 metiente
804 4370 1030 4439 antiquo
1057 4368 1214 4425 hoste
1240 4368 1616 4427 sacerdotibus
1648 4369 1756 4427 eri-

168 4463 323 4521 mina
345 4462 563 4519 diversa
592 4459 942 4529 obiiciuntur.
990 4457 1099 4516 Sed
1141 4458 1399 4529 quoniam
1429 4458 1661 4529 qualiter
1684 4472 1753 4517 ex

167 4554 349 4612 eis'ab
368 4554 457 4611 his
479 4553 822 4615 rationabilis
846 4552 1179 4610 examinatio
1217 4560 1274 4609 et
1303 4550 1607 4610 satisfactio
1633 4551 1748 4620 fiat,

166 4647 303 4704 licet
345 4645 416 4702 de
465 4644 776 4702 rationabili
827 4644 1232 4703 examinatione
1278 4653 1336 4701 et
1382 4645 1752 4705 satisfactione

167 4738 636 4813 pesbyteroeum,
666 4746 912 4808 tempore
943 4737 1105 4794 bonae
1141 4737 1419 4793 memorias
1444 4738 1627 4795 damni
1658 4753 1753 4810 ge-

166 4830 366 4887 nitoris
407 4830 515 4884 mei
557 4828 795 4900 Pippini,
836 4828 950 4885 sive
976 4827 1173 4896 priscis
1204 4828 1541 4900 temporibus
1565 4844 1599 4886 a
1624 4844 1752 4887 san-

168 4923 278 4980 ctis
318 4922 571 4979 Patribus
593 4933 650 4979 et
673 4936 705 4976 a
735 4920 959 4990 reliquis
992 4920 1149 4976 bona
1185 4919 1488 4977 devotionis
1516 4921 1750 4979 homini-

167 5014 275 5071 bus
296 5014 594 5085 saapissime
616 5011 939 5069 ventilatnm
962 5009 1148 5077 fuerit,
1182 5025 1283 5068 nos
1312 5019 1492 5067 tamen
1518 5011 1750 5083 pleniter

1859 3914 1964 3972 est,
1991 3921 2117 3961 eum
2147 3922 2273 3963 cum
2293 3906 2535 3978 legitimo
2563 3922 2792 3963 numero
2817 3922 3073 3969 verorum
3097 3917 3153 3971 et
3179 3910 3448 3969 bonorum

1859 3997 2079 4053 testium
2122 3998 2423 4068 approbare
2451 3998 2508 4053 in
2536 4006 2830 4068 conspectu
2875 3999 3252 4075 episcoporum
3288 3988 3447 4072 potes-

1858 4090 1950 4158 rit,
1985 4100 2115 4168 tunc
2136 4091 2399 4148 canonice
2438 4091 2783 4162 dijudicetur,
2829 4100 2886 4148 et
2930 4094 2979 4153 si
3030 4093 3317 4165 culpabilis
3360 4095 3445 4155 iu-

1856 4198 2048 4245 ventus
2096 4185 2299 4253 fuerit,
2348 4185 2610 4243 canonice
2661 4186 2972 4247 damnetur.
3028 4184 3087 4244 Si
3135 4202 3267 4251 uero
3315 4202 3447 4251 eum

1857 4290 2019 4345 supra
2072 4278 2275 4348 scripto
2319 4283 2585 4344 praetextu
2632 4275 2936 4347 approbare
2980 4274 3098 4349 ipse
3149 4283 3437 4347 scemate:

1856 4370 2079 4427 minime
2102 4370 2362 4440 potuerit,
2394 4377 2450 4426 et
2480 4369 2583 4424 hoc
2611 4367 2877 4431 canonice
2906 4366 3223 4437 diﬁiniatur.

1924 4461 2053 4519 CAP.
2094 4460 2178 4519 lll.
2221 4459 2411 4533 (ιύίά.)
2448 4461 2569 4532 Ipse
2601 4475 2733 4532 ergo
2777 4460 3050 4527 sacerdos,
3090 4460 3139 4529 si
3174 4458 3442 4531 suspicio-

1853 4566 1946 4611 sus
1978 4560 2073 4608 aut
2111 4552 2445 4611 incredibilis
2485 4567 2584 4609 suo
2630 4551 2909 4623 episeopo,
2946 4566 3014 4608 ac
3058 4551 3280 4622 reliquis
3323 4552 3440 4630 suis

1854 4643 2350 4710 consacerdotibus,
2396 4643 2512 4701 sive
2554 4643 2712 4701 bonis
2742 4650 2798 4703 et
2826 4643 2990 4714 iustis
3015 4642 3085 4699 de
3111 4658 3211 4701 suo
3237 4642 3438 4716 p0pulo

1850 4736 1939 4792 vel
1968 4751 2066 4793 sua
2095 4736 2251 4806 plebe
2295 4735 2607 4795 hominibus
2652 4734 2840 4804 fuerit,
2872 4750 2945 4793 ne
2970 4736 3024 4793 in
3057 4736 3310 4818 crimine,
3343 4744 3441 4795 aut

1852 4830 1910 4885 in
1955 4829 2211 4901 prtedicta
2257 4830 2566 4900 suspicione
2610 4840 2912 4896 remaneat,
2960 4847 3084 4893 cum
3128 4831 3301 4897 tribus
3341 4839 3439 4893 aut

1853 4920 2094 4990 quinque
2134 4919 2221 4977 vel
2269 4927 2477 4990 septem
2521 4921 2681 4979 bonis
2709 4938 2774 4983 ac
2802 4922 2996 4981 vicinis
3037 4922 3432 4990 sacerdotibus,

1852 5015 2100 5085 exemplo
2128 5014 2328 5075 Leonis
2367 5030 2540 5087 papas,
2583 5017 2678 5087 qui
2718 5016 2999 5079 duodecim
3049 5017 3335 5087 episcopos
3376 5017 3435 5075 in

72 5156 83 5163 .
166 5117 226 5163 et
248 5108 316 5163 ad
344 5106 606 5176 liquidum
632 5104 917 5162 diﬂinitmn
938 5106 1180 5177 reperire
1202 5104 1427 5164 minime
1447 5106 1743 5177 quivimus.
1773 5144 1828 5207 Β
1853 5122 1950 5163 sua
1970 5107 2288 5179 purgatione
2306 5106 2516 5174 habuit,
2547 5106 2630 5165 vel
2655 5120 2721 5162 eo
2750 5105 3003 5176 amplius,
3033 5106 3194 5207 sisno
3220 5108 3433 5178 episco-

166 5199 382 5257 Nostris
406 5200 602 5270 quippe
632 5198 967 5269 temporibus
993 5198 1222 5269 idipsum
1247 5213 1277 5253 a
1299 5198 1504 5254 sanctis
1537 5199 1747 5269 episeo-
1776 5195 1822 5207 ”
1850 5216 1920 5272 po
1935 5198 2111 5256 visum
2129 5196 2309 5259 fuerit.
2332 5205 2427 5253 aut
2443 5211 2668 5255 necesse
2684 5205 2907 5267 propter
2934 5195 3225 5259 munitum
3247 5197 3430 5267 populi

164 5294 271 5363 pis,
295 5299 352 5348 et
376 5291 600 5361 reliquis
623 5289 1019 5355 sacerdotibus,
1042 5297 1100 5346 et
1124 5290 1335 5346 casteria
1362 5289 1747 5347 ecclesiasticas

164 5381 449 5452 dignitatis
490 5379 778 5446 ministris,
817 5378 1022 5434 nostris
1049 5379 1105 5435 in
1133 5378 1350 5450 regnis,
1401 5394 1499 5435 seu
1537 5379 1593 5434 in
1620 5378 1750 5437 aliis

162 5471 510 5543 degentibus,
540 5474 804 5543 nobisque
838 5486 945 5527 una
980 5485 1107 5527 cum
1137 5470 1218 5527 eis
1244 5472 1529 5542 agentibus
1555 5471 1746 5541 saepis-

162 5565 324 5631 sime,
368 5573 591 5636 propter
618 5565 816 5623 multas
839 5572 897 5619 et
924 5564 1120 5620 nimias
1150 5562 1586 5630 reclamationes,
1625 5578 1744 5633 quae

162 5672 235 5714 es
270 5658 375 5715 hoc
411 5662 479 5717 ad
508 5675 608 5719 nos
635 5676 702 5715 ex
725 5660 954 5717 diversis
980 5659 1227 5730 partibus
1256 5669 1536 5725 venerunt,
1571 5660 1746 5716 venti-

162 5749 332 5809 latum
382 5761 485 5811 est.
532 5753 639 5811 Sed
670 5753 925 5827 qualiter
968 5754 1218 5812 consultu
1265 5753 1446 5812 domui
1478 5763 1533 5811 et
1563 5754 1745 5812 Patris

1850 5291 2044 5361 idesse
2072 5288 2430 5360 perspexerit,
2453 5302 2577 5343 cum
2600 5285 2721 5342 aliis
2746 5285 2905 5347 bonis
2930 5295 2987 5345 et
3006 5283 3173 5354 iustis
3196 5286 3431 5347 homini-

1847 5382 1972 5448 bus,
1993 5387 2406 5437 sesacramento
2416 5391 2600 5435 coram
2614 5375 2988 5449 populo‘super
3005 5384 3241 5448 quatuor
3251 5375 3435 5433 Evan-
3465 5369 3470 5373 ’

1848 5470 1989 5543 gelia
2005 5473 2455 5542 dato,purgatum
2480 5467 2726 5526 ecclesia
2754 5483 2884 5525 suus
2914 5468 3102 5525 reddat
3121 5467 3424 5538 episcopus,

1919 5563 2050 5621 CAP.
2090 5561 2177 5619 IV.
2210 5561 2399 5636 (Ibid.)
2449 5559 2507 5617 Si
2535 5561 2658 5631 quis
2695 5570 2875 5617 autem
2932 5561 3074 5618 seire
3123 5559 3426 5626 desiderat,

1854 5656 2042 5725 quales
2068 5666 2410 5713 accusatores
2435 5669 2501 5710 ac
2527 5661 2694 5711 testes
2719 5653 2787 5709 ad
2816 5654 3222 5713 accusationem
3246 5668 3430 5711 sacer-

1854 5753 2039 5811 dotum
2066 5752 2233 5827 recipi
2265 5752 2515 5820 debeant,
2546 5750 2759 5824 etquid
2787 5750 2855 5809 de
2883 5757 3203 5809 accusatore
3230 5747 3437 5807 faciem»
