4010 6330
532 343 676 406 1005

1385 324 1718 420 HINCMABJ
1757 321 1970 382 RHEM.
2009 317 2328 377 ARCHIEP.
2364 311 2729 372 OPUSCULA
2765 310 2994 367 VARIA.

3678 301 3827 358 1096

532 463 662 520 dum
705 460 796 526 sit,
828 454 1059 530 pleniter
1104 450 1160 507 in
1203 447 1502 504 canonibus
1548 419 1604 500 et
1649 443 1876 515 legibus,
1924 437 2121 510 quibus
2147 439 2196 497 Α
2223 435 2516 506 potuerint,
2565 429 2864 487 maculatos
2893 427 2960 482 ab
2987 419 3232 479 Ecclesia
3262 433 3480 490 aequum
3510 426 3598 474 est
3631 432 3824 472 remo-

2330 526 2340 530 -
2798 520 2828 530 κ.
2963 516 2998 530 -.
3164 520 3206 530 ,.
3237 510 3445 530 μεηψ
3481 506 3820 530 ι,,-ε.ε,,,,,

540 571 651 611 una
678 568 803 610 cum
841 549 1012 606 sacris
1046 542 1346 602 canonibus
1375 547 1559 595 sancta
1590 536 1905 593 moderatur
1933 530 2123 586 Eccle-

538 651 647 714 sia,
693 642 929 716 reperire
956 635 1174 710 poterit.
1218 632 1507 694 Videlicet,
1555 642 1693 699 quos
1727 625 1954 698 publica:
1982 622 2128 692 leges

543 741 611 796 ad
661 715 1064 794 accusationem
1106 726 1193 782 vel
1230 725 1297 780 ad
1329 722 1767 780 testiiicationem
1817 715 2125 778 admittunt,

539 830 678 887 tales
693 825 1066 884 admittantur,
1096 825 1153 874 et
1177 814 1368 886 quales
1387 811 1616 882 publica:
1630 809 1777 880 leges
1805 820 1912 861 non
1931 802 2128 859 admit-

540 928 682 983 tunt,
706 931 811 972 non
838 909 1187 982 recipiantur,
1212 905 1265 961 id
1284 913 1390 968 est,
1419 899 1656 958 infamia:
1676 895 1905 952 maculis
1919 893 2128 963 aspersi

540 1027 646 1070 non
669 1007 1026 1064 admittuntur
1047 1002 1116 1058 ad
1135 997 1566 1060 accusationem;
1611 991 1703 1047 sed
1731 998 1910 1044 tamen
1949 982 2128 1041 omni-

536 1103 660 1165 bus,
676 1097 871 1168 quibus
883 1089 1156 1149 accusatio
1167 1089 1483 1158 denegatur,
1499 1083 1552 1137 in
1574 1078 1756 1136 causis
1774 1075 2008 1150 propriis
2035 1087 2131 1128 ac-

542 1166 766 1249 cusandi
784 1187 1002 1243 licentia
1024 1199 1136 1239 non
1150 1191 1234 1236 est
1251 1177 1591 1250 deneganda:
1614 1183 1670 1229 et
1691 1168 1922 1242 suspecti
1946 1166 2133 1239 gratia:

549 1291 740 1346 testes,
767 1287 824 1334 et
853 1277 928 1332 illi
952 1274 1037 1330 vel
1056 1272 1312 1336 maxime,
1343 1282 1478 1338 quos
1509 1269 1792 1320 accusator
1820 1261 1887 1316 de
1913 1274 2012 1315 sua
2040 1258 2133 1312 do-

541 1386 632 1429 mo
653 1365 992 1440 produxerit,
1012 1363 1098 1419 vel
1121 1362 1246 1416 vita:
1261 1357 1537 1414 humilitas
1558 1349 1919 1414 infamaverit,
1942 1347 2027 1402 vel
2053 1346 2135 1400 in-

541 1461 622 1518 fra
651 1475 823 1516 annos
845 1453 1252 1528 quatuordecim
1275 1449 1451 1506 aetatis
1472 1462 1604 1510 suae,
1623 1459 1728 1521 non
1756 1440 2132 1496 admittantur.

613 1553 744 1610 CAP.
774 1527 986 1618 V.iQui
1035 1555 1240 1610 testes,
1297 1549 1360 1596 ut
1401 1541 1487 1596 lex
1531 1533 1818 1592 Theodosii
1868 1527 2130 1602 praecipit,

473 1716 477 1720 ἠ
545 1645 865 1718 priusquam
912 1640 980 1695 de
1018 1651 1180 1694 causa
1212 1635 1638 1702 interrogentur,
1671 1632 2015 1682 sacramento
2043 1619 2133 1674 de-

546 1711 679 1794 bent
705 1711 1026 1802 constringi,
1071 1736 1130 1783 ut
1161 1725 1346 1797 iurent
1389 1738 1448 1778 se
1489 1719 1623 1776 nihil
1649 1716 1767 1772 falsi
1797 1728 1918 1770 esse
1964 1711 2137 1767 dictu-

2227 526 2384 592 veri,
2435 533 2494 578 ut
2535 520 2831 590 contempti
2861 516 3108 586 posthac,
3155 520 3212 567 et
3237 510 3451 566 misera:
3481 506 3823 563 humilitatis

2228 616 2471 674 inclinati
2485 616 2735 684 despectu
2748 653 2760 676 ,
2778 609 3096 678 iniuriarum
3112 619 3217 660 non
3233 603 3474 658 habeant
3495 600 3780 655 actionem
3803 616 3822 664 ;

2229 710 2303 765 ita
2329 707 2521 764 similis
2546 703 2716 759 videri
2745 702 2902 756 debet
2925 697 3169 770 iustitiae,
3199 693 3342 765 quod
3373 693 3639 764 appetita:
3667 692 3823 746 inno-

2227 801 2419 858 centia:
2446 797 2783 854 moderatam
2813 791 3012 848 deferri
3035 788 3300 861 iussimus
3326 785 3618 840 ultionem.
3672 782 3826 838 Ideo-

2229 905 2336 963 que
2363 886 2672 959 huiusmodi
2702 885 2966 940 duntaxat
2995 893 3191 935 causas
3217 875 3458 947 episcopi
3488 875 3596 930 sub
3625 875 3825 928 testiﬁ-

2231 983 2447 1040 catione
2510 978 2803 1036 multorum
2837 983 2958 1030 acta
2989 971 3176 1028 audire
3219 968 3514 1025 debebunt.
3565 967 3642 1022 Et
3683 966 3822 1021 sacri

2230 1071 2688 1143 Carthaginenses
2734 1079 2970 1121 canones
3019 1063 3160 1117 inter
3188 1065 3538 1116 accusatores
3586 1055 3824 1110 clerico-

2231 1181 2352 1222 rum
2373 1205 2388 1231 ,
2433 1172 2491 1220 et
2538 1167 2826 1218 accusatos
2857 1157 3088 1212 clericos
3113 1153 3393 1214 ordinem,
3441 1147 3696 1219 qualiter
3728 1161 3818 1201 ex-

2233 1249 2738 1311 communicationis
2765 1245 3064 1311 damnatio,
3097 1242 3183 1298 vel
3223 1235 3658 1296 examinationis
3699 1249 3826 1304 pur-

2232 1347 2378 1418 gatio
2407 1345 2495 1414 agi
2524 1342 2755 1406 debeat,
2801 1337 3092 1394 manifeste
3121 1333 3421 1398 difliniunt,
3469 1328 3694 1386 scilicet
3721 1347 3740 1379 ε
3770 1337 3825 1383 ιιι

2232 1436 2538 1507 presbyter,
2587 1431 2669 1487 vel
2719 1427 2990 1485 inferioris
3033 1423 3232 1497 gradus
3265 1421 3506 1478 clericus
3535 1426 3823 1473 accusatus

2235 1525 2376 1596 apud
2403 1521 2681 1593 proprium
2709 1519 3052 1590 episcopum,
3099 1523 3154 1570 et
3182 1521 3471 1569 accusator
3502 1510 3558 1563 in
3586 1522 3661 1563 eo
3689 1507 3816 1572 loco,

2234 1616 2486 1672 videlicet
2513 1616 2567 1670 in
2593 1613 2783 1669 eadem
2809 1610 3065 1682 parochia
3084 1649 3100 1674 ,
3131 1607 3275 1662 unde
3303 1613 3388 1661 est
3412 1602 3508 1659 ille
3535 1601 3637 1672 qui
3669 1615 3820 1656 accn-

2241 1717 2415 1775 satur,
2449 1707 2628 1763 locum
2657 1704 2759 1761 sibi
2789 1703 2952 1775 eligat
2980 1701 3310 1773 proximum,
3339 1710 3448 1767 quo
3477 1709 3593 1750 non
3627 1693 3704 1748 sit
3729 1691 3821 1747 dif-

551 1844 679 1894 ros,
701 1837 758 1882 et
797 1784 1200 1887 hones-tioribus
1234 1815 1406 1887 magis
1454 1827 1616 1883 quam
1662 1807 1942 1862 vilioribus
1985 1799 2139 1856 testi-
2163 1785 2212 1846 Β
2239 1801 2382 1856 ficile
2411 1808 2580 1854 testes
2606 1795 2935 1869 producere,
2977 1793 3069 1848 ubi
3105 1805 3269 1847 causa
3302 1789 3544 1844 finiatur.
3597 1784 3670 1839 Et
3703 1784 3822 1839 hinc

545 1919 648 1974 bus
689 1918 822 1972 fides
857 1913 1019 1970 debet
1057 1909 1288 1966 admitti.
1328 1905 1501 1962 Unius
1529 1911 1709 1957 autem
1737 1894 2129 1956 testimonium,

550 2006 850 2076 quamlibet
897 2000 1173 2073 splendida
1229 2006 1286 2053 et
1325 1997 1518 2051 idonea
1562 1993 1813 2047 videatur
1850 2003 1970 2042 esse
2009 1999 2131 2055 per-

555 2074 708 2160 sona,
759 2094 1061 2150 nullatenus
1121 2086 1468 2144 audiendum.
1530 2083 1597 2138 Et
1652 2082 1738 2136 lex
1768 2074 2131 2135 Valentiniani

547 2197 601 2242 et
624 2185 914 2242 Theodosii
951 2181 1198 2255 praacipit
1249 2179 1310 2252 (1.
1344 2178 1410 2232 15
1450 2175 1580 2231 Cod.
1624 2173 1845 2236 Theod.,
1877 2169 1942 2224 de
1966 2169 2132 2222 Accu-

546 2277 674 2342 sat.)
713 2285 772 2332 ut
807 2277 862 2332 in
915 2272 1292 2331 criminalibus
1338 2268 1539 2333 causis,
1594 2264 1677 2320 vel
1712 2259 2129 2334 obiectionibus,

544 2385 643 2442 per
673 2369 985 2425 mandatum
1014 2365 1194 2421 nullus
1219 2369 1456 2425 accuset,
1485 2372 1586 2414 nec
1611 2357 1656 2413 si
1683 2370 1779 2427 per
1803 2352 2131 2423 rescriptum

545 2459 809 2530 principis
845 2460 948 2515 hoc
985 2455 1224 2528 potuerit
1254 2454 1592 2523 impetrare:
1625 2449 1717 2503 sed
1741 2447 1878 2518 ipse,
1906 2445 1997 2516 qui
2025 2443 2134 2499 cri-

547 2565 672 2608 men
699 2549 954 2614 intendit,
1004 2561 1242 2618 praasens
1270 2557 1368 2614 per
1407 2555 1467 2597 se
1503 2546 1724 2595 accuset
1752 2537 1805 2592 in
1839 2534 2134 2605 scriptione

545 2640 845 2712 pramissa.
893 2635 1113 2692 Judices
1156 2643 1339 2688 autem
1376 2629 1638 2700 puniendi
1681 2633 1831 2691 sunt,
1873 2633 1931 2679 et
1978 2624 2132 2678 dam-

546 2729 785 2786 nandum
825 2725 1081 2790 oilicium,
1111 2722 1155 2778 si
1185 2721 1326 2777 forte
1351 2719 1639 2783 tacuerint,
1683 2717 1731 2771 si
1766 2716 2133 2778 innocentem,

547 2819 652 2876 nisi
686 2817 964 2890 praemissa
1009 2813 1382 2884 inscriptione,
1429 2808 1769 2866 subdendum
1807 2804 2137 2861 crediderint

559 2911 862 2984 quaestioni.
901 2909 961 2966 Si
1020 2916 1201 2964 autem
1249 2905 1430 2961 clerici
1458 2904 1513 2958 in
1541 2898 1927 2958 ecclesiasticis
1953 2895 2136 2952 causis

550 3001 920 3058 testimonium
960 2998 1104 3068 apud
1147 2994 1544 3051 ecclesiasticos
1567 2990 1826 3053 dixerint,
1855 3000 1952 3058 per
1977 2999 2132 3041 com-

549 3092 802 3162 promissi
847 3087 1120 3144 vinculum
1166 3084 1475 3157 episcopale
1496 3081 1767 3152 judicium
1796 3092 1906 3132 non
1935 3074 2135 3130 adeun-

553 3181 701 3246 dum,
733 3181 849 3250 lege
868 3175 1150 3246 Maioriani
1175 3175 1495 3244 abrogatum
1525 3179 1628 3228 est.

623 3272 748 3328 CAP.
775 3270 862 3326 Vl.
905 3269 972 3324 Et
1000 3269 1126 3340 quia
1153 3265 1447 3323 secundum
1476 3279 1660 3320 sacras
1685 3261 1832 3333 leges
1861 3257 2132 3315 sententia

555 3366 672 3422 sine
703 3365 912 3434 scripto
942 3363 1110 3427 dicta,
1132 3375 1235 3417 nec
1257 3373 1453 3414 nomen
1481 3356 1765 3412 sententiae
1793 3354 1997 3409 habere
2022 3365 2135 3406 me-

554 3454 801 3520 rebitur;
859 3462 915 3510 et
956 3451 1114 3522 juxta
1164 3451 1338 3520 legem
1382 3446 1750 3505 Valentiniani
1797 3453 1854 3500 et
1892 3442 2136 3498 Valentis

554 3547 708 3619 (Cod.
737 3546 854 3601 cod.
881 3546 918 3599 l.
938 3547 1030 3611 11,
1049 3543 1269 3608 Inter.),
1288 3559 1307 3592 ‹
1329 3541 1435 3596 nisi
1467 3539 1816 3608 inscriptione
1839 3535 2132 3600 celebrata,

554 3653 708 3692 reum
731 3650 1056 3706 quemquam
1078 3649 1184 3689 non
1209 3631 1349 3699 ﬁeri,
1371 3647 1472 3687 nec
1493 3631 1558 3685 ad
1573 3628 1840 3698 iudicium
1867 3626 2134 3692 exhiberi,
2154 3627 2163 3634 '

555 3729 680 3797 quia
709 3727 852 3782 sicut
877 3725 1187 3782 convictum
1218 3739 1375 3794 poena
1408 3721 1760 3792 constringit,
1793 3720 1866 3774 ita
1892 3727 1948 3773 et
1973 3733 2135 3773 accu—

554 3828 812 3884 satorem,
839 3819 884 3875 si
914 3835 1022 3874 non
1049 3817 1364 3888 probaverit
1384 3813 1527 3886 quod
1556 3812 1783 3882 obiecit;
1807 3830 1825 3864 ι
1856 3821 1911 3866 et
1931 3811 2140 3882 legibus

554 3916 910 3972 constitutum
935 3923 1036 3977 est,
1064 3922 1124 3968 ut
1152 3913 1423 3982 scriptura
1449 3909 1690 3981 prolator
1713 3905 1965 3971 afﬁrmet,
1987 3903 2140 3973 cuius

556 4010 604 4067 si
638 4025 746 4066 non
777 4008 1070 4066 astruxerit
1099 4007 1385 4062 veritatem
1406 4044 1421 4069 ,
1462 4011 1524 4058 ut
1551 4000 1804 4056 falsitatis
1833 4013 1984 4054 reum
2020 4010 2141 4052 esse

557 4098 938 4162 retinendum;
959 4105 1015 4152 et
1041 4094 1307 4154 criminis,
1335 4093 1477 4163 quod
1507 4091 1736 4160 probare
1761 4086 2137 4156 nequiverunt,

559 4187 825 4244 delatores
855 4193 916 4240 ut
943 4183 1146 4256 periuri
1177 4196 1243 4236 ac
1270 4180 1529 4235 falsitatis
1559 4178 1635 4232 rei
1663 4173 1952 4231 damnandi
1982 4181 2140 4238 sunt,

454 4306 457 4308 -
559 4279 698 4335 sicut
735 4277 819 4332 lex
857 4275 1090 4332 Honorii
1131 4282 1186 4328 et
1213 4270 1502 4327 Theodosii
1560 4266 1803 4324 decrevit
1829 4264 1888 4335 (ι.
1918 4263 1982 4317 41
2017 4261 2135 4316 cod.

562 4367 784 4432 Theod.,
825 4366 891 4421 de
926 4362 1132 4436 Episc.,
1160 4361 1293 4434 etc.)
1345 4380 1359 4415 :
1411 4359 1672 4424 Clericos,
1705 4357 1984 4428 inquiens,
2035 4368 2142 4408 non

559 4457 662 4513 nisi
716 4457 856 4526 apud
907 4455 1191 4526 episcopos
1239 4451 1485 4508 accusari
1534 4449 1806 4506 convenit.
1871 4445 2042 4518 Igitur
2094 4443 2140 4499 si

2229 1889 2375 1961 leges
2418 1889 2606 1945 dicunt
2646 1885 2786 1957 (cod.
2811 1885 2955 1950 eod.,
2982 1882 3022 1937 l.
3051 1881 3139 1953 10)
3167 1899 3180 1936 :
3207 1879 3512 1936 Critninum
3556 1874 3820 1932 diswssio

2232 1988 2307 2043 ibi
2346 1984 2598 2056 agitanda
2629 1989 2754 2046 est,
2801 1978 2895 2034 ubi
2941 1977 3149 2032 crimen
3190 1973 3486 2029 admissum
3529 1978 3636 2027 est.
3691 1968 3816 2024 Nam

2231 2075 2361 2132 alibi
2408 2071 2699 2130 criminum
2749 2083 2876 2124 reus
2921 2065 3241 2138 prohibetur
3281 2061 3478 2117 audiri.
3507 2079 3528 2112 ι
3577 2057 3666 2112 Illi
3698 2071 3819 2112 vero

2231 2167 2324 2238 qui
2357 2163 2602 2237 pulsatus
2627 2159 2826 2226 fuerit,
2874 2157 2920 2213 si
2944 2157 3211 2226 iudicem,
3258 2153 3314 2210 id
3369 2159 3456 2207 est
3507 2148 3817 2220 episcopum

2232 2274 2416 2323 suum,
2447 2261 2758 2325 suspectum
2786 2250 3059 2314 habuerit,
3099 2248 3225 2303 licet
3254 2243 3558 2317 appellare,
3611 2241 3814 2297 scilicet

2224 2350 2300 2405 ‘ad
2335 2347 2596 2402 finitimos
2627 2344 2911 2415 episcopos
2953 2341 3120 2412 ipsius
3156 2336 3487 2410 provinciae,
3533 2341 3600 2389 ut
3638 2331 3812 2389 Sardi-

2233 2451 2425 2495 censes
2462 2443 2518 2491 et
2546 2432 3005 2503 CarthaginenSes
3039 2442 3278 2485 canones
3311 2427 3710 2489 decreverunt,
3737 2421 3813 2478 vel

2234 2529 2303 2584 ad
2353 2525 2830 2596 metropolitanum
2878 2522 3192 2592 episcopum
3237 2520 3390 2590 iuxta
3419 2515 3811 2570 Antiocheam

2235 2617 2560 2683 concilium,
2592 2615 2709 2670 sive
2737 2614 2807 2668 ad
2839 2609 3194 2682 provincialia
3219 2607 3482 2673 concilia,
3515 2607 3664 2662 sicut
3689 2603 3816 2660 sacri

2236 2709 2437 2765 Nicaani
2463 2715 2520 2763 et
2541 2704 2865 2762 Antiocheni
2891 2717 3128 2759 canones
3149 2701 3579 2763 constituerunt,
3605 2703 3664 2752 et
3687 2696 3818 2750 sicut

2234 2799 2551 2856 Africanum
2581 2795 2873 2854 concilium
2901 2795 2956 2849 in
2985 2791 3214 2864 epistola
3244 2791 3312 2846 ad
3340 2788 3693 2846 Caelestinum
3728 2801 3817 2857 pa-

2236 2903 2362 2959 pam
2398 2887 2673 2950 ostendit,
2722 2885 2810 2940 vel
2854 2899 2886 2939 a
2931 2885 3149 2940 decreto
3191 2881 3570 2952 episcoporum
3601 2888 3815 2933 numero

2237 2978 2532 3033 secundum
2559 2975 2991 3046 Carthagincnse
3018 2970 3334 3036 concilium,
3359 2968 3446 3024 vel
3474 2983 3504 3022 a
3529 2967 3813 3036 iudicibus,

2237 3069 2353 3125 sive
2363 3083 2501 3140 quos
2523 3068 2678 3138 iuxta
2696 3065 2982 3122 Africanos
3003 3077 3246 3120 canones
3258 3060 3469 3132 primas
3484 3057 3572 3114 ille
3592 3056 3817 3122 dederit,

2161 3134 2210 3200 ο
2239 3163 2355 3218 sive
2380 3175 2518 3232 quos
2546 3160 2661 3231 ipse
2691 3174 2815 3214 cum
2843 3157 3082 3229 episcopi
3120 3156 3204 3211 sui
3233 3169 3506 3211 consensu
3537 3151 3820 3222 delegerit,

2239 3268 2271 3308 a
2294 3253 2492 3324 quibus
2517 3251 2798 3323 provocari
2826 3265 2933 3304 non
2965 3249 3114 3314 licet,
3143 3247 3472 3318 regulariter
3491 3243 3779 3314 iudicetur.

2309 3346 2438 3401 Car.
2468 3345 2598 3400 Vlll.
2640 3344 2866 3400 Constat
2904 3343 3090 3414 igitur,
3131 3341 3180 3398 si
3206 3343 3362 3412 iuxta
3396 3338 3683 3394 concilium
3716 3335 3826 3391 An-

2239 3441 2585 3505 tiochenum,
2625 3437 2694 3493 ab
2728 3435 3021 3493 universali
3060 3449 3260 3506 magna
3294 3432 3504 3504 synodo
3531 3428 3826 3486 Chalcedo-

2240 3535 2392 3589 nensi
2423 3531 2794 3588 favorabiliter
2828 3530 2882 3585 in
2930 3530 3143 3586 actione
3185 3525 3494 3583 duodecima
3539 3531 3824 3595 receptum

2239 3633 2294 3680 et
2322 3624 2723 3688 collaudatum,
2759 3619 3058 3692 perfectum
3089 3617 3379 3674 concilium
3405 3613 3540 3670 illud
3570 3623 3692 3678 est,
3737 3611 3825 3666 ubi

2241 3715 2548 3772 interfuerit
2568 3712 3014 3783 metropolitanns
3037 3711 3288 3776 antistes,
3311 3708 3481 3764 multo
3508 3705 3677 3776 magis
3705 3719 3828 3776 per-

2241 3805 2443 3864 fectum
2477 3815 2532 3863 et
2559 3805 2851 3861 tenendum
2897 3813 3062 3874 atque
3109 3801 3445 3873 sequendum
3492 3806 3577 3852 est
3621 3811 3827 3866 prace-

2243 3900 2378 3954 dens
2423 3897 2718 3968 capitulum
2769 3896 2836 3951 de
2883 3896 3330 3967 presbyterorum
3377 3888 3828 3962 comprobatione

2243 3989 2328 4048 vel
2354 3989 2700 4060 purgatione,
2739 3987 2987 4043 consultu
3018 3985 3164 4040 sedis
3193 3983 3533 4054 apostolicae,
3566 3989 3622 4036 et
3647 3989 3830 4034 tanto—

2244 4094 2367 4134 rum
2401 4079 2815 4149 episcOporum,
2859 4091 2925 4131 ac
2965 4084 3288 4131 ceterorum
3330 4070 3830 4129 ecclesiasticorum

2245 4170 2618 4225 ministrorum
2645 4209 2661 4234 ,
2711 4167 2917 4239 Deique
2950 4166 3186 4222 fidelium
3217 4179 3487 4221 consensu
3512 4163 3788 4218 ﬁrmatum
3810 4199 3826 4224 ,

2245 4263 2403 4317 sicuti
2433 4277 2566 4318 voce
2604 4261 2783 4334 magni
2818 4269 2872 4316 et
2899 4260 3186 4317 orthodoxi
3226 4257 3574 4329 imperatoris
3599 4255 3834 4327 legimus

2246 4363 2586 4418 attestatum,
2610 4363 2667 4408 et
2690 4369 2788 4424 per
2811 4361 2960 4406 tanta
2989 4361 3232 4424 tempora
3257 4349 3600 4424 sequentium
3621 4347 3834 4418 episco-

2247 4460 2438 4515 porum
2468 4460 2568 4500 usu
2599 4454 2654 4499 et
2677 4444 3072 4499 consuetudine
3101 4436 3434 4498 roboratum.
3469 4438 3625 4495 Hanc
3651 4445 3834 4493 aucto-

560 4546 863 4616 episcopus,
909 4545 1218 4614 presbyter,
1245 4543 1524 4603 diaconus,
1576 4547 1631 4594 et
1658 4513 1969 4607 quicunque
1999 4533 2139 4589 infe-
2166 4513 2219 4574 Ῑ)
2248 4513 2461 4589 ritatem
2488 4534 2540 4588 in
2570 4534 2906 4603 depositione
2925 4533 3344 4589 criminosorum
3364 4530 3831 4602 presbyterorum,

560 4636 724 4692 rioris
752 4634 854 4690 loci
877 4633 1198 4690 Christianae
1227 4633 1363 4702 legis
1391 4631 1641 4687 minister
1670 4629 1812 4700 apud
1837 4628 2138 4697 episcopos,

560 4727 827 4798 siquidem
862 4725 988 4781 alibi
1018 4741 1125 4781 non
1152 4732 1402 4796 oportet,
1434 4739 1465 4778 a
1497 4723 1736 4794 qualibet
1764 4736 1992 4792 persona
2025 4720 2142 4775 fue-

563 4822 678 4878 rint
704 4820 968 4885 accusati,
997 4819 1113 4877 sive
1144 4819 1234 4875 ille
1263 4816 1508 4874 sublimis
1537 4818 1623 4872 vir
1647 4815 1892 4882 honoris,
1923 4815 2037 4870 sive
2061 4812 2142 4868 ul-

563 4913 669 4969 lius
714 4911 936 4967 alterius
976 4909 1254 4982 dignitatis
1278 4950 1295 4976 ,
1346 4909 1438 4980 qui
1475 4909 1579 4964 hoc
1613 4923 1782 4980 genus
1818 4903 2143 4961 illandahilis

561 5005 881 5061 intentionis
909 5003 1154 5075 arripiet,
1193 5002 1408 5059 noverit
1433 5002 1675 5058 docenda
1706 4999 2136 5072 probationibus,

562 5096 916 5152 monstranda
944 5095 1299 5161 documentis,
1330 5109 1389 5150 se
1415 5094 1612 5150 debere
1637 5092 1859 5148 inferre.

633 5187 762 5244 CAP.
789 5188 900 5245 Vll.
938 5187 997 5244 Si
1027 5189 1149 5258 quis
1177 5202 1307 5259 ergo
1335 5195 1521 5243 contra
1551 5184 1856 5253 huiusmodi
1880 5198 2140 5254 personas

565 5293 673 5335 non
701 5279 976 5349 probanda
1007 5279 1280 5341 detulerit,
1310 5278 1628 5333 auctoritate
1656 5275 1817 5344 huius
1847 5277 2141 5332 sanctionis

563 5370 830 5443 intelligat
874 5386 933 5426 se
978 5371 1204 5442 iacturae
1248 5369 1404 5426 fama:
1442 5371 1672 5442 propria:
1715 5367 2033 5438 subiacere,
2082 5379 2144 5426 ut

567 5463 767 5518 damno
797 5461 1042 5532 pudoris,
1073 5461 1596 5534 existimationisque
1625 5463 1927 5532 dispendio,
1971 5462 2145 5518 discat

565 5550 671 5606 sibi
699 5550 893 5606 alienae
919 5551 1258 5606 verecundia:
1288 5551 1505 5622 impune
1534 5551 1810 5618 insidiari,
1853 5551 2046 5607 saltem
2076 5552 2142 5609 de

568 5649 766 5697 caetero
788 5656 895 5698 non
917 5641 1103 5699 licere.
1135 5641 1272 5698 Nam
1293 5642 1431 5698 sicut
1451 5644 1749 5714 episcopos,
1773 5645 2140 5715 presbyteros,

568 5729 847 5800 diaconos,
893 5745 1260 5806 caaterosque,
1310 5736 1355 5790 si
1406 5736 1492 5792 his
1537 5736 1748 5805 obiecta
1800 5739 2138 5809 comprobari

2242 4627 2328 4682 vel
2354 4627 2672 4697 purgatione
2701 4627 3112 4681 criminatorum
3132 4667 3148 4692 ,
3177 4640 3330 4681 more
3357 4623 3832 4681 consuetudinario

2243 4729 2428 4774 secuta
2471 4725 2556 4773 est
2598 4716 2926 4787 generaliter
2959 4716 3233 4788 Cisalpina
3275 4716 3520 4772 Ecclesia
3566 4714 3835 4771 catholica

2237 4811 2352 4884 iam
2382 4825 2479 4882 per
2503 4812 2845 4882 septuaginta
2872 4819 2928 4866 et
2952 4826 3017 4865 eo
3043 4811 3275 4880 amplius
3302 4825 3498 4866 annos.

2318 4904 2446 4960 CAP.
2479 4905 2570 4960 IX.
2614 4904 2682 4958 Et
2708 4905 2774 4958 de
2798 4903 3192 4960 consuetudine
3225 4913 3449 4960 sanctus
3476 4903 3831 4976 Augustinus,

2247 5015 2278 5054 a
2307 5001 2436 5056 sede
2466 4999 2761 5070 apostolica
2780 5039 2795 5062 ,
2826 5008 3017 5054 sancto
3041 4997 3338 5054 leestino
3364 4998 3667 5066 scribente,
3697 5001 3838 5055 inter

2246 5093 2479 5162 optimos
2525 5090 2781 5146 Ecclesiae
2829 5099 3173 5161 computatus
3227 5091 3555 5161 magistros,
3601 5091 3654 5146 in
3699 5092 3834 5147 libro

2246 5192 2441 5253 quarto
2475 5182 2542 5238 de
2572 5181 2850 5252 Baptismo
2896 5181 3031 5236 dicit
3078 5181 3218 5254 (cap.
3249 5181 3305 5252 5)
3331 5199 3344 5235 :
3391 5200 3410 5232 σ
3441 5181 3615 5238 Plane
3643 5197 3831 5236 verum

2247 5282 2331 5329 est
2351 5314 2368 5340 ,
2407 5274 2534 5344 quia
2568 5274 2708 5328 ratio
2740 5281 2792 5329 et
2824 5273 3024 5329 veritas
3052 5273 3432 5328 consuetudini
3468 5274 3834 5346 pratonenda

2250 5374 2366 5432 est,
2395 5366 2491 5421 sed
2520 5381 2643 5420 cum
2675 5365 3054 5420 consuetudini
3083 5365 3286 5420 veritas
3315 5363 3671 5436 suffragatur,
3704 5363 3836 5422 nihil

2250 5467 2464 5529 oportet
2493 5458 2703 5515 firmius
2733 5458 2974 5513 retineri.
3015 5477 3034 5510 ι
3089 5457 3496 5515 Ostendendum
3527 5467 3612 5515 est
3641 5460 3834 5530 igitur,

2249 5552 2292 5607 si
2321 5551 2461 5606 ratio
2488 5560 2542 5606 et
2563 5550 2765 5605 veritas
2792 5560 2955 5621 atque
2979 5550 3278 5606 auctoritas
3301 5551 3430 5606 huic
3450 5549 3835 5608 consuetudini

2247 5643 2592 5713 suifragatur.
2629 5643 2906 5714 Scriptura
2932 5653 3019 5699 est
3046 5643 3100 5699 in
3124 5645 3352 5716 mystica
3380 5643 3601 5701 Nicaena
3624 5645 3835 5717 synodo

2247 5737 2388 5807 (can.
2414 5735 2469 5806 5)
2497 5755 2508 5791 ;
2539 5756 2556 5790 ι
2583 5735 2870 5794 lnterdixit
2893 5751 2989 5806 per
3008 5736 3188 5793 omnia
3212 5751 3407 5809 magna
3431 5737 3702 5809 synodus,
3727 5750 3826 5794 nou
