4010 6330
210 347 348 404 1097

1305 353 1394 410 DE
1430 355 1912 418 PRESBYTERIS
1951 364 2362 423 CRIMINOSIS.

3328 393 3353 442 1
3363 389 3466 446 098

200 465 481 538 episc0po,
526 478 633 519 non
677 464 1016 536 presbytero,
1057 483 1163 522 non
1205 467 1454 536 diacono,
1490 487 1590 526 nec
1620 474 1781 528 alicui
1811 479 1857 537 Α
1886 477 2082 534 divinis
2127 491 2182 535 ct
2227 483 2509 555 angelicis,
2556 495 2718 562 atque
2747 501 3058 554 sanctorum
3107 501 3198 570 qui
3234 501 3289 558 in
3313 505 3467 560 coelis

197 557 568 626 omnino,‘qui
599 558 652 612 in
682 557 830 612 clero
857 569 963 622 est,
999 559 1162 614 licere
1192 561 1653 617 subintroductam
1687 565 1785 618 ha-

194 650 331 705 bere
359 648 661 713 mulierem,
693 649 794 703 nisi
824 647 962 703 forte
992 661 1241 716 matrem,
1274 661 1367 705 aut
1395 667 1659 720 sororem,
1691 666 1784 710 aut

191 740 456 803 amitam,
488 738 571 793 vel
605 753 698 792 eas
731 739 1102 794 tantummodo
1132 755 1424 807 personas,
1455 757 1575 811 qua:
1607 745 1784 813 suspi-

191 830 384 884 ciones
407 827 687 900 effugiunt.
713 847 732 880 ι
771 827 908 883 Hinc
930 827 1152 894 Valens,
1175 828 1489 895 Gratianus,
1513 841 1567 884 et
1588 832 1783 886 Valen-

189 918 440 973 tinianus
465 918 690 988 Augusti
721 927 776 973 et
803 917 1100 972 Christiani
1136 917 1492 988 imperatores
1527 921 1782 976 decreve-

191 1017 328 1064 runt
359 1009 530 1079 legem
560 1009 618 1078 (l.
649 1009 896 1082 δμῳαί.
927 1008 1119 1061 Tlieod.
1150 1009 1214 1062 de
1241 1011 1421 1078 episc.,
1443 1010 1597 1081 etc.),
1628 1013 1782 1082 cujus

185 1101 571 1172 interpretatio
595 1100 718 1155 talis
739 1079 823 1156 est
849 1117 863 1154 :
896 1099 1212 1168 Quicunque
1239 1099 1527 1155 clericatus
1550 1079 1780 1156 utuntur

183 1192 392 1257 oﬂicio,
437 1200 818 1246 extranearum
869 1190 1155 1245 mulierum
1204 1189 1629 1245 familiaritatem
1675 1193 1775 1246 ha-

182 1284 325 1339 bere
353 1283 742 1353 prohibentur:
786 1293 1018 1338 matrum
1040 1324 1054 1348 ,
1097 1297 1344 1338 sororum
1364 1323 1378 1348 ,
1415 1281 1500 1337 vel
1532 1282 1771 1339 filiarum

185 1375 299 1431 sibi
331 1375 522 1431 solatia
549 1376 690 1432 intra
715 1374 932 1431 domum
960 1389 1113 1431 suam
1144 1373 1394 1430 noverint
1419 1381 1623 1429 tantum
1653 1390 1774 1432 esse

185 1477 450 1522 concessa
459 1505 472 1520 .

265 1598 396 1654 CAP.
424 1597 493 1654 X.
533 1598 638 1655 Sed
666 1600 790 1670 quia
820 1600 920 1656 sub
945 1601 1233 1656 occasione
1263 1601 1487 1657 istarum
1514 1616 1774 1672 persona-

182 1706 313 1745 rum
333 1729 349 1755 ,
384 1689 505 1744 alia
533 1689 786 1746 mulieres
823 1691 1198 1747 subintroduci
1228 1703 1543 1762 cmperunt,
1594 1695 1770 1750 sancti

178 1781 431 1836 Africani
463 1796 697 1837 canones
725 1783 1078 1838 decreverunt
1109 1783 1249 1854 (can.
1277 1782 1355 1854 5),
1408 1792 1470 1837 ut
1516 1800 1616 1840 nec
1662 1786 1765 1855 ipsi

1887 575 2032 632 sunt,
2057 571 2227 626 oculis
2256 575 2514 631 abscondi
2547 593 2654 633 non
2687 585 2877 652 possit,
2913 597 3093 644 tamen
3117 593 3279 647 etiam
3302 595 3469 664 quill-

1885 658 2001 756 hct.
2037 661 2364 729 rusticanus,
2429 673 2799 729 concumbens
2853 679 3014 732 etiam
3075 696 3197 736 cum
3246 687 3465 756 propria

1883 746 2133 844 conjuge,
2158 762 2317 844 prout
2341 767 2545 825 potest,
2570 760 2929 830 plurimorum
2970 769 3172 826 devitat
3195 746 3465 844 aspectus.

1882 834 2096 933 Quanto
2122 843 2293 912 magis
2321 848 2629 919 presbyter,
2660 853 2704 907 si
2743 868 2962 911 sensum
3015 834 3464 933 hominisbabet,

1881 927 2080 1026 malum
2110 945 2276 1001 agens
2301 936 2513 991 curabit
2533 941 2886 1009 abscondere,
2909 960 3130 1019 propter
3155 956 3293 1022 quod
3315 927 3468 1026 pate;

1880 1014 2106 1084 factum,
2140 1023 2244 1076 scit
2285 1039 2344 1078 se
2395 1042 2500 1081 non
2543 1031 2715 1086 solum
2767 1014 3188 1097 ecclesiasticum
3237 1014 3464 1114 gradum

1879 1109 2154 1176 amittere,
2175 1115 2268 1168 sed
2293 1123 2349 1169 et
2371 1131 2468 1171 sua
2496 1133 2614 1188 qua:
2637 1122 2797 1178 habet
2822 1142 2887 1181 ex
2913 1109 3266 1192 facultatibus
3280 1137 3464 1196 Eccle-

1878 1197 1974 1251 size
1997 1201 2247 1268 perdere.
2266 1202 2383 1258 Non
2410 1206 2573 1277 igitur
2596 1209 2662 1263 de
2685 1210 2788 1268 hoc
2812 1222 3114 1277 verecunde
3136 1238 3457 1292 quaeremus,

1877 1289 2021 1358 quod
2077 1299 2133 1344 et
2181 1291 2471 1360 Apostolus
2524 1313 2631 1352 non
2672 1303 2816 1359 nudo
2865 1307 2958 1361 sed
3010 1289 3185 1366 velato
3246 1289 3462 1375 nomine

1876 1378 2105 1472 loquens
2135 1384 2275 1472 apiud
2309 1385 2548 1456 legitime
2596 1392 2929 1464 conjugatos,
2960 1401 3163 1454 studuit
3193 1405 3462 1472 appellare

1875 1468 2065 1524 dicens
2108 1485 2124 1524 :
2175 1471 2242 1526 Et
2273 1491 2336 1527 ne
2365 1479 2481 1545 quis
2517 1479 2884 1539 circumveniat
2918 1488 2973 1541 in
3015 1468 3460 1563 negotio—fratrem

1871 1576 2029 1614 suum
2053 1561 2103 1632 (Ι
2133 1562 2310 1618 Thess.
2337 1583 2413 1631 tv,
2429 1569 2504 1639 6').
2529 1569 2926 1631 Tantummodo
2949 1590 3126 1635 autem
3152 1585 3217 1638 de
3237 1561 3460 1646 accessu

1873 1660 1930 1706 et
1978 1652 2413 1724 frequentatione
2464 1679 2527 1718 ac
2577 1667 2984 1725 cohabitatione
3013 1677 3457 1747 presbyterorum

1874 1754 2063 1800 contra
2092 1749 2413 1806 canonicum
2457 1753 2802 1813 interdictum
2847 1776 2969 1816 cum
3001 1763 3236 1832 feminis,
3261 1769 3304 1823 si
3331 1770 3458 1830 inde

180 1871 458 1942 episcopi,
496 1835 1082 1943 autpresbyvtevrivmoli
1113 1835 1355 1927 habeant
1796 1836 1842 1895 Β
1869 1835 2480 1943 ίυξξίηξθθθίξῗθξίζθδξ
2527 1849 2928 1943 ίῖξίζνίνθῐξίίυηι·
2958 1855 3116 1925 Qum.
3144 1867 3202 1913 υῑ
3231 1871 3453 1920 sanctus

176 1958 412 2024 viduas,
456 1958 544 2014 vel
570 1959 835 2029 virgines,
879 1958 964 2014 vel
1002 1960 1070 2014 ad
1105 1975 1458 2030 quascunque
1498 1962 1760 2029 feminas,

179 2050 283 2105 sed
310 2049 396 2104 ubi
427 2058 522 2103 aut
547 2049 730 2105 clerici
761 2059 1054 2118 praesentes
1080 2058 1227 2114 sunt,
1258 2060 1351 2105 aut
1376 2066 1569 2122 graves
1595 2053 1763 2123 aliqui

177 2135 501 2193 Christiani.
541 2137 694 2193 Uade
716 2138 856 2194 sicut
874 2140 1061 2194 beatus
1082 2139 1376 2210 Gregorius
1397 2140 1462 2194 ad
1486 2141 1763 2199 ministros

174 2229 440 2284 Ecclesiae
462 2227 720 2284 Romanae
744 2229 964 2299 scripsit
1000 2228 1110 2301 (lib.
1142 2245 1239 2295 vn,
1266 2232 1416 2300 epist.
1433 2230 1544 2300 59),
1570 2234 1762 2288 beatus

173 2318 520 2391 Augustinus
561 2336 662 2376 nec
699 2335 821 2375 cum
860 2336 1045 2377 sorore
1088 2322 1335 2377 habitare
1376 2324 1650 2378 consensit
1674 2324 1760 2380 di-

176 2423 317 2465 cens
341 2429 354 2465 :
383 2410 543 2480 (Q02
561 2427 684 2468 cum
706 2426 892 2468 801⁸01⁵0
922 2428 1042 2468 mea
1071 2423 1216 2478 sunt,
1248 2429 1464 2470 sorores
1493 2430 1622 2470 mea:
1650 2431 1758 2471 non

171 2510 327 2557 sunt.
359 2523 378 2554 ι
432 2503 502 2558 Ει
545 2519 613 2560 ex
658 2504 761 2560 hoc
805 2505 935 2560 dicit
974 2514 1196 2560 sanctus
1231 2504 1565 2578 Gregorius:
1604 2507 1757 2563 Ducti

172 2608 312 2664 ergo
337 2595 440 2650 viri
469 2596 679 2652 cautela
704 2612 900 2668 magna
926 2597 1082 2652 nobis
1112 2598 1273 2655 debet
1297 2614 1420 2654 esse
1446 2600 1752 2656 instructio.

169 2686 317 2742 Nam
346 2689 575 2744 incautae
600 2690 1035 2760 praesumptionis
1065 2698 1182 2754 est,
1213 2691 1360 2760 quod
1386 2689 1544 2746 fortis
1569 2700 1753 2760 pavet,

171 2779 360 2834 minus
384 2779 620 2833 validum
658 2794 766 2833 non
803 2779 1016 2835 timere.
1073 2779 1358 2849 Sapienter
1383 2780 1526 2834 enim
1565 2780 1755 2836 illicita

168 2878 420 2938 superat,
443 2867 537 2937 qui
563 2869 811 2924 didicerit
832 2869 995 2924 etiam
1013 2884 1132 2924 non
1159 2870 1236 2924 uti
1261 2871 1554 2927 concessis.
1592 2872 1659 2927 Et
1685 2887 1753 2928 ex

169 2959 281 3015 hoc
310 2959 367 3014 in
398 2959 516 3031 lege
543 2959 833 3018 Iustiniani
862 2961 1137 3018 decretura
1166 2971 1282 3028 est,
1313 2978 1431 3032 cap.
1464 2963 1592 3028 475,
1621 2973 1680 3019 ιιι
1706 2965 1753 3021 si

169 3053 298 3122 quis
335 3053 616 3109 mulierem
655 3054 711 3110 in
752 3070 849 3110 sua
887 3055 1049 3112 domo
1086 3056 1366 3120 habuerit,
1416 3073 1536 3127 qua:
1578 3067 1755 3127 potest

169 3144 538 3214 suspicionem
564 3145 764 3201 inferre
791 3147 1164 3217 turpitudinis,
1187 3159 1241 3204 et
1269 3148 1360 3204 ille
1381 3164 1410 3202 a
1433 3149 1752 3206 conclericis

170 3236 290 3292 suis
315 3238 569 3305 audierit,
596 3238 740 3310 quod
768 3254 888 3294 cum
921 3239 1010 3294 tali
1041 3241 1270 3297 muliere
1299 3257 1404 3297 non
1435 3242 1632 3297 debeat
1660 3245 1753 3298 ha-

169 3325 380 3391 bitare,
411 3328 458 3382 si
487 3327 724 3382 noluerit
752 3343 870 3384 eam
910 3344 1006 3387 sua
1044 3330 1204 3385 domo
1231 3331 1517 3401 repellere,
1548 3333 1632 3387 vel
1660 3349 1752 3389 ac-

171 3425 425 3474 cusatore
464 3419 817 3491 immergente
843 3421 1102 3490 probatus
1131 3421 1293 3478 fuerit
1323 3423 1604 3478 inhoneste
1630 3439 1754 3478 cum

172 3507 268 3562 tali
294 3509 518 3566 muliere
540 3511 770 3577 versari,
794 3519 923 3567 tunc
947 3513 1234 3583 episcopus
1260 3513 1556 3570 secundum
1583 3513 1755 3571 cccle-

168 3601 420 3658 siasticos
447 3617 682 3658 canones
711 3618 743 3658 a
769 3603 913 3660 clero
942 3619 1065 3660 eum
1093 3606 1339 3677 repellat.

175 3722 178 3730 ’
243 3732 370 3789 ΟΜ».
405 3733 493 3788 XI.
531 3733 670 3788 Etin
694 3736 911 3804 synodis
942 3736 1198 3792 Romanis
1222 3738 1448 3808 Eugenii
1471 3748 1526 3793 et
1550 3739 1756 3796 Leonis

169 3825 350 3892 quarti
373 3822 651 3877 decretum
681 3835 762 3878 est
792 3843 804 3878 :
841 3843 860 3876 ι
909 3824 966 3879 Si
997 3827 1266 3896 quispiam
1305 3829 1668 3896 sacerdotum,
1700 3830 1752 3884 id

169 3924 254 3969 est
303 3915 605 3984 episcOpus,
629 3916 930 3988 presbyter,
958 3917 1042 3973 vel
1090 3919 1253 3972 etiam
1281 3920 1661 3984 subdiaconus,
1689 3923 1756 3978 de

169 4019 496 4074 quacunque
522 4004 720 4059 femina
764 4006 989 4060 crimine
1031 4006 1406 4062 fornicationis
1447 4019 1748 4080 suspectus,

167 4104 292 4169 post
314 4098 566 4167 primam,
592 4099 991 4169 secundamque
1006 4109 1060 4156 et
1091 4101 1305 4156 tertiam
1330 4103 1752 4159 admonitionem

167 4189 598 4258 metropolitani,
649 4190 736 4246 vel
795 4190 1016 4247 alterius
1066 4193 1326 4263 episcopi,
1377 4203 1470 4247 aut
1508 4195 1625 4265 ejus
1665 4195 1753 4250 cui

166 4277 447 4347 subiacere
475 4282 705 4349 videtur,
753 4284 1059 4340 inveniatur
1102 4284 1347 4340 famulari
1403 4301 1522 4341 cum
1551 4303 1638 4352 ea,
1669 4287 1750 4343 vel

163 4371 350 4442 aliquo
399 4374 558 4428 modo
602 4375 933 4439 conversari,
985 4375 1247 4430 canonice
1283 4375 1572 4444 judicetur.
1609 4378 1750 4444 Qua-

1865 1923 2185 1984 Ambrosius
2213 1931 2342 1986 dicit
2364 1932 2530 2003 (epist.
2563 1937 2678 2007 tt):
2710 1959 2729 1990 ι
2751 1940 2955 1998 Judicis
2978 1923 3082 2000 non
3111 1956 3195 2003 est
3216 1950 3330 2005 sine
3353 1969 3449 2008 ac-

1865 2027 2119 2074 cusatore
2168 2021 2448 2091 damnare,
2507 2029 2632 2097 quia
2682 2040 2736 2086 et
2781 2032 3040 2092 Dominus
3087 2038 3278 2096 Judam
3323 2060 3448 2100 cum

1863 2106 1953 2200 fur
2001 2120 2176 2179 esset,
2229 2117 2486 2184 quoniam
2543 2136 2651 2177 non
2711 2133 2796 2179 est
2850 2139 3166 2200 accusatus,
3228 2135 3451 2194 minime

1863 2199 2078 2270 abjecit.
2115 2221 2136 2253 ι

1949 2291 2077 2347 Car.
2120 2293 2232 2350 XII.
2278 2296 2464 2365 Qualis
2483 2317 2612 2374 ergo
2647 2306 2840 2364 debeat
2879 2325 3000 2366 esse
3042 2313 3178 2371 ordo
3207 2316 3259 2371 in
3287 2333 3449 2375 accu-

1861 2382 2074 2440 satione
2101 2395 2157 2439 et
2186 2386 2590 2458 dijudicatione,
2645 2410 2866 2455 sanctus
2910 2402 3244 2473 Augustinus
3276 2423 3446 2480 expo-

1860 2491 1998 2532 nens
2027 2481 2352 2536 sententiam
2390 2485 2628 2554 Apostoli
2657 2507 2670 2542 :
2704 2490 2900 2560 Siquis
2939 2481 3106 2565 frater
3143 2503 3451 2560 nominatur

1859 2565 2169 2668 fornicator,
2193 2580 2327 2637 etc.,
2357 2575 2602 2668 Aostendit
2626 2578 2712 2648 (de
2741 2580 2931 2639 Paruit.
2966 2589 3147 2644 medic.
3185 2607 3302 2662 cap.
3336 2594 3391 2668 5)
3424 2613 3441 2652 :

1863 2673 1883 2706 ε
1911 2655 2118 2753 Noluit,
2142 2659 2319 2753 inquit
2340 2661 2650 2732 Apostolus,
2680 2668 2954 2729 hominem
2979 2677 3046 2731 ab
3065 2655 3280 2739 homine
3299 2655 3444 2753 judi-

1857 2746 1968 2801 cari
1994 2762 2061 2802 ex
2091 2751 2316 2807 arbitrio
2339 2755 2683 2826 suspicionis,
2708 2761 2791 2816 vel
2817 2764 2979 2820 etiam
3004 2746 3439 2832 extraordinario

1855 2839 2360 2910 usurpatojudicio,
2385 2847 2478 2902 sed
2504 2849 2685 2918 potius
2707 2866 2773 2906 ex
2796 2851 2915 2924 lege
2958 2856 3076 2923 Dei,
3106 2861 3219 2917 sive
3246 2879 3441 2919 secun-

1855 2927 1980 2982 dum
2023 2930 2267 2986 ordinem
2299 2926 2575 3004 Ecclesiae,
2624 2941 2739 2997 sive
2782 2943 2924 2999 ultro
2966 2948 3297 3020 confessum,
3329 2956 3442 3011 sive

1854 3029 2166 3076 accusatum
2198 3034 2362 3095 atque
2388 3031 2717 3098 convictum,
2739 3048 2860 3089 earn
2896 3039 3315 3099 nominationem
3347 3063 3442 3102 vo-

1852 3108 1970 3165 lens
1997 3111 2242 3186 intelligi,
2269 3133 2390 3186 qnae
2420 3119 2480 3174 fit
2508 3121 2562 3174 in
2606 3137 2954 3196 quemquam,
3005 3146 3126 3186 cum
3175 3137 3440 3192 sententia

1778 3187 1824 3251 C
1855 3201 2048 3258 ordine
2069 3204 2378 3273 judiciario,
2401 3218 2455 3264 et
2479 3227 2602 3266 cum
2623 3187 2962 3286 integritate
2990 3187 3278 3290 profertur.
3302 3187 3440 3281 lVan‘.

1795 3327 1798 3331 -
1857 3291 1900 3346 si
1933 3294 2228 3350 nominatio
2249 3298 2362 3352 sola
2391 3299 2606 3367 suﬂicit,
2641 3304 2789 3359 multi
2814 3307 3104 3365 damnandi
3133 3324 3257 3367 sunt
3287 3314 3442 3369 inno-

1856 3391 2062 3448 centes,
2086 3385 2210 3454 quia
2243 3403 2386 3458 sazpe
2430 3387 2568 3445 falso
2603 3391 2656 3446 in
2681 3409 3004 3466 quemquam
3037 3402 3240 3457 crimen
3267 3405 3441 3459 nomi-

1855 3484 2036 3529 natur.
2074 3495 2093 3528 ι
2128 3477 2370 3546 Qualiter
2410 3491 2589 3538 autem
2620 3489 2884 3542 sententia
2930 3491 3118 3546 ordine
3152 3494 3442 3564 judiciario

1855 3572 1910 3619 et
1933 3580 2053 3620 cum
2083 3567 2392 3639 integritate
2416 3573 2738 3643 proferenda
2783 3579 2872 3644 sit,
2914 3583 3053 3638 sacri
3100 3600 3349 3648 canones,
3381 3597 3442 3644 ut

1855 3670 2016 3726 supra
2047 3659 2249 3714 dictum
2273 3672 2378 3729 est,
2407 3673 2462 3719 et
2488 3675 2707 3724 sanctus
2741 3669 3053 3744 Gregorius,
3077 3678 3166 3746 qui
3190 3676 3437 3749 frequen-

1856 3755 1939 3801 ter
1964 3748 2016 3802 in
2044 3751 2283 3819 epistolis
2308 3754 2420 3810 suis
2461 3770 2652 3813 causas
2698 3761 3068 3820 ministrorum
3100 3748 3432 3826 ecclesiasti-

1855 3852 2040 3891 cornm
2081 3839 2326 3909 legaliter
2367 3853 2424 3897 et
2473 3849 2792 3918 regulariter
2825 3857 3070 3925 przccipit
3112 3860 3350 3926 diﬂiniri,
3384 3864 3436 3918 in

1855 3929 2269 3984 commonitorio
2310 3930 2507 3987 Joanni
2551 3936 2830 3994 Defensori
2874 3945 3020 3997 eunti
3068 3946 3118 3998 in
3150 3947 3437 4018 Hispanias

1855 4015 1980 4070 dato
2029 4017 2363 4074 demonstrat
2407 4023 2592 4079 dicens
2642 4027 2754 4097 (lib.
2788 4045 2862 4095 xl,
2901 4034 3048 4102 epist.
3077 4034 3167 4106 50)
3203 4055 3214 4091 :
3246 4015 3269 4089 λ
3303 4039 3435 4094 Dili-

1855 4115 2047 4173 genter
2067 4111 2412 4177 quaerendum
2441 4123 2546 4178 est,
2577 4117 2832 4184 primum,
2867 4121 2911 4175 si
2932 4122 3190 4191 judicium
3216 4129 3435 4183 ordina-

1853 4197 2036 4253 hiliter
2056 4208 2139 4255 est
2163 4201 2427 4269 habitum,
2453 4213 2545 4258 ant
2566 4205 2610 4261 si
2640 4206 2730 4262 alii
2765 4221 3128 4278 accusatores,
3151 4215 3242 4271 alii
3270 4227 3434 4274 testes

1854 4288 2091 4346 fuerunt.
2139 4294 2344 4350 Deinde
2387 4312 2675 4354 causarum
2703 4301 2957 4370 qualitas,
2987 4304 3032 4359 si
3062 4306 3218 4378 digna
3241 4311 3434 4367 exsilio

1854 4382 1937 4436 vel
1980 4383 2318 4454 depositione
2367 4386 2486 4453 fuit,
2539 4398 2633 4444 aut
2678 4391 2725 4445 si
2761 4406 2826 4447 eo
2855 4406 3120 4462 prmsente
3148 4399 3247 4452 sub
3277 4397 3430 4466 jure-

162 4476 392 4535 propter
413 4467 782 4536 unusquisque
802 4467 1087 4537 episcopus
1119 4466 1171 4521 in
1201 4467 1296 4522 tali
1323 4484 1382 4523 re
1407 4469 1644 4524 studiose
1686 4484 1751 4524 ac
1777 4539 1823 4556 ﬁ
1846 4471 2082 4542 iurando
2126 4485 2319 4531 contra
2374 4493 2497 4533 eum
2555 4481 2923 4538 testimonium
2973 4485 3170 4541 dictum
3227 4499 3332 4556 est,
3385 4493 3430 4548 si

164 4553 454 4632 diligenter
501 4570 684 4609 curam
734 4556 931 4611 habere
961 4559 1142 4625 debet,
1173 4573 1240 4613 ne
1275 4558 1514 4615 Ecclesia
1545 4539 2068 4632 ChristiDscriptis
2126 4573 2305 4617 actum
2362 4573 2465 4629 est,
2526 4566 2607 4620 vel
2665 4569 2780 4637 ipse
2832 4539 3114 4627 accusatus
3157 4539 3431 4633 licentiam

168 4657 200 4696 a
227 4645 462 4714 propriis
502 4646 672 4716 possit
698 4647 966 4702 sordidari
1006 4648 1289 4716 ministris,
1320 4651 1446 4721 quia
1475 4667 1596 4707 cum
1622 4668 1747 4723 pro-

161 4735 339 4806 priam
371 4751 592 4792 uxorem
647 4737 844 4792 habere
892 4753 996 4792 non
1030 4740 1378 4808 permittitur,
1419 4743 1651 4797 maxime
1678 4743 1746 4798 ab

160 4827 310 4883 omni
332 4827 528 4883 femina
561 4829 631 4884 sit
657 4829 1028 4884 abstinendus.
1066 4850 1084 4882 ι
1104 4829 1337 4886 Proinde
1360 4833 1426 4885 de
1452 4833 1746 4887 concubitu

159 4917 602 4988 presbyterorum
657 4933 780 4973 cum
829 4918 1066 4983 feminis,
1107 4934 1203 4990 per
1248 4921 1607 4990 parochianos
1660 4921 1746 4978 vel

158 5006 372 5061 vicinos
389 5007 757 5078 cujuscunque
781 5010 1087 5079 presbyteri
1134 5009 1410 5080 inquirere
1453 5026 1562 5065 non
1589 5012 1746 5068 nobis

159 5107 248 5152 est
275 5098 646 5153 laborandum.
669 5099 883 5154 Abolita
910 5100 1054 5154 enim
1076 5108 1172 5155 est.
1185 5109 1338 5157 vetus
1359 5103 1600 5167 haeresis,
1627 5118 1747 5173 quae

159 5188 374 5258 cy—nica,
425 5188 482 5243 id
523 5199 607 5245 est
639 5189 852 5254 canina,
884 5201 1107 5260 propter
1139 5191 1525 5261 impudentiam
1566 5192 1746 5249 fuerat

160 5281 451 5352 appellata,
481 5283 670 5337 dicens
699 5283 1042 5337 concubitum
1091 5297 1210 5338 esse
1242 5284 1565 5350 naturalem,
1593 5293 1648 5340 et
1673 5285 1744 5340 ob

157 5373 213 5426 id
240 5370 504 5441 agendum
535 5372 652 5427 sine
681 5372 1002 5427 verecundia
1054 5372 1265 5441 publice
1301 5391 1315 5426 :
1344 5388 1466 5428 cum
1501 5375 1740 5442 legamus

155 5465 367 5534 primos
418 5465 666 5520 homines
706 5480 830 5520 mox
873 5474 992 5534 post
1036 5474 1319 5535 peccatum
1366 5467 1739 5524 inobedientiae

157 5557 396 5611 sensisse
437 5557 927 5626 concupiscentiam
979 5557 1035 5610 in
1083 5557 1340 5612 membris
1396 5560 1730 5630 genitalibus,

158 5655 272 5701 eta
300 5648 502 5703 mutuis
537 5648 917 5719 conspectihus
959 5662 1022 5702 ea
1069 5649 1390 5704 contexisse.
1436 5649 1567 5704 Nam
1611 5651 1735 5707 licet

158 5741 411 5797 humanae
438 5739 636 5795 mentis
664 5739 898 5803 caecitas,
926 5740 979 5793 in
1009 5741 1319 5810 operatione
1367 5743 1730 5814 turpitudinis,

481 5836 753 5895 PA'raOL.
807 5831 1060 5895 CXXV.

1849 4653 2208 4722 respondendi
2229 4664 2284 4708 et
2311 4655 2631 4714 defendendi
2675 4674 2734 4715 se
2771 4661 2980 4718 habuit.
3006 4664 3109 4719 Sed
3140 4676 3194 4721 et
3223 4667 3288 4723 de
3312 4685 3434 4739 pero

1849 4744 1996 4799 sonis
2024 4746 2395 4800 accusantium
2423 4763 2488 4802 ac
2517 4749 2925 4809 testificandum
2977 4756 3247 4813 subtiliter
3285 4775 3432 4829 qua:-

1848 4836 2074 4890 rendum
2117 4845 2219 4902 est,
2249 4835 2402 4906 cujus
2430 4840 2574 4904 vitae,
2623 4841 2776 4910 cujus
2811 4845 3136 4901 conditionis
3165 4849 3427 4918 cujusque

1847 4928 2138 4998 Opinionis,
2164 4938 2258 4983 aut
2294 4945 2364 4985 ne
2394 4930 2582 5002 inopes
2610 4933 2737 5000 sint,
2777 4944 2870 4988 aut
2917 4951 2985 4990 ne
3030 4935 3170 4992 forte
3216 4938 3427 5008 aliquas

1849 5026 2040 5072 contra
2065 5019 2382 5088 przedictum
2406 5023 2716 5093 episcopum
2748 5023 3056 5079 inimicitias
3090 5025 3424 5094 habuissent,

1847 5120 1903 5166 et
1927 5118 2110 5166 utrum
2138 5112 2507 5169 testimonium
2538 5130 2603 5169 ex
2633 5115 2818 5170 auditu
2848 5115 3120 5179 dixerunt,
3154 5124 3246 5171 aut
3277 5128 3425 5176 certe

1848 5217 1907 5257 se
1929 5202 2066 5257 scire
2090 5203 2398 5272 specialiter
2433 5205 2613 5260 testati
2643 5212 2789 5271 sunt,
2817 5205 2862 5260 si
2891 5204 3110 5276 scriptis
3124 5205 3425 5274 judicatum.

1846 5302 1945 5357 est,
1977 5302 2031 5350 et
2053 5295 2301 5366 partibus
2324 5295 2683 5366 prasentibns
2711 5297 2976 5352 sententia
3008 5297 3230 5353 recitata
3258 5308 3359 5355 est.
3398 5320 3418 5353 ι

1848 5383 1940 5437 Sic
1961 5393 2016 5438 et
2043 5383 2188 5456 leges
2209 5383 2491 5447 diﬁiniunt,
2518 5393 2576 5437 ut
2602 5398 2760 5440 nemo
2783 5401 2880 5456 per
2906 5386 3067 5440 alium
3095 5403 3420 5459 quemquam

1846 5486 2126 5536 accusare,
2154 5473 2239 5526 vel
2287 5474 2410 5542 quis
2457 5475 2699 5528 accusari
2727 5475 2915 5545 possit,
2951 5476 3055 5531 nisi
3078 5476 3217 5532 forte
3244 5479 3423 5548 ingra-

1844 5571 1956 5616 tum
2005 5563 2255 5616 libertum
2310 5572 2567 5632 patronus
2621 5575 2890 5621 accuset:
2935 5573 2992 5621 et
3034 5574 3092 5620 ut
3146 5568 3199 5621 in
3257 5584 3419 5626 causa

1842 5653 2053 5722 capitali
2092 5653 2288 5708 absens
2329 5669 2488 5708 nemo
2542 5655 2845 5723 damnetur,
2899 5657 3000 5712 nisi
3051 5656 3291 5727 delegata
3339 5676 3419 5717 sco

1841 5744 2072 5800 cundum
2113 5759 2349 5799 canones
2389 5745 2694 5816 cognitione
2728 5747 2918 5805 adesse
2963 5757 3282 5816 provocatus
3321 5767 3416 5808 ne-

3005 5840 3082 5898 35
