4010 6330
196 338 333 401 “Oi

1302 335 1392 395 DE
1423 333 1915 394 PRESBYTERIG
1944 333 2363 399 GRIWS.

3328 339 3475 405 1101

190 462 417 520 testem,
454 411 616 522 quem
658 449 880 508 habebit
901 456 960 507 et
989 451 1247 524 judicem.
1279 452 1351 509 Et
1373 452 1632 524 quoniam
1672 453 1779 508 fre-
1813 457 1857 516 Α
1883 452 2083 524 quibus
2110 452 2370 510 Dominus
2399 452 2531 510 dicit
2564 472 2579 508 :
2614 452 2800 511 Sancti
2830 463 2991 510 estote
3026 451 3172 528 (Leo.
3209 454 3314 528 tu),
3343 471 3477 523 con-7

191 544 383 616 quenti
427 542 809 614 experimento
848 543 1140 612 probatum
1188 551 1295 609 est,
1340 544 1720 615 presbyterum
1752 557 1783 597 a

189 635 410 694 diabolo
435 636 491 690 in
522 632 941 693 fornicationem
964 634 1050 691 vel
1090 634 1413 691 adulterium
1442 649 1783 706 persuasum,

185 726 491 800 proclivem
531 725 601 781 ad
626 725 948 797 periurium,
984 734 1041 781 et
1074 725 1264 798 legalis
1284 736 1448 798 atque
1473 727 1785 799 evangelica

186 833 303 885 seu
341 816 643 890 apostolica
671 824 836 887 atque
879 817 1140 873 canonica
1171 818 1467 874 auctoritas
1509 818 1670 874 trium
1703 828 1785 875 te-

186 910 360 977 stium
377 908 747 969 testimonium
761 909 953 982 recipit
967 909 1035 967 ad
1046 910 1551 967 condemnationem
1565 909 1783 982 (Matth.

186 1003 375 1074 tvm).
405 1016 513 1059 non
542 1000 615 1057 ab
634 1016 693 1056 re
720 1000 896 1059 visum
922 1013 1008 1058 est
1034 1002 1282 1074 patribus
1315 1004 1540 1070 nostris,
1567 1003 1616 1058 si
1648 1004 1786 1059 reci-

182 1101 380 1167 piatur
410 1094 479 1153 ad
507 1092 911 1165 purgationem.
940 1091 999 1149 In
1030 1093 1256 1155 historia
1284 1108 1503 1164 quoquo
1531 1107 1707 1159 sacra,
1730 1101 1786 1150 et

184 1186 257 1245 in
282 1184 516 1257 epistola
537 1185 683 1247 beaﬁ
719 1183 979 1257 Gregorii
997 1185 1071 1245 ad
1105 1183 1475 1243 Thooctistam
1497 1184 1784 1254 patriciam

180 1276 435 1351 Egimus
460 1277 577 1343 (lib.
607 1292 691 1344 ut,
726 1279 887 1348 epist.
909 1276 1025 1350 59)..
1056 1277 1276 1335 beatum
1305 1276 1530 1335 Petrum
1567 1285 1785 1349 aposte-

183 1368 370 1426 lorum
426 1370 685 1442 primum,
734 1384 856 1426 cum
907 1385 937 1425 a
981 1368 1231 1439 ﬁdelibus
1272 1370 1636 1441 reprehensus
1682 1369 1785 1427 fuit

180 1478 292 1527 cur
309 1464 380 1520 ad
401 1463 633 1536 genh'les
651 1464 926 1530 intrasset,
952 1463 1144 1519 humili
1164 1477 1261 1520 eos
1282 1464 1495 1520 ratione
1514 1463 1781 1535 placasse,

181 1563 354 1626 supra
403 1556 461 1615 in
507 1570 677 1615 causa
727 1554 1168 1625 reprehensionis
1218 1569 1331 1610 sua
1381 1553 1545 1609 etiam
1592 1562 1778 1611 .testes

534 1650 723 1709 dicens
760 1667 775 1704 :
828 1645 1091 1704 Venerunt
1134 1656 1310 1702 autem
1362 1663 1565 1702 mecum
1592 1655 1641 1702 et
1691 1662 1784 1705 sea;

1888 544 2126 600 versatio
2152 560 2260 600 non
2290 546 2465 601 solum
2497 552 2681 601 sancta
2716 544 2875 601 debet
2902 560 3043 612 esse,
3067 546 3163 602 sed
3187 556 3244 602 et
3266 556 3429 604 cauta
3456 568 3472 604 :

1888 649 1960 690 ne
1998 635 2140 691 forte
2179 652 2303 693 cum
2350 636 2489 692 mala
2519 652 2628 694 non
2660 636 2733 693 sit
2764 652 2863 710 per
2902 635 3206 703 lasciviam,
3234 638 3306 694 sit
3334 639 3477 696 mala

1887 740 1987 797 per
2022 726 2428 798 negligentiam.
2468 748 2488 781 ι

1959 816 2091 873 Car.
2116 816 2302 873 XVIII.
2351 819 2428 874 De
2456 818 2749 876 interdicto
2773 821 3038 877 canonico
3065 822 3325 895 adversus
3352 838 3479 895 pre-

1886 908 2200 992 sbyterum,
2240 918 2303 966 et-
2333 910 2703 982 interrogandi
2732 921 2862 968 sunt
2886 920 3077 979 testes,
3105 921 3161 970 et
3194 915 3478 975 convictus

1886 999 1973 1056 vel
2001 999 2307 1068 confessus,
2329 999 2657 1072 iudicandus
2677 1010 2763 1058 est
2790 1002 3096 1076 presbyter.
3120 1003 3190 1060 Et
3216 1005 3477 1081 quoniam
3528 1030 3539 1041 ι

1885 1091 2098 1162 experti
2145 1105 2375 1158 sumus,
2415 1093 2682 1165 quosdam
2730 1092 3081 1167 presbyteros
3122 1095 3192 1155 ad
3238 1095 3477 1177 invicem

1884 1182 2259 1255 conspirasse,
2298 1193 2362 1239 ut
2397 1199 2457 1240 se
2496 1191 2686 1240 mutuo
2727 1184 2783 1240 in
2816 1199 2917 1243 sua
2959 1187 3278 1259 purgatione
3322 1187 3479 1259 adju-

1884 1284 2045 1342 vent,
2072 1290 2266 1332 revera
2294 1275 2515 1349 quidem
2540 1282 2807 1345 noceant,
2830 1290 2941 1333 non
2971 1277 3268 1351 incongrue
3292 1280 3474 1339 visum

1883 1379 1969 1427 est
1997 1368 2381 1428 decessoribus
2408 1385 2476 1428 ac
2502 1371 2996 1442 praedecessoribus
3020 1371 3248 1439 nostris,
3276 1379 3338 1428 ut
3350 1388 3481 1431 cum

1883 1460 1943 1517 in
1969 1461 2216 1519 credibili
2263 1461 2431 1520 misso
2474 1462 2736 1536 episcopi,
2778 1461 3108 1536 presbyteri,
3133 1462 3228 1536 qui
3258 1464 3314 1520 in
3338 1479 3474 1536 pur-

1882 1556 2101 1629 gatione
2128 1555 2375 1613 infamati
2402 1556 2707 1615 sacerdotis
2736 1571 2844 1612 una
2868 1570 2993 1613 cum
3014 1571 3083 1613 eo
3110 1557 3180 1613 ad
3198 1554 3480 1631 jusjuran-

1884 1648 2013 1705 dum
2040 1663 2100 1706 se
2133 1649 2477 1717 obtulerunt,
2510 1649 2674 1707 talem
2710 1648 3173 1706 examinationem
3202 1664 3303 1723 per
3326 1650 3478 1705 vica-

177 1745 387 1817 {rutra
407 1744 498 1803 iui
524 1743 665 1815 (Act.
690 1758 775 1808 xi,
803 1741 914 1814 l2).
948 1741 1018 1797 Et
1052 1738 1513 1813 Carthaginenses
1544 1752 1784 1796 canones
1886 1738 2028 1795 rium
2058 1737 2304 1795 infamati
2332 1739 2636 1812 presbyteri
2661 1738 2949 1810 recipiant,
2970 1738 3111 1795 utin
3133 1744 3479 1795 sacramento

177 1835 488 1894 decernunt
529 1833 673 1906 (can.
721 1832 839 1915 10),
879 1840 941 1888 ιιι
969 1831 1017 1889 si
1065 1832 1395 1905 presbyteri,
1446 1830 1529 1886 vel
1560 1829 1779 1887 diaconi
1805 1820 1856 1887 Ii
1878 1845 1943 1887 se
1966 1829 2079 1887 Deo
2100 1847 2206 1889 non
2224 1832 2474 1903 perdant,
2495 1832 2637 1888 sicut
2662 1830 2926 1903 quosdam
2955 1830 3083 1886 hinc
3106 1828 3221 1901 jam
3249 1829 3320 1886 de
3344 1842 3473 1903 per-

175 1924 390 1986 Mint
414 1927 679 1990 accusati,
708 1922 967 1994 adjuncto
1005 1922 1111 1979 sibi
1141 1938 1209 1978 ex
1240 1922 1435 1979 vicinis
1473 1921 1611 1978 locis
1642 1937 1773 1995 pro-

172 2017 337 2092 prius
352 2016 638 2088 episcopus
675 2014 920 2088 legitimo
960 2029 1191 2071 numero
1221 2013 1573 2086 collegarum,
1600 2013 1777 2089 id'est

175 2126 295 2171 una
312 2125 499 2168 secum
520 2110 576 2167 in
598 2109 907 2182 presbyteri
927 2109 1147 2165 nomine
1171 2123 1292 2174 sex,
1317 2107 1373 2162 in
1394 2107 1608 2163 diaconi
1638 2116 1773 2175 tres,

176 2203 497 2263 auctoritati
529 2202 822 2259 convenire
850 2200 1086 2270 nuijores
1114 2201 1289 2257 nostri
1314 2199 1612 2266 duxerunt,
1631 2201 1776 2255 sicut

176 2309 347 2366 supra
375 2292 735 2359 ostendimus,
772 2292 828 2348 in
878 2289 1136 2362 capitulo,
1179 2298 1420 2360 tempore
1450 2290 1633 2346 domui
1669 2289 1774 2346 Ca-

176 2387 288 2445 roli
311 2387 655 2461 imperatoris
685 2385 937 2458 Augusti,
964 2384 1280 2455 apostolicae
1309 2384 1457 2441 sedis
1479 2393 1535 2441 et
1564 2384 1774 2456 episco-

173 2493 377 2557 porum
396 2478 723 2536 auctoritate
747 2478 988 2543 decreto,
1019 2484 1079 2532 ut
1096 2476 1143 2533 si
1164 2475 1454 2548 presbyter
1480 2475 1773 2531 infamatus

177 2568 365 2638 fuerit,
393 2579 453 2628 et
479 2580 826 2628 accusatores
855 2569 944 2626 vel
976 2577 1141 2627 testes
1169 2568 1349 2624 idonei
1374 2567 1665 2633 defuerint,
1688 2582 1775 2624 se-

174 2662 415 2721 cundum
469 2663 789 2735 qualitatem
835 2660 923 2717 vel
968 2660 1328 2732 quantitatem
1381 2673 1560 2714 causa:
1607 2666 1775 2726 atque

174 2770 449 2832 persona,
475 2764 533 2812 et
556 2754 847 2813 utilitatem
879 2768 943 2810 ac
971 2753 1312 2810 sanationem
1341 2751 1587 2806 cordium
1615 2748 1771 2804 inﬁr-

173 2864 431 2918 morum,
480 2856 575 2905 aut
619 2861 746 2903 cum
798 2845 920 2902 aliis
964 2843 1175 2901 duobus
1222 2843 1475 2910 testibus,
1527 2857 1592 2913 ac
1635 2856 1773 2897 cum

1871 1920 2021 1995 jurio
2048 1922 2284 1979 revictos
2316 1932 2372 1980 et
2418 1922 2741 2003 degradatos
2769 1920 3156 1992 comperimus,
3179 1918 3266 1976 vel
3291 1929 3352 1977 ut
3376 1919 3474 1978 de«

1878 2022 2112 2071 cernunt
2138 2029 2395 2072 canones.
2426 2014 2758 2085 Episcopus,
2796 2012 3087 2084 inquiunt,
3124 2019 3220 2067 aut
3243 2011 3471 2086 presby-

1880 2114 1984 2173 ter,
2010 2115 2103 2161 aut
2131 2096 2414 2174 diaconus,
2445 2105 2538 2179 qui
2580 2106 2634 2161 in
2672 2104 3031 2161 fornicatione
3050 2143 3065 2171 ,
3095 2112 3187 2160 aut
3211 2103 3475 2176 periurio,

1877 2207 1972 2255 aut
1998 2197 2145 2254 furto
2169 2207 2363 2271 captus
2382 2206 2488 2264 est,
2520 2198 2842 2270 deponatur,
2872 2212 2979 2253 non
3018 2206 3199 2254 tamen
3228 2211 3477 2253 commu-

1877 2290 2041 2346 nione
2083 2290 2353 2362 privetur.
2394 2290 2538 2347 Dicit
2580 2290 2727 2345 enim
2764 2289 3050 2360 Scriptura
3091 2287 3262 2344 :Non
3300 2286 3474 2344 uindi-

1875 2382 2014 2439 cabit
2044 2380 2306 2437 Dominus
2342 2382 2419 2437 bis
2464 2382 2520 2437 in
2565 2381 2795 2452 idipsum
2827 2380 3089 2453 (Nahum.
3127 2379 3191 2451 ι).
3233 2378 3360 2435 Haec
3409 2378 3479 2436 de

1880 2473 2143 2541 testibus,
2182 2474 2269 2530 vel
2315 2473 2385 2528 ad
2426 2473 2805 2544 probationem
2848 2472 2935 2527 vel
2985 2471 3053 2526 ad
3093 2469 3472 2541 purgationem

1875 2562 2180 2633 presbyteri
2208 2559 2442 2630 majores
2480 2561 2654 2616 nostri
2682 2559 2982 2616 secundum
3015 2558 3289 2614 tramitem
3320 2556 3474 2614 Scri-

1875 2661 2161 2723 pturarum
2190 2652 2742 2723 prtedicationemque
2769 2649 3035 2719 majorum
3069 2650 3303 2706 tenenda
3326 2650 3474 2706 vide~

1877 2750 2039 2808 runt,
2080 2748 2137 2797 et
2183 2742 2460 2813 sequenda
2492 2743 2650 2798 nobis
2684 2741 2799 2797 suis
2835 2742 3071 2811 posteris
3112 2740 3473 2812 reliquerunt,

1876 2831 2178 2889 secundum
2208 2832 2373 2887 verba
2408 2832 2554 2888 beati
2595 2832 2798 2888 Gelasii
2845 2831 3016 2904 (epist.
3061 2831 3114 2886 ll
3140 2871 3155 2896 ,
3198 2831 3267 2885 ad
3310 2831 3469 2901 episc.

172 2941 303 3003 aliis
323 2956 425 2999 sex
452 2940 705 3006 testibus,
746 2939 984 3011 seipsum
1022 2944 1367 2996 sacramento
1406 2951 1440 2992 a
1470 2935 1611 2992 mala
1651 2934 1770 3007 cpi—

1879 2922 2144 2997 Dardan.)
2172 2942 2185 2980 :
2219 2943 2238 2977 t
2266 2923 2561 2995 Quidquid,
2592 2924 2789 2996 inquit,
2817 2938 2918 2993 pro
2940 2923 3063 2989 ﬁde,
3090 2937 3194 2993 pro
3216 2923 3469 2988 veritate,

172 3037 343 3097 υξοιιο
372 3044 589 3107 purget.
706 3086 712 3095 ,
1874 3032 1977 3090 pro
2003 3018 2387 3074 communione
2424 3016 2691 3073 catholica
2731 3024 2894 3087 atque
2937 3014 3234 3088 apostolica
3272 3029 3470 3071 secun-

244 3126 373 3184 Gap.
406 3124 569 3185 XV“.
594 3125 665 3181 Et
690 3139 802 3182 non
837 3131 923 3180 est
941 3123 1277 3180 contrarium
1312 3123 1535 3180 decreto
1562 3120 1770 3195 ατεεο.
1820 3194 1825 3195 7
1877 3111 2006 3167 dum
2041 3110 2446 3184 Scripturarum
2476 3111 2750 3168 tramitem
2782 3110 3327 3183 pracdicatioucmque
3356 3123 3473 3165 ma-

171 3220 246 3279 nii
262 3218 519 3289 iunioris,
556 3219 605 3275 si
628 3217 817 3290 plures
838 3226 1002 3275 testes
1029 3217 1098 3273 ad
1117 3217 1494 3289 purgationem
1519 3194 1771 3273 infamati

1879 3201 2052 3273 iorum
2109 3213 2293 3276 patres
2343 3202 2560 3270 nostri,
2609 3201 2865 3259 catholici
2916 3200 3169 3258 videlicet
3218 3199 3471 3269 doctique

172 3313 482 3387 presbyteri
505 3312 879 3385 requiruntur,
907 3310 1031 3380 quia
1060 3310 1306 3367 scribens
1338 3310 1481 3365 idem
1524 3304 1777 3379 pontifex
1876 3296 2195 3368 pontiﬁces,
2254 3296 2395 3353 facta
2449 3295 2617 3352 semel
2670 3294 3094 3366 congregatione
3146 3299 3469 3360 sanxerunt,

173 3403 251 3463 ad
275 3402 610 3461 Bonifacium
637 3401 1015 3475 Moguntinum
1060 3399 1377 3473 episcopum
1403 3413 1502 3469 per
1537 3398 1773 3454 Denual-
1876 3390 2252 3448 inconvulsum
2268 3390 2555 3445 voluerunt
2573 3388 2830 3458 deinceps
2851 3387 3176 3457 ﬁrmumque
3195 3393 3465 3451 constare,

173 3497 307 3556 dum
347 3499 725 3569 presbyterum
751 3496 887 3553 dicit
909 3494 1086 3567 (epist.
1131 3509 1212 3560 rx,
1243 3510 1361 3565 cap.
1399 3493 1455 3565 5)
1486 3509 1500 3547 :
1536 3511 1555 3546 ι
1604 3492 1678 3549 Ut
1725 3490 1773 3549 si
1875 3499 1978 3540 nec
2005 3484 2060 3539 in
2088 3485 2278 3540 eadem
2309 3482 2413 3539 hac
2433 3497 2597 3539 causa
2618 3481 2806 3537 denuo
2834 3495 2955 3552 qua:
2986 3479 3206 3552 praeﬁxa
3251 3476 3503 3569 fuerant.

171 3568 400 3662 probari
427 3568 641 3644 idoneis
669 3585 901 3642 testibus
931 3584 1217 3656 presbyter
1246 3583 1545 3640 infamatus
1573 3585 1771 3656 nequi-
1876 3576 2162 3633 retractari
2211 3575 2451 3646 qualibet
2494 3576 2700 3632 recenti
2742 3570 3165 3646 praesumptione
3200 3568 3466 3643 permised

172 3678 337 3743 verit,
369 3677 443 3734 sit
483 3674 857 3744 jusjurandum
899 3674 955 3729 in
997 3675 1197 3741 medio,
1242 3682 1299 3732 et
1344 3691 1453 3731 non
1498 3672 1770 3744 diﬂinivit,
1876 3682 2042 3729 runt:
2074 3673 2471 3745 sapientissimo
2493 3672 2861 3744 providentes,
2885 3669 3145 3741 quoniam
3175 3668 3223 3724 si
3245 3667 3467 3723 decreta

171 3776 361 3839 utrum
391 3767 510 3837 ipse
535 3763 706 3830 solus,
734 3778 805 3819 an
834 3779 958 3819 cum
988 3764 1108 3820 aliis
1146 3762 1311 3833 juret.
1346 3763 1405 3820 Si
1448 3764 1595 3821 enim
1642 3766 1771 3821 bea-
1876 3765 2168 3832 salubriter
2217 3765 2469 3835 cuiquam
2516 3764 2707 3820 liceret
2749 3763 2951 3819 iterare
2975 3802 2991 3828 ,
3036 3760 3242 3817 nullum
3275 3766 3470 3816 contra

171 3860 421 3923 tissimus
445 3854 639 3912 Petrus
683 3853 1053 3927 apostolorum
1082 3853 1291 3924 primus
1344 3853 1544 3911 famam
1595 3872 1781 3929 suam,
1877 3854 2122 3927 singulos
2150 3868 2395 3926 quosque
2420 3868 2648 3925 prorsus
2685 3868 2904 3909 errores
2930 3851 3126 3909 stabile
3152 3848 3473 3921 persisteret

171 3948 334 4025 quasi
360 3957 552 4004 contra
571 3954 905 4018 praceptqu
928 3944 1121 4001 fecerit
1159 3944 1375 4001 Domini
1405 3946 1676 4002 dicentis:
1703 3945 1776 4002 In

172 4044 315 4105 piant
336 4041 573 4113 gentium
605 4055 668 4093 ne
690 4036 949 4102 abieritis,
982 4048 1029 4092 et
1064 4038 1119 4093 in
1142 4038 1376 4093 civitates
1404 4036 1781 4110 Samaritana:

174 4149 300 4195 tum
329 4149 392 4187 ne
429 4131 746 4186 intraveritis
796 4128 1018 4197 (Matth.
1048 4127 1129 4203 x),
1160 4128 1418 4200 quoniam
1468 4130 1709 4187 nondum
1741 4148 1775 4187 a

174 4228 294 4291 Deo
319 4241 415 4295 per
442 4224 644 4281 multos
666 4221 946 4295 propalata
986 4232 1105 4279 erat
1145 4223 1436 4295 praeceptio
1466 4223 1665 4279 Christi
1690 4224 1776 4294 ju-

171 4322 359 4383 bentis
398 4319 561 4386 :Itc,
606 4319 786 4374 docete
827 4334 1004 4374 omnes
1056 4327 1285 4392 gentes,
1318 4318 1640 4390 baptizantes
1684 4336 1775 4376 eos

173 4412 394 4491 (Matth.
423 4411 778 4482 xxviii),cum
806 4426 905 4468 sex
926 4411 1647 4487 testibusexpurgavit(Act.
1665 4412 1770 4483 XI),

175 4520 291 4581 non
330 4504 543 4561 videtur
571 4518 689 4563 esse
717 4512 910 4560 contra
963 4500 1368 4571 auctoritatem,
1412 4502 1459 4560 si
1484 4504 1772 4576 presbyter

173 4613 301 4659 cum
322 4606 400 4653 tot
423 4597 649 4673 testibus
674 4596 894 4669 collegis
920 4597 1039 4653 suis
1071 4612 1225 4652 suam
1249 4594 1558 4668 opinionem
1585 4597 1773 4656 studet

172 4706 430 4764 purgare,
465 4692 531 4744 ad
560 4689 702 4761 quod
718 4689 992 4760 judicibus
1020 4690 1290 4761 episcopis
1309 4688 1532 4759 jubetur
1559 4706 1655 4761 per
1684 4707 1768 4749 sa-

172 4798 302 4851 cros
322 4798 558 4841 canones
580 4782 836 4859 judicari,
881 4783 1233 4853 prmcipiente
1259 4781 1538 4852 Apostolo,
1568 4793 1624 4836 ut
1656 4785 1769 4838 sine

170 4876 461 4950 eictuione
476 4875 715 4931 omnibus
739 4875 928 4939 simus,
973 4882 1022 4928 et
1055 4890 1117 4928 ne
1150 4882 1326 4943 pereat
1357 4873 1413 4929 in
1438 4881 1619 4928 nostra
1643 4891 1768 4930 con-

127 4952 397 5033 'scientia
440 4970 631 5042 frater,
673 4979 884 5038 propter
931 4981 1086 5038 queat
1116 4960 1357 5020 Christus
1408 4973 1649 5020 mortuus
1690 4974 1767 5020 cst

169 5062 229 5138 (Ι
266 5059 390 5120 Cor.
421 5060 499 5134 ι).
528 5062 595 5116 Et
621 5060 750 5116 item
774 5076 788 5113 :
814 5059 907 5116 Sic
930 5060 1074 5115 enim
1094 5067 1367 5129 peccantes
1405 5058 1463 5113 in
1482 5057 1693 5128 fratres,
1717 5069 1769 5114 et

165 5154 514 5230 percutientes
543 5150 914 5207 conscientiam
944 5150 1180 5220 ipsorum
1204 5148 1494 5219 inﬁrmam,
1522 5149 1577 5202 in
1607 5147 1764 5205 Chri-

167 5257 315 5307 stum
338 5248 564 5320 peccatis
608 5243 663 5317 (Ι
692 5242 818 5300 Cor.
864 5241 1006 5315 vui).
1060 5241 1128 5297 Et
1164 5240 1287 5297 ideo
1336 5240 1526 5312 repleti
1558 5239 1771 5312 Spiritu

168 5346 367 5398 sancto
403 5343 711 5395 statuerunt
754 5333 929 5392 sancti
974 5340 1159 5405 patres
1202 5331 1395 5397 nostri,
1436 5340 1496 5386 ut
1530 5330 1773 5397 ministri

169 5434 369 5505 altaris
394 5432 712 5491 mulieribus
757 5444 867 5487 non
915 5426 1250 5501 cohabitent,
1281 5441 1459 5499 neque
1489 5425 1763 5491 subintro-

168 5528 379 5587 dncant
409 5540 597 5585 secum
630 5524 919 5589 mulieres,
948 5536 1018 5577 ne
1045 5519 1131 5576 vel
1165 5517 1607 5591 concupiscentia
1633 5532 1767 5581 ωυρ

169 5620 458 5683 scientiam
478 5634 635 5676 suam
656 5615 938 5685 urant,vel
954 5627 1221 5675 consensu
1240 5613 1477 5685 pessimo
1496 5611 1773 5682 polluant,

162 5721 234 5771 et
264 5728 339 5769 ne
366 5711 455 5769 vel
492 5711 634 5767 mala
670 5709 978 5782 suspicione
1021 5705 1362 5763 inﬁrmorum
1401 5705 1769 5763 conscientias.

173 5806 468 5867 maculent.
510 5806 772 5879 Qtteniam
809 5804 1111 5878 Augustino
1151 5801 1377 5861 domate
1424 5808 1771 5869 sanctorum,

1874 3948 2132 4006 Ecclesiae
2177 3948 2566 4014 constitutum,
2614 3961 2679 4002 ac
2724 3960 2937 4018 semper
2963 3945 3154 4001 iisdem
3188 3942 3469 4000 furoribus

1878 4039 2136 4096 recidivis
2162 4037 2341 4094 omnis
2368 4038 2577 4109 integra
2608 4034 2852 4091 diﬂinitio
2881 4035 3213 4090 turbaretur.
3244 4053 3267 4087 ›

1947 4128 2076 4185 Car.
2111 4126 2254 4185 XIX.
2280 4125 2434 4196 Quod
2463 4126 2682 4199 quidam
2722 4125 2945 4191 dicunt,
2978 4123 3105 4196 quia
3146 4120 3466 4196 parochiani

1875 4231 1930 4278 et
1957 4219 2185 4290 subjecti
2216 4220 2532 4293 presbytero
2558 4218 2646 4274 vel
2674 4216 2948 4288 episcopo,
2974 4230 3097 4271 eum
3121 4231 3229 4271 non
3251 4214 3471 4274 valeant

1876 4315 2201 4388 regulariter
2233 4328 2492 4370 accusare
2511 4353 2525 4378 ,
2556 4320 2615 4367 ut
2654 4311 2918 4384 scriptum
2947 4317 3033 4365 est
3060 4328 3072 4364 :
3108 4307 3306 4365 Umbra
3331 4310 3467 4366 alio-

1876 4425 1996 4465 rum
2030 4408 2269 4464 umbram
2312 4422 2465 4462 suam
2504 4413 2779 4477 protegunt
2832 4402 2955 4473 (Job
2997 4401 3123 4475 XL),
3165 4417 3233 4458 ne
3264 4401 3332 4457 ad
3368 4416 3466 4460 eos

1846 4568 1847 4571 η
1874 4500 2053 4557 valeat
2082 4498 2393 4575 pervenire,
2424 4495 2570 4569 quod
2602 4495 2656 4550 in
2686 4494 2821 4550 alios
2850 4500 3114 4550 conantur
3147 4492 3461 4550 defendere.

1874 4590 2113 4661 Quorum
2161 4587 2405 4645 defensio
2458 4595 2708 4644 cassatur
2753 4587 3077 4643 auctoritate
3124 4593 3180 4642 et
3227 4586 3461 4643 ratione.

1872 4683 2209 4742 Auctoritate
2250 4679 2467 4752 quidem
2492 4720 2509 4746 ,
2552 4694 2659 4751 qua
2691 4678 2893 4735 dicitur
2919 4692 3057 4735 voce
3095 4677 3270 4734 sancti
3304 4678 3405 4734 viri
3445 4698 3459 4735 :

1874 4775 1935 4835 Si
1963 4776 2239 4832 aduersum
2275 4790 2356 4828 me
2384 4782 2526 4827 terra
2563 4788 2678 4826 mea
2708 4770 2937 4836 clamat,
2963 4780 3011 4825 et
3036 4784 3156 4825 cum
3186 4771 3300 4841 ipsa
3327 4768 3465 4831 sulci

1872 4867 1988 4937 ejus
2013 4865 2225 4935 deﬂent.
2254 4862 2313 4919 Si
2335 4863 2540 4934 fructus
2564 4862 2679 4933 ejus
2700 4860 2900 4916 comedi
2926 4860 3118 4932 absque
3139 4860 3382 4930 pecunia,
3410 4867 3471 4915 ει

1872 4958 2103 5013 animam
2132 4953 2483 5027 agricolarum
2509 4954 2625 5026 ejus
2659 4952 2859 5025 afﬂixi,
2903 4968 2999 5023 pro
3028 4952 3290 5021 frumento
3317 4950 3462 5005 eritt-

1872 5057 1958 5103 tur
2005 5046 2133 5100 mihi
2182 5043 2440 5113 tributus,
2499 5053 2547 5099 et
2587 5059 2682 5116 pro
2712 5042 2907 5097 hordeo
2937 5042 3091 5113 spina
3126 5040 3245 5111 (Job
3277 5043 3456 5116 xxxr).

1876 5157 1896 5192 ι
1922 5138 2124 5204 Terra,
2165 5137 2374 5215 inquit,
2413 5144 2635 5192 sanctus
2669 5133 2963 5206 Gregorius
3018 5133 3136 5205 (lib.
3185 5149 3301 5188 χχιι
3337 5133 3458 5190 Illo-

1869 5233 2016 5301 ral.,
2050 5248 2102 5291 c.
2129 5232 2253 5302 53),
2286 5244 2475 5288 contra
2522 5220 2890 5302 possessorem
2930 5242 3091 5282 suum
3133 5224 3369 5293 clamat,
3409 5226 3458 5282 si

1868 5336 2061 5385 contra
2085 5342 2209 5385 eum
2240 5325 2332 5397 qui
2368 5323 2472 5380 sibi
2517 5328 2714 5393 praeest
2735 5360 2752 5386 ,
2792 5319 2996 5391 aliquid
3042 5317 3301 5388 iujustum
3323 5359 3336 5384 ,
3368 5318 3454 5373 vel

1867 5419 2081 5489 privata
2112 5418 2337 5483 domus,
2367 5414 2453 5473 vel
2480 5422 2667 5471 sancta
2712 5411 2954 5469 Ecclesia
2981 5418 3306 5466 murmurat.
3333 5409 3454 5465 Cla-

1871 5528 2023 5570 mare
2047 5513 2247 5584 quippe
2277 5520 2479 5575 terram
2503 5516 2618 5577 est,
2638 5518 2829 5566 contra
2859 5506 3098 5579 regentis
3130 5504 3465 5575 injustitiam.

1871 5606 2263 5667 rationabiliter
2317 5602 2591 5675 subjectos
2636 5590 2839 5659 dolere.
2870 5621 2889 5656 ι
2943 5600 3132 5657 Omnis
3179 5614 3313 5671 ergo.
3354 5596 3463 5672 qui

1868 5710 2084 5779 praeest,
2114 5701 2162 5757 si
2189 5713 2444 5771 perversa
2476 5698 2530 5754 in
2563 5695 2795 5753 subditis
2823 5701 3059 5759 exercet,
3087 5699 3278 5748 contra
3308 5691 3461 5748 hunc

1869 5803 2014 5861 terra
2042 5791 2264 5860 clamat,
2288 5798 2343 5851 et
2371 5789 2509 5851 Sulci
2541 5787 2759 5855 deﬂent,
2790 5786 2915 5863 quia
2948 5792 3133 5846 contra
3167 5780 3283 5855 ejus
3314 5781 3459 5850 inin.-
