4010 6330
526 328 665 415 itos

1341 341 1673 403 HlNCMARl
1708 338 1926 397 BHEM.
1965 333 2290 395 ARGHIEP.
2321 329 2691 391 .OPUSCULA
2735 329 2963 389 VARIA.
3392 388 3395 389 ν

3688 318 3841 379 μα

505 461 731 530 ὶιίιὶηω
761 438 1164 540 rudesquidem
1196 462 1375 534 p0puli
1405 462 1457 515 in
1488 453 1937 515 murmurationis
1963 451 2115 505 voei-
2146 455 2191 510 Α
2221 442 3083 540 quoquamjudicetur,qnom_odo
3104 439 3839 540 scriptumaﬂoaeudisd-

522 566 629 622 bus
656 570 947 634 erumpunt
973 602 987 626 ,
1027 559 1120 615 sed
1159 554 1387 626 perfecti
1421 550 1636 623 quique‘
1660 565 1756 619 pro
1786 563 1953 618 pravo
1998 545 2115 615 ejus

523 670 692 727 opere
731 668 791 710 se
830 654 883 707 in
929 647 1144 703 ﬂetibus
1192 642 1456 714 afﬂigunt.
1497 640 1631 696 Cum
1672 638 1940 693 clamante
1985 648 2118 703 ergo

527 722 675 801 terra
719 743 899 798 sulcos
938 738 1197 808 plangere
1224 742 1342 798 est,
1374 746 1471 804 per
1498 731 1602 785 hoc
1642 729 1785 782 unde
1827 722 2118 780 multitudo

526 835 767 892 ﬁdelium
805 832 951 903 juste
996 834 1188 882 contra
1231 832 1500 879 rectorem
1551 819 1820 890 queritur,
1851 812 2118 870 uberioris

525 927 655 981 vitae
681 922 927 979 homines
953 916 1022 971 ad
1045 915 1283 970 lamenta
1319 910 1628 984 pervenire,
1656 917 1713 964 et
1744 906 1971 974 reliqua,
1998 918 2119 973 quae

462 1012 473 1021 ’
524 1017 697 1072 lector
717 1013 770 1068 in
793 1023 892 1067 suo
914 1008 1036 1065 loco
1062 1005 1274 1077 plenius
1297 1002 1557 1076 praevalet
1579 1000 1842 1055 invenire.
1868 996 1937 1051 Et
1959 995 2119 1065 longe

506 1103 676 1172 ante,
709 1109 933 1159 sanctus
955 1097 1269 1156 Bonifacius
1295 1096 1362 1151 ad
1397 1094 1681 1165 episcopos
1712 1105 1811 1162 per
1836 1086 2039 1144 Gallias
2065 1094 2122 1141 et

524 1200 734 1271 septem
774 1193 1089 1266 provincias
1133 1188 1462 1245 constitutos
1509 1183 1694 1257 (epist.
1741 1182 1799 1237 Η
1845 1180 1914 1234 ad
1957 1179 2118 1250 episc.

466 1271 471 1281 ’
526 1295 694 1361 Gall.,
723 1290 877 1363 etc.),
916 1289 983 1345 de
1008 1285 1243 1342 Maximo
1271 1298 1300 1338 a
1341 1282 1453 1337 suis
1483 1274 2031 1348 comprovincialihus
2068 1278 2124 1327 et

525 1387 759 1444 Subditis
783 1390 1062 1444 accusato,
1089 1390 1145 1435 et
1172 1387 1396 1433 sanctus
1423 1372 1721 1451 Gregorius
1749 1372 1814 1425 de
1846 1365 2123 1422 Bonifacio

526 1476 805 1549 Regitan
836 1472 1091 1529 Ecclesiae
1133 1486 1163 1524 a
1204 1470 1318 1524 suis
1359 1466 1574 1523 clericis
1606 1473 1662 1520 et
1703 1462 1935 1519 subditis
1970 1473 2123 1530 aeque

529 1580 816 1635 accusato,
867 1567 936 1621 ad
977 1564 1238 1620 Sabinum
1304 1572 1360 1617 et
1432 1560 1616 1632 plures
1660 1557 1976 1629 episcopos,
2024 1567 2124 1624 pro

526 1681 689 1721 causa
722 1652 1008 1732 diligenter
1056 1656 1379 1728 inquirenda
1423 1644 1683 1724 epistolas
1724 1651 1908 1714 misit,
1956 1655 2012 1701 et
2055 1646 2124 1700 de

525 1756 714 1813 anilli
761 1753 1000 1827 episcopi
1028 1751 1398 1807 'accu5atione
1446 1745 1852 1817 inquisitionem
1903 1736 2119 1809 regula-

2218 540 2374 612 putus
2410 554 2566 607 super
2593 539 2900 607 magistrum
2936 532 3154 604 (Matth.
3185 531 3266 603 ι).
3294 532 3598 602 Presbyter
3642 538 3838 587 autem

2223 631 2523 687 cardinalis
2549 629 2655 684 nisi
2685 629 2739 683 in
2763 625 3122 699 quadraginta
3156 633 3395 695 quatuor
3428 624 3685 678 testibus
3724 638 3834 680 non

2222 724 2591 779 damnabitur.
2631 721 2904 776 Diaconus
2939 717 3282 773 cardinarius
3304 718 3660 771 constitutus
3686 717 3836 772 ortis

2220 818 2408 873 Roma:
2439 816 2538 871 nisi
2572 816 2626 870 in
2661 813 2850 883 viginti
2879 827 2977 868 sex
3014 825 3121 865 non
3166 808 3659 865 condemnabitur.
3697 806 3835 864 Sd-

2223 911 2502 974 diaconus,
2532 906 2796 978 acolytus,
2826 902 3120 969 exorcista,
3144 900 3334 965 lector,
3358 900 3661 963 ostiarius,
3710 899 3835 966 aii,

2222 999 2362 1055 sicut
2384 998 2645 1066 scriptum
2660 1002 2765 1060 est,
2797 994 2851 1049 in
2870 1001 3078 1063 septem
3106 990 3337 1046 testibus
3360 1004 3473 1046 non
3494 990 3837 1045 condemna-

2222 1091 2388 1146 bitur.
2421 1089 2612 1145 Testes
2639 1095 2821 1143 autem
2868 1094 2927 1140 et
2967 1090 3318 1141 accusatores
3341 1081 3467 1137 sine
3496 1080 3695 1149 aliqu
3726 1081 3839 1137 sint

2225 1180 2471 1245 infamia,
2506 1193 2705 1235 uxores
2733 1192 2798 1233 ac
2836 1174 2978 1230 ﬁlios
3018 1173 3282 1231 habentes
3317 1179 3379 1227 et
3410 1171 3655 1227 omnino
3682 1167 3840 1225 Chri.

2224 1286 2366 1333 stum
2390 1272 2768 1346 praedicantes.
2803 1266 3196 1325 Testimonium
3218 1263 3409 1321 clerici
3437 1262 3727 1319 adversus
3745 1258 3837 1317 ω-

2225 1388 2348 1429 cum
2385 1385 2545 1426 nemo
2570 1369 2819 1440 recipiat.
2854 1386 2875 1419 ι

2228 1488 2236 1497 ι
2296 1462 2425 1518 (lxr.
2457 1459 2622 1516 XXII.
2647 1458 2779 1527 Quae
2799 1458 2945 1514 dicta
2968 1471 3133 1528 quam
3157 1453 3551 1519 adversasibi,
3577 1462 3644 1509 et
3672 1467 3837 1523 quam

2225 1557 2491 1612 diversaa
2520 1552 2727 1609 sanctis
2763 1550 3065 1607 canonibus
3107 1556 3165 1604 et
3206 1546 3385 1603 sacris
3433 1544 3667 1615 legibus
3708 1546 3837 1609 sint,

2224 1666 2385 1706 nemo
2411 1657 2495 1706 est
2519 1648 2613 1719 qui
2639 1645 2868 1711 dubitet,
2903 1644 2994 1715 qui
3027 1650 3084 1699 et
3111 1644 3228 1698 haec
3270 1641 3417 1696 dicta
3456 1654 3593 1694 cum
3631 1640 3838 1694 ratione

2226 1744 2542 1808 attenderit,
2595 1750 2649 1796 et
2699 1754 2885 1796 sacras
2934 1736 3150 1810 regulas
3188 1752 3253 1793 ac
3308 1737 3462 1807 leges
3511 1734 3838 1806 diligentia

529 1843 665 1905 l'llel'
700 1813 880 1903 facere
926 1813 1219 1917 praecepit,
1259 1841 1406 1897 velut
1439 1840 1492 1895 in
1521 1813 1656 1910 vejus
1696 1835 1926 1907 Regesto
1952 1831 2121 1885 lector
2150 1813 2199 1875 Β
2223 1837 2369 1908 legit,
2428 1836 2495 1891 Et,
2542 1835 2779 1907 primum
2828 1832 3046 1902 quidem
3082 1831 3344 1900 scriptum
3388 1836 3501 1891 est,
3537 1836 3607 1882 ιιι
3659 1825 3838 1882 unus

534 1940 773 1997 inveniet
803 1939 915 2012 (lib.
944 1954 1042 2003 vn,
1085 1936 1198 1991 ind.
1234 1935 1293 2000 2,
1325 1933 1476 2004 epist.
1506 1930 1577 1986 46
1627 1940 1675 1985 et
1724 1928 1837 1999 62).
1880 1925 1948 1979 Et
1977 1924 2021 2004 si
2054 1922 2121 1976 de

530 2026 800 2105 episcopis
830 2029 904 2082 ita
932 2026 1166 2082 admissa
1197 2035 1357 2090 sunt,
1384 2023 1450 2077 de
1478 2019 1843 2093 presbyteris,
1871 2014 2123 2072 videlicet

530 2110 752 2178 secundi
784 2119 992 2175 ordinis
1014 2118 1150 2172 viris
1177 2132 1283 2171 non
1317 2114 1637 2170 dimittenda
1664 2123 1811 2169 sunt.

538 2212 545 2218 ’
603 2212 731 2267 CAP.
764 2208 881 2265 XX.
906 2207 1108 2263 Verum
1157 2206 1285 2276 quia
1336 2220 1441 2260 non
1499 2203 1671 2259 solum
1724 2203 1779 2257 in
1838 2202 2119 2257 doctorum

526 2300 867 2357 saecularium
901 2298 1204 2352 litterarum
1230 2294 1591 2365 dogmatibus,
1623 2292 1716 2347 sed
1757 2299 1811 2345 et
1840 2290 1893 2346 in
1919 2290 2122 2345 sanctis

527 2391 827 2464 Scripturis
869 2406 899 2444 a
950 2387 1226 2444 contrario
1254 2383 1500 2455 quaedam
1553 2381 1862 2438 ditlinienda
1908 2381 2122 2435 inveni~

524 2498 669 2550 mus,
713 2482 855 2537 sicut
883 2495 952 2535 ex
996 2478 1118 2533 luce
1147 2477 1493 2533 obscuriores
1526 2475 1762 2530 tenebra:
1784 2466 2123 2543 judicantur,

523 2591 595 2632 ex
619 2574 888 2631 sententia
937 2571 1117 2627 divina
1157 2569 1484 2625 conferenda
1535 2576 1617 2623 est
1665 2582 1828 2622 causa
1866 2565 2121 2622 ecclesia-

527 2668 683 2723 stica.
715 2666 801 2720 Ait
851 2664 994 2721 enim
1030 2662 1291 2718 Dominus
1322 2660 1602 2732 discipulis
1634 2677 1648 2713 :
1698 2656 1796 2713 Vos
1822 2658 1949 2712 mihi
1978 2656 2124 2711 testi-

524 2759 760 2813 monium
791 2755 1144 2829 perhibebitis,
1167 2754 1257 2826 qui
1280 2756 1343 2807 ab
1382 2754 1534 2807 initio
1558 2769 1759 2806 mecum
1783 2753 1907 2807 estis
1936 2749 2119 2822 (Joan.

529 2835 643 2922 xv),
698 2848 952 2918 quoniam
1006 2846 1211 2917 absque
1261 2845 1369 2899 ulla
1424 2844 1777 2915 ambiguitate
1827 2841 2124 2913 priedicare

525 2942 795 3005 valebant,
844 2957 963 3011 qua:
1009 2938 1152 3011 apud
1206 2938 1357 2992 illum
1406 2938 1659 2992 viderunt
1706 2943 1762 2991 et
1813 2935 2119 2990 audierunt.

528 3033 685 3089 Unde
713 3034 848 3088 bene
883 3030 1077 3086 Petrus
1120 3030 1284 3085 alium
1319 3044 1416 3100 pro
1459 3028 1596 3084 Juda
1634 3027 1887 3082 ordinare
1937 3026 2125 3080 volens

531 3123 856 3195 apostolum,
895 3122 1056 3176 talem
1077 3121 1245 3175 voluit
1272 3119 1491 3190 eligere,
1531 3119 1623 3189 qui
1656 3133 1780 3174 cum
1822 3118 1902 3173 eis
1933 3116 2117 3178 fuerit,

529 3234 598 3275 ex
626 3232 734 3288 quo
764 3214 986 3269 intravit
1014 3223 1070 3269 et
1098 3214 1267 3269 exivit
1292 3215 1436 3269 inter
1458 3228 1554 3268 eos
1576 3211 1834 3266 Dominus
1857 3209 2033 3277 Iesus,
2065 3218 2120 3264 et

528 3316 636 3366 non
668 3307 832 3363 alium
876 3305 1017 3378 (Act.
1073 3304 1138 3378 ι).
1176 3303 1267 3360 Sic
1289 3311 1512 3359 econtra
1558 3303 1696 3358 tales
1719 3303 1914 3358 debent
1945 3301 2120 3357 audiri

531 3411 876 3459 accusatores
897 3415 961 3455 ac
979 3408 1142 3455 testes
1165 3398 1233 3453 de
1259 3397 1370 3451 vita
1394 3405 1449 3450 et
1468 3396 1877 3451 conversatione
1899 3394 2121 3465 presby-

529 3494 654 3559 teri,
687 3491 779 3562 qui
800 3490 917 3560 ejus
945 3490 1111 3544 vitam
1160 3495 1216 3542 et
1262 3486 1732 3541 conversationem
1769 3495 2034 3538 noverunt
2066 3482 2119 3537 in

529 3585 678 3640 omni
714 3594 978 3652 tempore,
1007 3595 1072 3634 ex
1097 3594 1203 3648 quo
1227 3577 1450 3632 intravit
1474 3584 1528 3630 et
1550 3576 1720 3630 exivit
1743 3588 1864 3629 cum
1891 3574 1971 3628 eis
2000 3587 2122 3643 pre-

529 3676 713 3748 sbyter
742 3674 850 3728 illis
880 3682 935 3727 et
953 3670 1276 3742 praepositus
1299 3668 1602 3724 ordinatus.
1653 3663 1931 3721 Sufﬁciunt
1967 3680 2118 3735 ergo,

529 3769 598 3824 ad
628 3765 976 3822 refellendam
1016 3778 1209 3818 vanam
1234 3762 1540 3833 Opinionem
1577 3776 1785 3826 eorum,
1814 3760 1906 3830 qui
1934 3759 2122 3814 dicunt

529 3861 788 3932 quoniam
833 3872 864 3911 a
904 3856 1015 3913 suis
1060 3856 1254 3912 ovibus
1287 3854 1373 3909 vel
1424 3851 1681 3923 subjectis
1735 3852 1988 3922 praelatus
2036 3867 2123 3906 rc-

531 3951 793 4025 gnlariter
822 3948 1067 4006 accusari
1104 3963 1211 4003 non
1240 3946 1439 4012 valeat,
1484 3946 1599 4000 haec
1627 3952 1774 3999 tanta
1794 3952 1851 3999 et
1884 3943 2009 3998 talia
2042 3951 2123 3999 te-

530 4045 806 4102 stimonia.
1483 4032 1486 4036 “

601 4138 729 4195 Car.
761 4136 905 4194 XXI.
931 4136 1197 4192 Caeterum
1220 4133 1476 4206 quoniam
1506 4131 1725 4202 quidam
1749 4130 1906 4200 quasi
1935 4130 1987 4185 in
2030 4144 2124 4183 au-

528 4232 785 4305 ctoritate
848 4228 1130 4301 proferunt
1195 4236 1441 4288 sanctum
1520 4224 1842 4281 Silvestrum
1927 4238 2124 4294 papam

529 4323 834 4379 decrevisse
861 4320 1012 4389 talia,
1041 4335 1162 4391 quae
1186 4318 1451 4375 catholica
1482 4317 1723 4374 Ecclesia
1777 4318 1917 4372 inter
1965 4332 2126 4388 syno-

530 4414 671 4470 dalia
693 4416 911 4470 decreta
935 4428 1042 4467 non
1065 4419 1358 4482 computat,
1384 4424 1505 4480 qua:
1535 4408 1767 4477 majores
1796 4409 1966 4464 nostri
1999 4408 2124 4463 inde

2221 1929 2390 1983 laicus
2411 1927 2616 1983 crimen
2638 1924 2842 1981 clerico
2860 1924 3061 1979 audeat
3087 1921 3312 1987 inferre,
3336 1920 3543 1976 deinde
3569 1928 3636 1973 ut
3658 1918 3834 1974 nullos

2221 2022 2454 2078 clericus
2478 2027 2670 2075 contra
2696 2017 2957 2074 clericum
2988 2014 3363 2071 testimonium
3409 2010 3831 2068 acccusationis

2220 2114 2382 2179 ferat,
2422 2122 2481 2168 et
2524 2126 2646 2168 mox
2691 2109 3061 2180 subsequitur,
3093 2108 3149 2162 in
3180 2106 3402 2178 quantis
3432 2105 3669 2161 testibus
3699 2116 3831 2176 pre-

2221 2209 2436 2280 sbyter,
2485 2206 2570 2261 vel
2617 2205 2899 2269 diaconus,
2944 2218 3042 2259 seu
3095 2200 3489 2266 subdiaconus,
3520 2198 3830 2271 acolythus

2220 2315 2434 2372 quoque
2469 2307 2524 2355 et
2543 2298 2840 2364 exorcista,
2873 2297 3045 2353 lector
3070 2305 3125 2352 et
3146 2295 3407 2350 ostiarius
3428 2292 3664 2349 valeant
3688 2306 3820 2350 tmo-

2221 2390 2564 2453 demnari,et
2603 2399 2792 2454 testes,
2843 2395 2900 2443 et
2944 2395 3292 2444 accusatores
3318 2387 3441 2443 sine
3474 2384 3725 2452 infamia,
3771 2390 3823 2441 et

2220 2497 2420 2538 uxores
2444 2492 2500 2537 et
2540 2480 2679 2537 ﬁlios
2714 2480 2998 2545 habentes,
3024 2498 3028 2509 υ
3052 2489 3112 2536 et
3153 2480 3432 2550 Christum
3464 2479 3823 2550 praedicantes

2222 2577 2373 2633 ﬁant.
2400 2578 2554 2645 Quod
2590 2591 2750 2647 quam
2779 2576 3074 2632 absurdum
3110 2575 3201 2641 sit,
3232 2584 3291 2629 ut
3332 2588 3540 2630 uxores
3576 2583 3640 2629 et
3686 2573 3817 2630 ﬁlios

2223 2667 2485 2723 habentes
2508 2669 2688 2738 potius
2705 2667 2772 2721 ad
2800 2665 3171 2721 testimonium
3196 2665 3365 2736 recipi
3388 2665 3652 2731 debeant,
3667 2672 3819 2736 quam

2223 2759 2565 2813 continentes
2589 2766 2643 2812 et
2676 2757 2938 2828 religiosi,
2974 2756 3114 2811 ratio
3142 2764 3331 2826 aperta
3356 2755 3742 2811 demonstrat:
3766 2762 3820 2811 et

2223 2861 2413 2907 contra
2443 2851 2498 2905 id
2537 2851 2681 2921 quod
2716 2841 3085 2921 subsequitur,
3116 2858 3175 2904 et
3218 2849 3349 2904 illud
3377 2850 3530 2920 quod
3566 2849 3737 2916 dicit,
3759 2858 3820 2904 ut

2225 2961 2423 3001 uxores
2465 2954 2517 2999 et
2558 2943 2699 3000 ﬁlios
2743 2945 3029 3011 habentes,
3060 2951 3117 2999 et
3142 2936 3429 2998 Christum
3465 2942 3818 3012 pradicantes

2225 3037 2358 3091 ﬁant
2390 3045 2583 3100 testes,
2605 3043 2826 3091 sanctus
2853 3034 2964 3090 Leo
3006 3046 3142 3104 papa
3189 3034 3248 3088 in
3292 3032 3529 3103 epistola
3557 3032 3627 3086 ad
3655 3030 3823 3085 Ιιιὶέ

2224 3144 2371 3183 mum
2417 3128 2819 3183 Antiochennm
2842 3127 3161 3196 episcopum
3202 3124 3451 3181 decrevit
3476 3123 3648 3196 (epist.
3686 3122 3819 3193 66):

2230 3238 2250 3272 ι
2280 3220 2434 3285 lllud,
2475 3219 2750 3290 inquiens,
2775 3218 3034 3274 convenit
3062 3216 3411 3273 dilectionem
3444 3224 3595 3270 tuam
3620 3228 3825 3286 praeca-

2223 3328 2370 3379 vere,
2404 3322 2462 3368 ut
2508 3322 2707 3382 praeter
2756 3327 2851 3369 eos
2901 3312 2994 3383 qui
3039 3318 3167 3367 sunt
3214 3309 3431 3365 Domini
3482 3307 3817 3373 sacerdotes,

2224 3405 2403 3461 nullus
2434 3406 2535 3460 sibi
2573 3404 2662 3475 jus
2706 3405 2935 3461 docendi
2963 3413 3018 3461 et
3048 3403 3375 3476 pradicandi
3414 3404 3623 3458 audeat
3651 3402 3829 3457 v’mdiJ

2222 3512 2370 3561 care,
2400 3498 2515 3553 sive
2542 3497 2612 3552 sit
2636 3497 2727 3552 ille
2753 3497 3076 3559 monachus,
3116 3496 3234 3551 sive
3267 3496 3337 3550 sit
3356 3494 3556 3561 laicus,
3608 3496 3705 3566 qui
3731 3493 3822 3550 £-

2221 3588 2377 3659 cujus
2398 3589 2634 3643 scientiae
2664 3588 2882 3644 nomine
2911 3588 3191 3659 glorietur.
3224 3586 3360 3655 Quia
3384 3586 3495 3643 etsi
3516 3587 3823 3657 optandum

2224 3686 2326 3739 est,
2361 3687 2420 3732 ut
2437 3693 2627 3734 omnes
2664 3677 2921 3735 Ecclesiae
2954 3677 3050 3732 lilii
3080 3693 3202 3749 quae
3232 3687 3379 3733 recta
3428 3686 3488 3733 et
3535 3694 3671 3733 sana
3700 3689 3821 3735 sum

2223 3770 2455 3838 sapiant,
2485 3786 2591 3825 non
2637 3782 2816 3825 tamen
2847 3771 3272 3841 permittendum
3302 3780 3407 3836 est,
3444 3779 3505 3825 ut
3532 3772 3823 3842 quisquam

2223 3871 2378 3916 extra
2407 3861 2796 3917 sacerdotalem
2820 3863 3066 3918 ordinem
3092 3862 3424 3917 constitutus
3448 3862 3677 3933 gradum
3720 3861 3823 3917 sibi

2223 3954 2600 4024 pmdicatoris
2647 3963 2912 4017 assumat,
2942 3970 3067 4010 cum
3096 3953 3151 4008 in
3201 3953 3449 4009 Ecclesia
3497 3953 3595 4008 Dei
3642 3952 3821 4008 omnia

2225 4049 2474 4103 ordinata
2519 4063 2641 4105 esse
2691 4049 3002 4115 conveniat,
3056 4057 3119 4103 ut
3167 4048 3225 4104 in
3273 4064 3383 4103 uno
3432 4048 3826 4104 Christi-cor-

2223 4155 2356 4210 pore
2407 4148 2465 4196 et
2518 4139 2903 4198 excellentium
2942 4142 3188 4197 membra
3227 4154 3387 4196 suum
3434 4140 3673 4196 cilicium
3721 4141 3825 4217 im-_

2223 4232 2428 4305 pleant,
2481 4241 2537 4288 et
2586 4232 2846 4289 inferiora
2891 4235 3266 4304 superioribus
3314 4248 3425 4290 non
3461 4234 3748 4290 resultent.
3798 4248 3821 4286 ι

2223 4326 2367 4383 Dicit
2398 4328 2585 4392 etiam,
2610 4336 2679 4405 et
2718 4328 3088 4383 testimonium
3127 4327 3310 4383 clerici
3337 4328 3607 4383 adversus
3630 4326 3823 4382 inicum

2224 4435 2383 4476 nemo
2435 4420 2663 4492 recipiat
2712 4420 2957 4491 :-quod,
3013 4420 3173 4475 sicuti
3224 4434 3392 4490 supra
3439 4420 3818 4486 οσιωᾶωκ,

527 4506 688 4561 nobis
706 4504 938 4560 tenenda
976 4503 1088 4559 suis
1107 4502 1340 4573 posteris
1364 4503 1723 4571 reliquerunt,
1755 4503 1845 4557 hic
1866 4517 2117 4558 necessa-
2148 4527 2198 4589 ο
2224 4513 2423 4584 regula,
2475 4529 2648 4570 εδει-ε
2670 4554 2687 4581 ,
2735 4522 2792 4569 ει
2855 4514 3001 4571 sedis
3055 4514 3367 4585 apostolica
3420 4512 3677 4570 deﬁnitio
3698 4554 3714 4578 ν
3762 4519 3820 4569 ει

530 4596 673 4652 rium
720 4608 924 4664 ponere
982 4593 1251 4647 duximus.
1316 4590 1588 4662 Scriptum
1656 4607 1890 4662 namque
1932 4600 2016 4648 est
2063 4592 2118 4646 in

531 4683 766 4760 quodam
818 4698 1091 4751 sermone,
1121 4684 1239 4739 sine
1284 4685 1589 4754 exceptoris
1622 4684 1840 4741 nomine
1860 4685 1927 4741 de
1955 4685 2125 4756 gestis

531 4776 705 4834 sancti
757 4773 1006 4830 Silvestri
1049 4782 1297 4845 excepto,
1345 4789 1505 4846 quem
1562 4774 1798 4830 Isidorus
1841 4764 2124 4846 episcopus

531 4866 867 4940 Hispalensis
914 4864 1131 4937 collegit
1191 4882 1316 4921 cum
1368 4866 1611 4936 epistolis
1664 4865 1923 4923 Romana:
1979 4867 2123 4923 sedis

528 4963 850 5033 pontiticum
908 4975 938 5014 a
995 4970 1183 5016 sancto
1236 4952 1513 5018 Clemente
1576 4978 1746 5034 usque
1794 4962 1862 5018 ad
1903 4964 2121 5019 beatum

531 5053 878 5126 Gregorium,
904 5054 1153 5110 eumdem
1177 5064 1424 5111 sanctum
1446 5054 1766 5110 Silvestrum
1796 5055 2122 5123 decrevisse,

538 5162 558 5195 ι
594 5154 655 5199 ιιι
680 5144 860 5200 nullus
891 5144 1060 5200 laicus
1088 5145 1295 5200 crimen
1322 5145 1521 5201 clerico
1572 5146 1767 5200 audeat
1816 5145 2039 5213 inferre,
2070 5158 2127 5203 et

536 5242 597 5289 ut
622 5236 905 5308 presbyter
930 5252 1037 5292 non
1067 5236 1327 5292 adversus
1356 5237 1692 5308 episcopum,
1728 5251 1836 5291 non
1866 5237 2126 5296 diaconus

536 5325 799 5382 adversus
847 5324 1244 5397 presbyterum,
1297 5342 1405 5382 non
1457 5326 1820 5383 subdiaconus
1867 5328 2127 5386 adversus

536 5417 846 5483 diaconum,
870 5432 975 5473 non
1005 5418 1251 5490 acolytus
1281 5404 1543 5475 adversus
1566 5420 1977 5488 subdiaconum,
2012 5437 2121 5479 non

536 5511 810 5567 exorcista
856 5509 1121 5567 adversus
1163 5510 1458 5585 acolytum,
1496 5527 1599 5569 nec
1648 5512 1824 5571 lector
1865 5514 2125 5573 adversus

538 5604 893 5669 exorcistam,
922 5618 1030 5661 non
1057 5603 1316 5660 ostiarius
1342 5605 1604 5663 adversus
1631 5605 1890 5665 lectorem
1914 5608 2004 5664 det
2033 5624 2125 5666 ac-

536 5692 875 5749 cusationem
907 5693 1166 5765 aliquam,
1196 5704 1252 5751 et
1277 5711 1383 5752 non
1433 5697 1723 5754 damnetur
1766 5700 1966 5771 praesul
2017 5701 2123 5757 nisi

540 5780 599 5836 in
650 5784 992 5857 septuaginta
1039 5785 1266 5845 duobus.
1318 5785 1505 5858 Neque
1548 5790 1748 5863 praesul
1799 5806 2045 5850 summus
2093 5809 2124 5849 a

2226 4604 2373 4677 leges
2391 4603 2823 4661 Christianorum
2857 4606 3163 4677 principum
3191 4605 3402 4678 impedi
3435 4605 3673 4662 Romani
3701 4618 3823 4661 eva-

2228 4704 2415 4752 cuant.

2302 4788 2432 4845 Car.
2464 4788 2653 4847 XXII].
2699 4789 2989 4847 Sciendum
3030 4806 3249 4862 quoque
3286 4800 3392 4858 est,
3444 4793 3576 4861 quia
3610 4791 3819 4862 quidam

2230 4883 2515 4954 praefatam
2541 4884 2985 4940 constitutionem
3025 4900 3095 4939 ex
3122 4884 3345 4939 nomine
3370 4886 3553 4941 sancti
3578 4882 3819 4941 δίκαιιεί

2230 4989 2407 5045 papae,
2431 4976 2487 5030 in
2520 4975 2901 5031 auctoritatem
2929 4990 3034 5031 non
3049 4974 3331 5045 iudicandi
3353 4990 3691 5047 quemquam
3714 4974 3818 5031 cle-

2230 5067 2489 5133 ricorum,
2531 5070 2600 5124 ad
2645 5068 3072 5125 conﬁrmandam
3116 5083 3273 5125 suam
3308 5070 3644 5126 sententiam
3670 5084 3821 5125 assa-

2229 5170 2405 5224 munt,
2459 5175 2526 5215 ex
2577 5174 2645 5215 eo
2682 5161 2826 5230 quod
2874 5160 3066 5218 beatus
3113 5160 3368 5218 Gelasius
3410 5163 3563 5218 inter
3598 5178 3659 5218 ea
3699 5176 3821 5232 qua

2229 5250 2540 5320 recipienda
2576 5261 2724 5317 sunt,
2760 5251 2929 5307 Actus
2963 5251 3109 5308 beati
3139 5251 3388 5307 Silvestri
3421 5255 3477 5309 in
3505 5267 3820 5310 eanooere—

2229 5340 2603 5412 cipiendnrum
2655 5344 2857 5414 posuit,
2912 5359 3021 5400 non
3077 5344 3448 5412 advertentes,
3511 5348 3645 5418 quid
3704 5347 3823 5403 inde

2231 5430 2285 5487 in
2311 5434 2504 5489 eodem
2533 5433 2778 5507 catalogo
2829 5444 3054 5491 sanctus
3100 5434 3353 5493 Gelasius
3393 5438 3711 5509 scripserit.
3740 5438 3823 5492 Ait

2226 5523 2375 5578 enim
2411 5523 2556 5582 inter
2577 5524 2686 5581 alia
2716 5543 2729 5579 :
2767 5545 2787 5577 ‹
2832 5526 3005 5583 Actus
3032 5526 3179 5584 beati
3223 5524 3478 5583 Silvestri
3517 5528 3823 5599 apostolica

2228 5613 2376 5668 sedis
2430 5614 2710 5685 praesulis,
2765 5615 2895 5672 licet
2938 5614 3055 5686 ejus
3110 5616 3204 5686 qui
3249 5616 3582 5689 conscripsit
3632 5633 3821 5674 mea

2232 5702 2528 5773 ignoretur,
2570 5721 2603 5760 a
2657 5706 2841 5763 multis
2892 5708 2950 5762 in
3003 5708 3139 5764 urbe
3191 5706 3364 5764 Roma
3403 5708 3697 5765 catholicis
3723 5709 3818 5780 legi

2232 5795 2606 5865 cognovimus,
2655 5805 2709 5854 et
2748 5811 2846 5868 pro
2896 5799 3120 5870 antiquo
3168 5813 3270 5858 usu
3319 5798 3502 5856 multa
3542 5798 3819 5856 initam
