4010 6330
193 336 334 394 11θὸ

1298 334 1390 396 ne
1426 322 1904 399 pnksnirstit‘s
1942 343 2348 407 cmmsosxs.

3327 316 3465 439 nec

186 454 466 511 Ecclesiae.
496 448 980 547 ltemseriptura'm
1022 455 1426 547 deinventione
1454 457 1633 514 crucis
1671 457 1777 513 Do-
1882 460 2136 530 babeant,
2165 476 2298 536 quot
2325 476 2489 523 teStes
2515 469 2739 527 idoneos
2766 466 2834 544 ad
2855 473 3311 544 comprobandum
3339 491 3466 547 pre-

190 547 425 612 minica,
474 553 532 601 et
578 544 743 600 aliam
777 544 1103 616 scripturam
1133 547 1199 603 de
1228 548 1539 606 inventione
1579 549 1773 620 capitis

187 637 417 694 Joannis
452 635 728 706 Baptistae,
764 636 989 692 novella:
1013 639 1259 707 quaedam
1305 639 1596 696 relationes
1623 650 1773 710 sunt,

188 738 249 784 ct
272 727 515 785 nonnulli
539 742 634 783 eas
656 726 906 783 catholici
936 727 1138 799 legunt.
1163 728 1271 784 Sed
1296 745 1420 785 cum
1452 732 1566 788 haec
1590 732 1656 787 ad
1685 749 1775 789 ca-

190 819 518 877 tholicorum
547 834 743 875 manus
769 820 1134 890 pervenerint,
1169 821 1311 878 beati
1357 822 1509 877 Pauli
1548 825 1777 895 apostoli
1856 830 1859 833 ’

188 913 461 984 praecedat
489 912 757 968 sententia
788 928 803 965 :
842 910 1035 967 Omnia
1059 914 1292 982 probate,
1326 916 1467 986 quod
1490 917 1679 971 bonum
1701 928 1777 973 est
1858 920 1863 921 “

160 1012 358 1067 τιειιειε
388 1003 438 1075 (Ι
469 1002 648 1059 Thess.
677 1002 751 1075 v).
787 1022 805 1054 ι
837 1002 968 1070 Quae
1002 1004 1135 1058 Acta
1162 1004 1265 1075 legi
1302 1006 1492 1061 beatus
1531 1006 1780 1064 Gelasius

154 1142 161 1149 .
189 1095 460 1166 permisit,
489 1096 585 1151 sed
611 1095 679 1151 ad
699 1095 1094 1157 auctoritatem,
1128 1096 1267 1151 sicut
1292 1107 1511 1153 sanctas
1536 1097 1779 1168 Scriptu-

192 1200 286 1242 ras
326 1194 383 1241 ct
427 1196 737 1242 sanctorum
783 1187 1072 1257 opuscula.
1125 1188 1295 1244 teneri
1341 1204 1444 1244 non
1485 1189 1666 1257 jussit.
1721 1191 1781 1248 ln

190 1275 390 1348 quibus
414 1277 639 1332 Actibus
667 1276 938 1345 Silvestri,
970 1277 1038 1332 de
1079 1279 1276 1334 talibus
1306 1282 1781 1339 constitutionibus
1867 1284 1871 1288 ’

1878 553 2156 622 sbyterum
2204 572 2382 614 sermo
2424 559 2514 616 ille
2559 561 2806 639 requirit.
2844 562 3068 620 Frustra
3117 564 3280 637 igitur
3324 566 3470 623 sacri

1851 643 2150 714 canones,
2188 658 2244 704 et
2273 650 2491 709 decreta
2514 654 2660 710 sedis
2688 655 2947 729 Romanae
2988 658 3337 728 pontiﬁcum,
3367 674 3468 717 ex-

1877 739 2286 810 pressajudicia
2332 744 2399 799 de
2442 745 2670 816 singulis
2698 748 2957 819 gradibus
2986 764 3087 819 pro
3129 750 3472 809 evidentibus

1881 829 2054 899 culpis
2088 831 2588 903 promulgaverunt,
2619 847 2674 893 et
2720 837 2864 909 leges
2910 840 3146 897 inaniter
3175 841 3243 897 ad
3275 857 3473 911 pravos

1881 922 2212 977 coercendos
2250 924 2332 977 vel
2380 926 2681 995 puniendos
2730 930 2958 985 decretae
3009 941 3169 999 sunt,
3218 934 3267 989 si
3311 948 3472 992 exse-

1882 1015 2107 1085 quenda:
2151 1029 2256 1069 non
2303 1026 2461 1081 sunt,
2504 1020 2805 1086 prazscrtim
2828 1037 2951 1077 cum
2981 1032 3202 1080 sanctus
3250 1024 3363 1081 Leo
3404 1025 3476 1082 de

1862 1107 2054 1162 "sacris
2101 1108 2402 1163 canonibus
2441 1109 2585 1165 dicat
2626 1110 2798 1181 (epist.
2842 1112 3209 1187 88‘Anast.):
3245 1135 3265 1168 ι
3305 1115 3476 1188 Igitur

1883 1199 2177 1255 secundum
2222 1211 2535 1257 sanctorum
2585 1201 2809 1258 Patrum
2858 1219 3093 1261 canones
3136 1207 3330 1278 spiritu
3376 1208 3475 1264 Dei

1882 1291 2151 1356 conditos,
2203 1299 2257 1346 ct
2308 1294 2475 1348 totius
2518 1294 2701 1349 mundi
2753 1294 3055 1349 reverentia
3094 1305 3475 1363 consecratos,

191 1364 330 1423 nihil
354 1365 600 1437 legimus.
627 1366 685 1422 ln
729 1366 868 1423 libro
905 1381 1034 1423 vero
1061 1368 1153 1437 qui
1206 1369 1448 1424 titulatur
1491 1368 1778 1427 Gestorum
1885 1384 2331 1453 ωριτοροιίιεηιοε
2372 1383 2707 1455 singularum
2752 1385 3154 1456 provinciarum
3196 1387 3477 1457 episcopo,

126 1468 147 1484 ’
188 1459 534 1530 Ροηῑίίίθυιην
563 1460 794 1531 “Simus
815 1462 1168 1518 θοηεῑίῑυῖεεθ
1195 1464 1410 1519 malum
1433 1463 1778 1535 Silveslrum,
1878 1474 1969 1546 jus
2015 1475 2227 1529 tradita:
2272 1475 2375 1529 sibi
2422 1475 2726 1545 antiquitus
2768 1460 3046 1548 dignitatis
3092 1477 3476 1532 intemeratum

192 1560 254 1607 ut
274 1552 454 1609 nullus
468 1553 639 1609 laicus
659 1553 858 1610 clerico
875 1557 1082 1611 crimen
1105 1557 1301 1612 audeat
1321 1557 1541 1613 inferre.
1573 1559 1779 1616 Caetera
1872 1568 2088 1629 habere
2117 1568 2458 1624 decernimus
2477 1610 2492 1634 ,
2523 1569 2596 1624 ita
2624 1578 2735 1624 uta
2761 1569 2960 1640 regulis
2984 1570 3301 1640 praestitutis
3329 1568 3477 1624 nulla

168 1653 395 1710 οθιηθων
449 1661 571 1716 illm
619 1646 1044 1718 ευιιεθίιιιυηιιινν
1078 1656 1136 1703 υι
1163 1664 1323 1720 δυρνθ
1377 1652 1674 1722 ιιοειιῑιηιιε.
1727 1654 1782 1708 in
1885 1674 1980 1720 aut
2006 1665 2332 1737 negligentia
2367 1675 2460 1720 aut
2496 1667 2913 1737 praesumptione
2938 1665 3235 1721 discedant.
3271 1683 3291 1716 ι
3322 1662 3379 1733 ιιι
3409 1678 3477 1728 eo

176 1744 408 1807 regesto
437 1737 606 1807 ipsius
635 1740 983 1795 constituisse
1034 1756 1157 1796 eum
1210 1757 1314 1796 nou
1360 1743 1606 1813 legimus.
1639 1743 1782 1812 Qua-

1900 1759 2033 1814 anim
2058 1761 2201 1828 quod
2243 1757 2403 1824 dicit,
2436 1768 2494 1812 ut
2519 1757 2665 1814 nulla
2693 1759 3015 1830 negligentia
3046 1774 3076 1813 a
3106 1756 3304 1829 regulis
3332 1772 3474 1827 υνδε-τ

191 1839 414 1901 propter
438 1832 767 1887 credendum
792 1849 899 1889 non
925 1842 1010 1889 est
1044 1838 1292 1892 eumdem
1329 1849 1574 1893 sanctum
1602 1842 1780 1896 virum

1900 1825 2094 1904 atitutis
2120 1850 2429 1915 discedant,
2475 1825 2813 1905 tradiderunt
2841 1825 3007 1903 nobis
3034 1825 3276 1919 magistri
3303 1825 3478 1902 nostri

190 1922 325 1980 talia
342 1925 713 1991 constituisse,
758 1941 880 1997 qua!
906 1927 969 1981 in:
992 1938 1293 1983 memorato
1333 1944 1584 1987 sermone
1611 1933 1785 1986 conti-
1886 1940 2294 2013 imelligendum
2314 1981 2327 2005 ,
2355 1949 2415 1994 ιιι
2440 1955 2635 2012 segnes
2661 1955 2768 1994 ιιοη
2813 1939 2924 1995 sint
2949 1937 3187 2008 episcopi
3218 1936 3286 1991 ad
3315 1950 3477 1991 exse.

191 2026 394 2072 nentur
416 2017 640 2089 scripta.
668 2018 736 2074 Et
761 2018 887 2075 licet
906 2030 1127 2090 propter
1152 2022 1438 2078 haereticos
1458 2032 1511 2077 et
1533 2024 1784 2096 gentiles,
1886 2032 2100 2103 quenda
2127 2040 2349 2086 statuta.
2394 2029 2452 2084 lu
2496 2045 2562 2085 eo
2597 2029 2740 2100 quod
2777 2027 2928 2093 dicit,
2957 2035 3018 2081 ut
3047 2026 3190 2081 nulla
3212 2038 3478 2097 praasum-

190 2108 287 2178 qui
344 2117 473 2165 tunc
524 2112 992 2180 persequebantur
1044 2113 1347 2170 catholicos
1380 2156 1393 2181 ,
1459 2114 1597 2171 forte
1657 2116 1785 2171 talia
1887 2125 2068 2193 ptione
2097 2137 2126 2176 a
2156 2120 2472 2190 praestitutis
2501 2118 2700 2190 regulis
2739 2118 3042 2182 discedant,
3071 2115 3479 2187 intelligendum

186 2196 412 2272 direxit,
466 2207 648 2265 tamen
677 2201 1036 2269 posteriorum
1084 2205 1352 2259 sententia
1400 2207 1630 2261 tenenda
1680 2215 1784 2275 est,

192 2287 336 2343 sicut
354 2296 575 2349 sanctus
597 2288 956 2361 Augustinus,
985 2306 1016 2347 a
1063 2293 1191 2348 sede
1242 2295 1535 2364 apostolica
1590 2298 1788 2354 merito

192 2379 340 2436 inter
388 2382 623 2452 optimos
680 2384 973 2454 magistros
1033 2384 1288 2443 Ecclesite
1337 2398 1697 2460 computatus,
1735 2366 1788 2446 in

193 2470 338 2527 libro
389 2474 628 2547 secundo
661 2475 730 2541 de
774 2476 1051 2545 Baptismo
1079 2477 1421 2534 demonstrat
1475 2479 1614 2552 (cap.
1666 2481 1722 2551 5)
1771 2500 1786 2539 :

192 2578 225 2615 s
259 2560 412 2631 Quis,
439 2565 711 2634 inquiens,
739 2567 948 2622 nesciat
975 2576 1222 2623 sanctam
1263 2567 1602 2639 Scripturam
1627 2585 1792 2625 cano-

192 2654 395 2721 nicam,
451 2665 561 2712 tam
610 2657 823 2715 Veteris
866 2673 1029 2728 quam
1058 2658 1201 2717 Novi
1237 2659 1593 2723 Testamenti,
1624 2664 1791 2718 certis

192 2751 311 2809 suis
337 2752 586 2809 terminis
608 2762 611 2765 '
631 2752 922 2816 contineri,
942 2760 949 2766 ‘
970 2766 1201 2824 eamque
1229 2754 1481 2810 omnibus
1526 2756 1793 2825 posterio-

191 2845 349 2902 ribus
391 2846 770 2915 episcoporum
813 2846 1006 2902 litteris
1058 2846 1132 2902 ita
1182 2848 1440 2917 praeponi,
1478 2857 1539 2902 ut
1584 2849 1651 2904 de
1700 2848 1790 2906 illa

191 2937 420 2996 omnino
443 2938 678 2993 dubitari
704 2946 761 2994 et
789 2939 1084 3010 disceptari
1113 2954 1221 2994 non
1250 2942 1441 3011 possit,
1471 2951 1653 2998 utrum
1699 2942 1793 2998 vc-

195 3048 341 3097 rum,
372 3029 458 3086 vel
486 3040 670 3087 utrum
694 3041 901 3087 rectum
920 3033 1020 3096 sit,
1064 3033 1324 3102 quidquid
1356 3034 1408 3088 in
1435 3049 1497 3089 ea
1526 3036 1793 3106 scriptum

197 3139 320 3181 esse
338 3123 646 3181 constiterit
698 3142 712 3180 :
755 3126 1133 3196 episcoporum
1168 3136 1348 3182 autem
1398 3127 1629 3194 litteras,
1670 3144 1790 3199 qucc

195 3225 324 3288 post
377 3216 758 3273 conﬁrmatum
813 3233 1076 3275 canonem
1122 3219 1209 3275 vel
1271 3221 1487 3292 scripta:
1529 3231 1655 3278 sunt
1704 3221 1792 3278 vel

199 3308 536 3376 scribuntur,
562 3310 619 3365 et
642 3324 741 3380 per
775 3305 1085 3368 sermonem
1116 3312 1257 3369 forte
1283 3315 1667 3385 sapientiorem
1698 3331 1793 3371 cu-

192 3400 417 3473 juslibet
439 3402 493 3457 in
515 3416 578 3458 ea
608 3417 671 3459 re
698 3403 990 3473 peritioris,
1021 3413 1077 3461 et
1117 3419 1218 3476 per
1248 3405 1477 3461 aliorum
1516 3407 1795 3479 episcopo-

200 3507 322 3548 rum
352 3492 657 3564 graviorem
683 3495 1087 3562 auctoritatem,
1111 3496 1526 3569 doctiorumquc
1552 3499 1794 3570 pruden-

203 3585 377 3652 tiam,
409 3594 467 3643 et
510 3602 611 3656 per
636 3587 868 3643 concilia
902 3588 1069 3645 licere
1110 3590 1457 3660 reprehendi,
1493 3591 1539 3647 si
1580 3592 1708 3661 quid
1738 3591 1793 3646 iu

201 3678 288 3734 eis
311 3676 451 3733 forte
491 3694 523 3732 a
562 3677 796 3734 veritate
834 3678 1109 3733 deviatum
1155 3688 1238 3735 est
1291 3699 1305 3735 :
1357 3690 1412 3736 et
1453 3682 1570 3752 ipsa
1614 3682 1799 3738 conci-

204 3767 275 3823 lia
302 3783 425 3837 quae
448 3781 548 3836 per
591 3766 831 3838 singulas
879 3768 1130 3839 regiones
1177 3769 1263 3825 vel
1297 3771 1608 3840 provincias
1637 3772 1794 3840 llunt,

201 3857 571 3929 plenariorum
640 3857 995 3913 conciliorum
1048 3860 1403 3926 auctoritati,
1480 3875 1600 3930 quae
1660 3862 1799 3918 ﬁunt

203 3965 272 4009 ex
313 3951 567 4006 universo
597 3950 729 4006 orbe
770 3949 1101 4016 Christiano,
1143 3952 1262 4008 sine
1301 3952 1426 4009 ullis
1479 3955 1801 4026 ambagibus

202 4044 419 4109 cedere,
475 4045 699 4115 ipsaque
725 4044 969 4126 plenaria
998 4059 1141 4115 saepe
1180 4046 1362 4116 priora
1406 4047 1800 4117 posterioribus

202 4135 508 4208 emendari,
537 4149 660 4192 cum
697 4137 879 4207 aliquo
917 4136 1290 4208 experimento
1331 4152 1514 4192 rerum
1560 4138 1802 4209 aperitur

199 4229 352 4302 quod
376 4228 619 4286 clausum
639 4238 782 4294 erat,
804 4237 862 4284 et
878 4230 1235 4299 cognoscitur
1257 4230 1402 4300 quod
1425 4230 1645 4296 latebat,
1680 4231 1800 4287 sine

202 4321 322 4379 ullo
350 4321 515 4392 typho
541 4319 1130 4392 sacrilegaesuperbiaa,
1170 4319 1292 4375 sine
1320 4318 1428 4375 ulla
1470 4319 1656 4374 inﬂata
1684 4334 1803 4376 cer-

204 4415 332 4472 vice
348 4413 697 4486 arrogantiae,
717 4413 837 4470 sine
859 4411 968 4468 ulla
987 4412 1337 4469 contentione
1363 4410 1542 4467 lividae
1563 4411 1796 4475 invidiae,

206 4522 335 4564 cum
370 4516 560 4562 salicta
608 4504 931 4573 humilitate,
975 4520 1102 4561 cum
1151 4518 1288 4577 pace
1327 4503 1621 4570 catholica,
1675 4518 1801 4560 cum

206 4598 483 4657 charitate
501 4597 846 4654 Christiana?
891 4617 908 4653 ι

281 4689 414 4747 Car.
451 4686 642 4746 XXlV.
689 4688 977 4760 Alioquin,
1029 4689 1075 4744 si
1119 4688 1297 4746 nullus
1334 4690 1505 4745 laicus
1545 4690 1807 4746 adversus

208 4786 496 4854 clericum,
530 4785 711 4842 nullus
733 4784 964 4841 clericus
991 4785 1253 4840 adversus
1282 4784 1476 4840 laicum
1508 4785 1811 4840 accusatio-

208 4893 341 4935 nem
368 4877 615 4949 prol‘erre
638 4876 858 4939 valebit,
888 4876 1185 4932 secundum
1226 4874 1313 4928 illa
1356 4888 1477 4944 quae
1514 4875 1569 4929 in
1600 4890 1809 4931 memo-

208 4978 337 5025 rato
363 4983 614 5026 sermone
646 4983 715 5024 ex
756 4966 937 5022 verbis
962 4965 1140 5021 sancti
1178 4964 1423 5020 Silvestri
1468 4972 1597 5021 sunt
1630 4965 1808 5031 dicta,

208 5061 491 5134 quomodo
529 5061 654 5133 quis
683 5059 1020 5129 iudicabitur
1048 5057 1119 5114 ab
1158 5056 1413 5113 Ecclesize
1440 5064 1670 5122 sanctae,
1724 5054 1806 5111 vel

208 5165 247 5208 ι
274 5152 455 5224 legum
481 5152 816 5225 publicarum
846 5151 1150 5222 iudicibus,
1180 5164 1305 5205 cum
1339 5163 1500 5204 nemo
1522 5148 1608 5205 vel
1635 5148 1811 5203 eccle-

207 5241 440 5298 siastico
467 5242 552 5298 vel
581 5242 726 5299 civili
749 5241 956 5312 judicio
984 5240 1310 5311 regulariter
1336 5246 1496 5307 atque
1532 5236 1775 5309 legaliter
1794 5278 1808 5305 ,

208 5332 324 5388 nisi
350 5347 473 5388 cum
496 5322 764 5399 sententia
791 5332 982 5389 ordine
1004 5329 1318 5401 judiciario,
1351 5336 1408 5382 et
1434 5343 1556 5399 qua:
1581 5344 1703 5384 cum
1730 5328 1812 5383 in-

209 5427 479 5497 tegritate
499 5427 775 5499 profertur
793 5467 809 5493 ,
836 5424 1031 5497 debeat
1052 5421 1324 5488 iudicari?
1350 5420 1485 5476 Nam
1515 5421 1560 5476 si
1587 5421 1815 5494 presby-

210 5527 307 5573 ter
336 5520 625 5590 approbari
651 5535 757 5578 non
787 5517 1013 5590 poterit,
1037 5515 1139 5571 nisi
1169 5530 1292 5570 eum
1320 5522 1400 5568 tot
1427 5513 1636 5569 idoneis
1665 5514 1814 5569 testi-

209 5615 342 5682 bus,
358 5617 504 5674 sicut
528 5617 726 5673 ibidem
751 5616 1013 5687 scriptum
1036 5621 1140 5677 est,
1169 5625 1444 5680 nunquam
1473 5609 1811 5679 probabitur.

210 5708 366 5766 Sunt
387 5714 533 5765 enim
559 5710 700 5779 apud
732 5724 832 5764 nos
861 5704 1199 5779 presbyteri,
1231 5702 1323 5774 qui
1354 5708 1428 5756 tot
1457 5700 1814 5771 parochianos

208 5813 330 5858 non
360 5800 597 5869 habent,
629 5801 721 5872 qui
766 5815 954 5857 mansa
998 5804 1243 5862 teneant,
1274 5803 1331 5852 et
1355 5808 1551 5850 uxores
1582 5806 1649 5847 ac
1676 5790 1814 5848 lllios

1889 2216 2161 2279 dixerunt,
2197 2222 2254 2268 ut
2284 2220 2489 2268 statuta
2517 2210 2974 2283 supergrediendo
3013 2224 3354 2280 nequaquam
3381 2222 3480 2265 ex-

1891 2308 2103 2363 cedant.
2136 2306 2288 2362 Unde
2315 2305 2457 2360 idem
2492 2304 2686 2359 beatus
2706 2300 2816 2358 Leo
2838 2302 2960 2357 aliis
2983 2302 3162 2356 verbis
3186 2301 3482 2370 Scriptum

1891 2398 2211 2454 sententiam
2261 2395 2518 2466 protulit,
2574 2408 2693 2464 quae
2743 2393 2911 2447 dicit:
2962 2376 3087 2447 Non
3136 2389 3362 2445 declines
3408 2388 3480 2444 ad

1891 2492 2151 2553 dextram,
2178 2504 2341 2558 neque
2367 2493 2435 2540 ad
2461 2486 2730 2541 sinistram
2753 2483 2933 2556 (Prov.
2959 2483 3060 2550 tv).

1963 2582 2093 2638 CAP.
2124 2579 2291 2634 XXV.
2342 2578 2418 2635 De
2459 2577 2666 2648 legibus
2710 2586 2921 2640 autem,
2965 2574 3395 2642 Valentinianus,
3424 2580 3483 2641 et

1893 2672 2259 2736 Theodosius,
2317 2679 2372 2726 et
2426 2669 2728 2736 Arcadius,
2790 2670 3175 2737 decreverunt,
3242 2667 3486 2723 dicentes

1895 2765 1953 2838 (1.
1980 2780 2041 2832 ιι,
2062 2763 2180 2818 cod.
2210 2761 2429 2831 ΤΙιεοά.,
2456 2762 2519 2816 de
2540 2758 2847 2832 ϐοηειίιιιι.)
2871 2778 2884 2814 :
2913 2779 2932 2812 ι
2961 2759 3264 2830 Perpensas
3283 2758 3487 2829 sereni-

1899 2857 2026 2913 tatis
2066 2863 2265 2912 nostra:
2310 2853 2470 2926 longa
2511 2852 2899 2908 deliberatione
2939 2851 3355 2927 constitutiones
3383 2863 3486 2906 nec

1898 2951 2151 3022 ignorare
2178 2962 2501 3019 quemquam
2523 2986 2542 3013 ,
2584 2961 2684 3001 nec
2723 2930 3062 3001 dissimulare
3092 2942 3485 3021 permittimus.

1893 3038 2290 3111 lnterpretatio.
2339 3037 2511 3109 Leges
2559 3036 2769 3092 nescire
2815 3035 2946 3090 nulli
2991 3034 3182 3115 liceat,
3231 3041 3326 3088 aut
3363 3044 3486 3102 quae

1896 3141 2022 3188 sunt
2064 3139 2262 3186 statuta
2297 3139 2663 3186 contemnere.
2702 3148 2720 3180 ι
2762 3127 2824 3183 Et
2869 3125 2926 3189 S.
2974 3125 3298 3183 leestinus
3336 3122 3489 3196 paria

1900 3225 1967 3280 de
1995 3222 2166 3278 sacris
2191 3221 2490 3277 canonibus
2517 3219 2648 3275 dicit
2669 3218 2838 3290 (epist.
2859 3218 2947 3291 3):
2978 3236 2996 3269 ι
3025 3205 3485 3286 Νυιιῑζῑωιυῑωε,

1901 3315 2169 3373 sacerdoti
2197 3329 2324 3369 suos
2344 3313 2505 3369 liceat
2527 3327 2762 3367 canones
2782 3312 3054 3382 ignorare,
3069 3326 3169 3365 nec
3189 3310 3489 3379 quidquam

1900 3408 2100 3474 facere,
2146 3406 2290 3478 quod
2336 3405 2559 3461 Patrum
2610 3405 2779 3475 possit
2828 3403 3027 3475 regulis
3069 3402 3309 3458 obviare.
3355 3399 3491 3467 Quae

1899 3502 2046 3559 enim
2084 3515 2115 3555 a
2148 3499 2307 3555 nobis
2350 3513 2440 3553 res
2483 3496 2644 3568 digna
2691 3495 3014 3559 servabitur,
3047 3493 3092 3549 si
3135 3478 3503 3560 decretalium‘

1902 3608 2091 3650 norma
2129 3591 2548 3648 constitutorum
2579 3602 2678 3659 pro
2721 3585 3023 3657 aliquorum
3069 3583 3222 3639 libitu
3267 3582 3493 3639 licentia

1901 3683 2112 3755 populis
2162 3680 2426 3752 permissa
2480 3675 3021 3755 frangatur?:i_Non
3072 3673 3235 3747 igitur
3274 3673 3491 3737 [rustra

1901 3750 2284 3829 ecclesiasticae
2329 3770 2556 3840 regulae,
2588 3769 2672 3823 vel
2717 3750 3065 3836 sacrae'leges
3100 3767 3333 3821 inaniter
3366 3774 3494 3821 sunt
3586 3836 3589 3837 ν

1903 3862 2278 3935 promulgatae,
2308 3861 2403 3916 sed
2429 3859 2664 3931 regulari
2693 3873 2755 3914 ac
2785 3856 2942 3927 legali
2966 3857 3156 3915 ordine
3184 3865 3309 3912 sunt
3335 3868 3494 3910 exse-

1905 3958 2155 4030 quendaa.
2204 3955 2473 4024 Quoniam
2520 3954 2660 4009 sicut
2704 3959 2923 4007 sanctus
2951 3949 3284 4018 Augustinus
3309 3957 3364 4002 et
3387 3962 3494 4002 cae-

1909 4050 2010 4105 teri
2040 4049 2289 4104 doctores
2318 4044 2572 4101 catholici
2600 4059 2664 4099 ex
2696 4041 3019 4115 Evangelica
3060 4040 3381 4095 auctoritate
3403 4052 3494 4095 os-

1905 4138 2166 4204 tendunt,
2195 4138 2261 4193 de
2297 4134 2498 4205 apertis
2536 4130 2948 4188 commissorum
2996 4126 3149 4184 nobis
3193 4125 3492 4188 erratibus,

1906 4246 2016 4287 non
2045 4228 2217 4283 solum
2247 4231 2604 4297 potestatem,
2636 4221 2730 4277 sed
2770 4229 2823 4275 et
2849 4227 3177 4289 prteceptum
3214 4215 3494 4285 judicandi
3596 4264 3603 4269 .

1906 4333 1967 4381 ut
1996 4322 2360 4393 corrigantur,
2386 4317 2663 4380 habemus,
2695 4314 2834 4370 sicut
2861 4322 2986 4368 sunt
3009 4321 3215 4381 stupra,
3249 4309 3500 4381 blasphe-

1905 4416 2051 4480 mize,
2081 4411 2249 4479 furta,
2276 4409 2557 4472 adulteria,
2585 4405 2899 4470 homicidia,
2927 4402 3243 4467 ebrietates,
3268 4401 3496 4472 rapinae,

1909 4516 1965 4564 et
1996 4506 2083 4562 his
2112 4506 2330 4571 similia,
2366 4504 2431 4559 de
2461 4502 2656 4573 quibus
2685 4501 2941 4556 Dominus
2967 4497 3136 4554 dicit:
3167 4495 3212 4549 A
3241 4493 3499 4567 fructibus

1826 4559 1883 4622 Β
1908 4559 2090 4657 earnm
2115 4559 2448 4671 cognoscetis
2480 4559 2571 4650 ξοδ
2622 4593 2850 4668 (Matth.
2884 4591 3033 4664 vn);
3074 4580 3129 4646 et
3164 4559 3495 4660 Apostolus:

1912 4693 2199 4763 Manifesta
2229 4701 2405 4746 autent
2442 4698 2563 4744 sunt
2591 4704 2748 4759 opera
2779 4685 2955 4742 carnis
2983 4680 3127 4757 (Gal.
3164 4681 3240 4754 v).
3294 4681 3368 4737 De
3405 4693 3500 4736 oc-

1911 4785 2069 4839 cultis
2091 4798 2221 4837 vero
2244 4781 2497 4837 fraterna:
2522 4778 2887 4842 conscientiaa,
2903 4787 2959 4832 et
2989 4775 3042 4830 in
3068 4772 3244 4828 dubiis
3265 4769 3502 4827 maxime

1913 4877 2077 4931 rebus
2118 4882 2173 4929 et
2216 4889 2321 4943 qua
2368 4873 2668 4928 intentione
2711 4870 2795 4925 vel
2841 4867 3168 4925 necessitate
3213 4871 3499 4936 geruntur.

1915 4981 2037 5022 cum
2067 4965 2334 5035 inspicere
2361 4964 2676 5036 nequimus,
2718 4960 3077 5017 temeritatem
3098 4953 3375 5027 judicandi
3405 4968 3494 5008 ca-

1917 5073 2046 5113 vere
2069 5058 2346 5113 debemus.
2380 5055 2486 5111 Sed
2510 5063 2568 5110 et
2589 5054 2839 5124 ambigua
2869 5064 3054 5105 eorum
3084 5054 3234 5117 gesta
3258 5086 3274 5112 ,
3300 5053 3357 5101 et
3382 5059 3504 5114 quae

1918 5151 1973 5206 in
2023 5149 2318 5220 quamlibet
2366 5157 2573 5222 partem
2625 5143 2969 5215 interpretari
3018 5148 3272 5213 possunt,
3321 5136 3503 5194 divino

1917 5243 2096 5314 potius
2120 5241 2358 5298 examini
2402 5252 2682 5295 reservare
2717 5234 3009 5307 iubemur:
3048 5232 3187 5287 sicut
3212 5229 3280 5286 de
3306 5242 3505 5298 genere

1918 5338 2188 5402 ciborum,
2217 5335 2310 5407 qui
2336 5339 2560 5405 possunt
2583 5330 2726 5385 bono
2751 5327 2955 5392 animo,
2982 5334 3037 5381 et
3057 5321 3289 5395 simplici
3313 5318 3504 5389 corde,

1920 5430 2039 5485 sine
2081 5429 2212 5482 vitio
2260 5421 2735 5494 concupiscentia.
2783 5420 3093 5490 quicunque
3133 5413 3355 5472 humani
3399 5414 3507 5470 cibi

1918 5519 2288 5576 indill‘erenter
2333 5516 2502 5580 sumi,
2553 5515 2620 5570 ad
2660 5528 2889 5585 quorum
2933 5511 3207 5577 alimenta,
3251 5510 3390 5565 sicut
3436 5509 3506 5567 ad

1918 5610 2312 5665 medicamenta
2335 5615 2419 5662 est
2446 5603 2833 5660 accedendum.
2854 5601 3190 5673 Quapropter
3218 5608 3506 5671 sequentes

1919 5698 2145 5771 apostoli
2177 5696 2479 5753 doctrinam
2510 5692 2811 5749 Salvatoris
2844 5690 3047 5757 nostri,
3094 5691 3161 5746 de
3207 5688 3511 5746 manifestis

1916 5791 2294 5865 iudicaverunt
2324 5794 2633 5861 peccantes,
2662 5785 2805 5840 sicut
2825 5781 3021 5839 Petrus
3044 5780 3349 5848 Simonem,
3374 5778 3512 5835 Ana-
