4010 6330
525 342 664 399 “07

1381 343 1714 402 HINCMARI
1753 343 1967 402 RHEM.
2003 346 2325 405 ARGHIEP.
2365 348 2730 408 OPUSCULA
2768 347 3001 405 VARIA.

3679 347 3810 406 ιιω

521 458 669 514 niam
695 463 750 512 et
786 456 1095 528 Saphiram,
1128 455 1327 512 Paulus
1371 456 1616 528 Elymam
1653 466 1707 514 et
1735 456 2117 514 foruicatorem
2147 467 2194 526 Α
2223 470 2280 517 et
2326 463 2648 518 auctoritate
2689 477 2755 518 ac
2795 461 3191 518 consuetudine
3241 461 3297 515 in
3344 462 3467 517 istis
3521 460 3810 531 Cisalpini

525 550 668 622 apud
694 549 1009 605 Corinthios
1038 547 1178 619 (Act.
1209 563 1263 614 v;
1295 547 1324 602 1
1356 546 1479 603 Cor.
1512 549 1588 620 v).

594 643 726 699 Car.
759 642 950 698 XXVI.
979 640 1220 708 Quorum
1260 648 1552 710 sequentes
1584 641 1808 713 vestigia
1840 657 2117 698 successo-

525 751 612 792 res
655 736 1053 806 apostolorum,
1098 740 1150 786 et
1186 730 1390 799 judicia
1437 733 1502 786 de
1550 731 1850 788 manifestis
1881 736 2118 802 peccatis

523 826 1023 897 promulgaverunt,
1047 831 1101 877 et
1122 833 1411 894 peccantes
1442 839 1624 878 coram
1647 827 1898 880 omnibus
1927 826 2117 880 redar-

521 927 783 988 gucrnnt,
837 924 1001 985 atque
1034 913 1372 984 judicarunt.
1408 915 1472 969 Et
1503 917 1768 986 qualiter,
1797 933 1860 973 ac
1887 935 1994 986 quo
2029 933 2119 973 on-

523 1010 648 1063 dine
670 1023 770 1077 pro
801 1007 1047 1076 patribus
1075 1007 1336 1077 apostolis
1377 1007 1632 1064 Ecclesiae
1680 1009 1792 1063 nati
1839 1009 1963 1074 ﬁlii,
2004 1009 2115 1079 epio

519 1100 671 1170 scopi
693 1097 968 1164 videlicet,
983 1098 1215 1154 debeant
1241 1099 1295 1153 in
1319 1108 1607 1170 peccantes
1630 1100 1873 1169 proferre
1888 1099 2115 1168 judicia,

519 1197 694 1252 sancti
723 1197 1008 1268 pontiﬁces
1036 1196 1147 1252 Leo
1173 1206 1227 1252 et
1269 1195 1597 1268 Gregorius,
1630 1207 1963 1268 exponentes
1989 1214 2114 1254 sen-

513 1290 747 1344 ~tentism
781 1289 995 1343 Domini
1023 1289 1254 1343 dicentis
1279 1289 1346 1342 ad
1386 1289 1688 1359 apostolos,
1718 1300 1774 1344 et
1800 1306 1894 1360 per
1923 1305 2018 1346 eos
2049 1291 2116 1344 ad

520 1395 870 1437 successores
897 1395 1084 1436 eorum
1114 1379 1329 1450 (Matth.
1357 1382 1479 1452 xm)
1506 1399 1518 1434 :
1564 1380 1696 1446 Qute
1717 1379 2002 1451 ligaveritis
2028 1398 2120 1436 su-

521 1491 616 1544 per
643 1485 858 1540 terram,
883 1483 1034 1528 erunt
1060 1473 1222 1544 ligata
1254 1477 1307 1528 in
1340 1475 1523 1538 caelis;
1562 1484 1619 1529 et
1645 1493 1656 1528 :
1701 1474 1834 1540 ρειαί
1859 1474 2116 1534 solveritis

522 1580 682 1634 super
705 1574 930 1629 terram,
979 1575 1129 1618 erunt
1162 1564 1339 1620 soluta
1379 1565 1433 1618 in
1460 1563 1633 1628 caelis,
1665 1573 1912 1634 patenter
1935 1575 2120 1620 osten-

523 1657 679 1710 dunt.
720 1674 737 1706 ι
771 1654 1095 1710 Beatissimo
1136 1654 1334 1720 Petro,
1385 1655 1561 1724 inquit
1607 1653 1721 1709 Leo
1770 1656 1960 1723 (serm.
2002 1655 2118 1710 15in

523 1749 717 1803 Annia.
747 1750 1112 1821 Assumpt.),a
1136 1749 1355 1804 Christo
1385 1749 1620 1804 dicitur:
1655 1747 1769 1803 Tibi
1790 1748 1925 1803 dabo
1951 1747 2118 1802 claves

2222 553 2530 624 regionibus
2556 553 2904 624 exsequenda
2931 561 2991 608 et
3015 552 3217 607 tradita
3249 553 3406 608 nobis
3434 553 3779 622 accepimus.

2291 641 2419 697 CAP.
2450 643 2684 699 XXVlll.
2721 642 2778 697 Si
2807 653 2988 698 autem
3009 643 3296 715 presbyter
3327 643 3410 697 vel
3442 639 3715 698 diaconus
3748 643 3814 699 de

2217 736 2380 789 cenis
2415 735 2596 791 causis
2635 744 2945 800 accusatus,
2971 744 3028 790 et
3069 735 3320 806 legaliter
3343 744 3512 803 atque
3551 735 3811 789 canonia

2216 826 2283 880 ad
2320 826 2582 895 judicium
2626 836 2969 897 provocatus,
3007 827 3257 896 regulare
3288 826 3559 896 judicium
3611 825 3812 880 subter-

2217 911 2434 987 fugcrit,
2452 917 2728 972 decretum
2753 926 2836 974 est
2857 919 3031 973 sacris
3056 917 3284 988 legibus,
3308 931 3450 988 quas
3471 931 3542 971 ex
3572 915 3812 985 Evange-

2218 1004 2317 1060 lica
2371 1006 2697 1061 auctoritate
2751 1008 2893 1064 trina
2948 1008 3308 1063 conventione
3353 1007 3598 1078 probant
3649 1006 3814 1076 pri-

2218 1095 2487 1166 Epliesina
2511 1097 2771 1169 synodus,
2799 1108 2857 1155 et
2884 1115 3142 1170 magnum
3167 1099 3623 1155 Cbalcedonense
3642 1097 3818 1155 eonﬁ-

2217 1189 2368 1255 lium,
2391 1199 2448 1245 et
2470 1199 2692 1245 sanctus
2708 1189 3043 1248 leestinus
3065 1193 3119 1246 in
3137 1191 3365 1263 epistola
3390 1192 3462 1247 ad
3483 1190 3817 1257 Nestori-II,

2215 1288 2272 1334 et
2311 1288 2534 1336 sanctus
2561 1280 2857 1352 Gregorius
2898 1282 2953 1336 in
2982 1282 3229 1352 epistolis
3267 1283 3386 1337 suis
3409 1282 3596 1352 (epist.
3623 1279 3741 1348 54),
3765 1289 3819 1336 I

2219 1369 2376 1425 trinis
2425 1369 2650 1436 litteris,
2698 1370 2783 1428 vel
2824 1371 3018 1428 edictis
3041 1373 3250 1443 quique
3281 1380 3618 1435 conventus,
3674 1371 3721 1425 si
3757 1370 3816 1424 si

2213 1458 2450 1528 iudicem
2501 1479 2680 1530 suum,
2731 1479 2764 1519 a
2789 1480 2900 1536 quo
2939 1464 3010 1521 de
3051 1465 3222 1521 certis
3265 1465 3450 1520 causis
3500 1463 3818 1536 regularis.

2219 1565 2505 1611 accusatus
2530 1564 2838 1612 conventus
2861 1565 2949 1614 est
2982 1557 3170 1612 venire
3203 1556 3462 1622 noluerit,
3491 1556 3816 1611 sententia-

2219 1649 2556 1704 contumacis
2604 1647 2885 1720 suscipiat.
2936 1647 3078 1704 Hinc
3119 1657 3178 1704 et
3229 1657 3460 1704 sanctus
3513 1646 3818 1702 Bonifaci-

2220 1756 2360 1812 papa
2405 1741 2472 1796 ad
2515 1740 2823 1798 Gallicanos
2860 1741 3146 1811 episcopos
3185 1741 3430 1796 decrevit
3467 1741 3651 1812 (epist.
3694 1739 3720 1793 ι
3755 1739 3818 1792 Α

523 1842 668 1910 regni
701 1840 946 1895 caelorum
981 1850 1029 1896 et
1069 1857 1389 1911 quacunque
1420 1841 1661 1912 ligaveris
1693 1858 1850 1911 super
1886 1851 2115 1906 terram,
2155 1824 2197 1883 Β
2227 1829 2422 1886 Gallic.
2473 1831 2658 1902 episc.)
2695 1851 2706 1884 :
2747 1850 2766 1883 ι
2815 1830 2886 1887 Ut
2925 1839 3226 1892 ωιιναιιυδ
3269 1831 3506 1901 (Ιίιίαῐυε
3540 1830 3591 1884 5i
3639 1829 3819 1888 δῶ,

521 1941 675 1986 erunt
701 1931 864 2002 ligata
894 1941 941 1986 et
969 1934 1023 1986 in
1055 1933 1195 1986 caelis
1215 1973 1228 1994 ,
1271 1943 1317 1986 et
1346 1949 1670 2003 quascunque
1709 1931 1924 1986 solveris
1962 1948 2118 2002 super

523 2036 718 2080 terram
771 2036 922 2080 erunt
971 2025 1144 2080 saluta
1191 2037 1235 2081 et
1265 2028 1320 2080 in
1361 2026 1523 2080 coriis.
1576 2025 1854 2080 Transivit
1898 2023 2116 2093 quidem

522 2115 687 2170 etiam
736 2116 789 2170 in
840 2115 975 2170 alios
1019 2116 1296 2186 apostolos
1336 2117 1417 2172 vis
1447 2118 1602 2172 istius
1631 2116 1935 2187 potestatis,
1967 2124 2022 2169 et
2050 2114 2118 2169 ad

523 2219 715 2263 omnes
744 2207 1001 2262 Ecclesiae
1047 2209 1320 2280 principes
1353 2209 1556 2263 decreti
1594 2209 1755 2278 hujus
1806 2207 2120 2263 constitutio

524 2297 872 2362 commeavit,
906 2299 1000 2353 sed
1022 2313 1127 2353 non
1156 2298 1176 2352 l
1183 2308 1358 2354 rustra
1388 2301 1478 2354 uni
1512 2299 1943 2365 commendatur,
1977 2298 2120 2369 quod

524 2390 776 2446 omnibus
806 2391 1105 2448 intimetur.
1140 2392 1300 2448 Petro
1323 2393 1471 2448 enim
1498 2393 1618 2448 ideo
1646 2393 1748 2448 hoc
1778 2392 2123 2464 singulariter

525 2483 806 2549 creditur,
866 2484 990 2554 quia
1040 2485 1250 2540 cunctis
1311 2483 1566 2540 Ecclesiae
1619 2485 1921 2540 rectoribus
1975 2482 2122 2538 Petri

526 2573 702 2630 forma
753 2578 1094 2648 proponitur.
1150 2577 1334 2633 Manet
1385 2595 1513 2649 ergo
1555 2578 1700 2634 Petri
1756 2577 2120 2650 privilegium,

525 2665 835 2737 ubicunque
879 2682 947 2724 ex
983 2669 1154 2739 ipsius
1186 2667 1360 2724 fertur
1401 2669 1659 2739 (equitate
1691 2667 1978 2739 judicium.
2013 2667 2126 2724 Nec

525 2757 690 2813 nimia
731 2769 814 2814 est
840 2760 926 2815 vel
973 2762 1258 2828 severitas,
1289 2761 1372 2816 vel
1405 2761 1670 2827 remissio,
1711 2761 1803 2816 ubi
1826 2759 1959 2816 nihil
1987 2760 2123 2832 liga—

533 2858 672 2918 tnm,
703 2852 837 2907 nihil
863 2860 949 2908 est
974 2851 1234 2920 solutum,
1265 2853 1368 2908 nisi
1394 2853 1537 2924 quod
1563 2854 1755 2909 beatus
1781 2852 1996 2920 Petrus,
2031 2860 2127 2908 aut

528 2940 749 3013 ligarit,
797 2951 892 2998 aut
945 2943 1186 3000 solverit.
1241 2964 1261 2997 ›
1303 2944 1370 3000 Ει
1418 2944 1476 2998 S.
1519 2943 1810 3014 Gregorius
1847 2944 2020 3014 (hom.
2053 2942 2125 2998 26

526 3033 582 3087 in
608 3033 837 3104 Evang.)
869 3051 882 3088 :
916 3054 935 3087 ι
973 3034 1127 3105 Saepe
1148 3035 1346 3106 agitur,
1380 3044 1438 3089 ut
1465 3035 1555 3105 qui
1585 3035 1758 3091 nescit
1795 3044 1978 3089 tenere
2004 3049 2123 3089 mo-

527 3124 810 3180 deramina
849 3125 977 3180 vitae
1024 3143 1155 3194 suae,
1199 3126 1366 3196 judex
1399 3134 1522 3182 Viue
1562 3125 1654 3181 ﬁat
1693 3125 1906 3192 alienae,
1935 3134 1998 3182 ut
2039 3123 2124 3182 vel

2223 1921 2452 1978 voluerit
2478 1938 2742 1992 praesens,
2773 1923 2820 1978 si
2844 1923 3089 1989 conﬁdit,
3118 1925 3187 1979 ad
3211 1923 3429 1994 objecta
3474 1922 3815 1992 respondes,

2223 2015 2268 2068 si
2296 2015 2486 2070 adesse
2510 2013 2823 2084 neglexerit,
2841 2015 3159 2071 dilationem
3179 2015 3470 2071 sententia
3487 2015 3560 2070 de
3583 2014 3818 2069 absenti

2224 2123 2330 2164 non
2359 2108 2620 2164 lucretur.
2651 2109 2784 2164 Nam
2822 2108 3166 2164 manifestum
3191 2117 3277 2165 est
3305 2107 3560 2164 conﬁteri
3591 2123 3718 2162 eun
3749 2108 3820 2166 ἀ

2224 2202 2451 2258 crimine
2480 2244 2494 2269 ,
2551 2203 2644 2272 qui
2701 2203 2909 2258 indulto
2957 2213 3015 2258 et
3063 2202 3229 2259 toties
3277 2201 3536 2272 detegam
3585 2200 3816 2269 5m.

2223 2294 2489 2365 purgandi
2537 2309 2597 2350 se
2633 2294 2918 2360 occasione
2943 2309 3051 2350 non
3076 2292 3266 2348 utitur.
3299 2290 3449 2347 Nihil
3471 2293 3621 2347 enim
3649 2293 3818 2346 inter-

2225 2395 2328 2451 est,
2365 2394 2545 2440 utrum
2591 2385 2646 2440 in
2692 2385 2945 2454 praesenti
3000 2383 3250 2440 examine
3275 2384 3486 2449 omnia,
3514 2397 3642 2453 qua
3681 2384 3818 2439 dicta

2225 2487 2370 2542 sunt,
2403 2479 2470 2532 de
2517 2493 2583 2534 eo
2635 2478 3080 2548 comprobentur,
3128 2492 3254 2533 eum
3299 2477 3416 2547 ipsa
3461 2491 3683 2546 quoque
3725 2489 3820 2546 μυ

2227 2569 2567 2626 confessione
2627 2580 2919 2640 procurata
2981 2568 3142 2626 toties
3193 2574 3415 2624 constet
3467 2565 3740 2622 absentia.
3789 2579 3816 2620 ο

2228 2662 2388 2731 Quia,
2429 2672 2490 2717 ut
2535 2670 2756 2718 sanctus
2781 2661 3033 2718 Gelasius
3055 2659 3213 2727 dicit,
3237 2659 3359 2716 ideo
3388 2666 3621 2713 vocatur
3649 2657 3720 2712 ad
3737 2657 3823 2725 jn-

2228 2754 2428 2809 dicium
2476 2763 2626 2810 certa
2675 2767 3011 2825 quaecunque
3061 2765 3317 2823 persons,
3357 2758 3422 2806 ιιι
3451 2754 3550 2805 ω
3591 2748 3823 2804 fatea-

2228 2845 2456 2916 objecta,
2485 2853 2581 2901 aut
2604 2846 2972 2902 convincatur
2987 2845 3237 2916 objectis.
3261 2842 3334 2900 Et
3352 2842 3422 2898 ab
3437 2856 3507 2898 es
3527 2839 3819 2904 sententis.

2228 2951 2349 3006 qua:
2378 2935 2639 2992 adversus
2665 2945 3017 2992 contumaces
3047 2937 3175 2992 data
3203 2943 3310 3001 est,
3339 2947 3514 3004 neque
3537 2931 3822 3002 anethi.

2228 3045 2407 3102 neque
2453 3031 2509 3086 iu
2543 3031 2764 3102 duplum
2807 3030 3052 3092 revocari
3093 3037 3296 3100 potest,
3337 3029 3478 3086 sicut
3511 3027 3653 3096 teges
3683 3023 3825 3081 die

2230 3122 2409 3190 niunt,
2436 3133 2493 3180 et
2532 3133 2756 3181 sanctus
2788 3123 3084 3196 Gregorius
3108 3123 3171 3180 in
3209 3120 3462 3193 epistolis
3481 3120 3596 3178 suis
3615 3133 3692 3174 ea
3713 3116 3828 3174 ὼε·

528 3216 750 3272 damnet
775 3215 1100 3284 immeritos,
1131 3188 1218 3274 vel
1245 3217 1380 3274 alios
1404 3218 1518 3290 ipse
1549 3219 1746 3291 ligatus
1775 3188 1968 3287 solvat,
1998 3234 2123 3274 cum
2151 3188 2198 3252 ο
2229 3215 2352 3272 dem
2383 3188 2590 3288 legibus
2615 3188 2998 3288 promulgavit.

527 3323 640 3364 sure
668 3309 963 3367 voluntatis
989 3318 1188 3378 motus,
1236 3327 1341 3368 non
1381 3321 1563 3368 autem
1597 3328 1886 3369 causarum
1929 3313 2124 3368 merita

529 3399 794 3470 sequitur.
844 3397 998 3457 Unde
1045 3403 1105 3456 lit
1141 3409 1200 3457 ut
1239 3401 1354 3473 ipse
1385 3403 1489 3459 hac
1538 3402 1740 3475 ligandi
1769 3419 1832 3459 ac
1883 3401 2126 3460 solvendi

527 3500 798 3560 potestate
825 3507 886 3548 se
917 3494 1116 3564 privet,
1145 3493 1237 3564 qui
1272 3493 1415 3548 hanc
1457 3509 1558 3564 pro
1593 3495 1705 3550 suis
1736 3493 2123 3558 voluntatibus,

530 3588 586 3636 et
621 3597 730 3638 non
778 3598 879 3652 pro
918 3582 1282 3652 subjectorum
1314 3585 1557 3642 moribus
1593 3594 1832 3641 exercet.
1863 3583 2128 3651 .Judicare

529 3673 674 3728 enim
708 3674 867 3744 digne
891 3675 960 3731 de
982 3675 1214 3731 subditis
1239 3685 1536 3747 nequeunt,
1560 3678 1651 3748 qui
1679 3679 1732 3733 in
1757 3676 2126 3748 subjectorum

529 3767 710 3822 causis
755 3782 853 3823 sua
905 3767 990 3824 vel
1031 3768 1179 3834 odia,
1214 3760 1305 3826 vel
1349 3770 1584 3842 gratiam
1618 3781 1938 3843 sequuntur.
1972 3770 2126 3828 Unde

532 3869 682 3917 recte
710 3876 808 3934 per
837 3863 1156 3936 pmphetam
1195 3865 1436 3921 dicitur:
1477 3865 1876 3924 Mortiﬁcabant
1914 3868 2126 3926 animas

528 3969 650 4023 quzc
679 3970 784 4010 non
814 3955 1138 4024 moriuntur,
1167 3967 1221 4014 et
1237 3957 1581 4015 viviﬁcabant
1605 3959 1840 4028 animas,
1868 3976 1989 4031 quae
2017 3976 2126 4019 non

531 4046 720 4103 vivunt
747 4046 966 4119 (Ezech.
1003 4050 1148 4122 xm).
1183 4049 1300 4106 Non
1340 4053 1659 4109 morientem
1704 4055 1902 4126 quippe
1934 4055 2127 4111 morti-

529 4139 676 4207 ﬁcat,
705 4141 796 4212 qui
822 4141 1029 4211 justum
1061 4145 1296 4211 damnat,
1327 4155 1382 4200 et
1411 4161 1515 4201 non
1541 4147 1811 4202 victurum
1846 4147 2126 4205 viviticare

529 4233 743 4297 nititur.
767 4235 858 4305 qui
885 4251 1039 4291 reum
1060 4237 1321 4308 supplicio
1351 4238 1633 4292 absolvere
1660 4247 1909 4294 conatur.
1937 4239 2126 4296 Causa:

529 4341 660 4397 ergo
699 4330 990 4398 pensandae
1028 4338 1171 4397 sunt,
1215 4337 1271 4385 et
1299 4338 1426 4385 tunc
1452 4331 1657 4403 ligandi
1689 4342 1852 4403 atque
1881 4331 2125 4388 solvendi

530 4421 770 4486 potestas
798 4420 1126 4476 exercenda.
1165 4439 1183 4471 ›

2297 3314 2429 3372 ευ.
2464 3311 2657 3369 xm.
2687 3314 2765 3370 De
2812 3321 3036 3378 cetera,
3076 3311 3125 3370 si
3168 3309 3471 3382 presbyteri
3501 3303 3830 3364 ..ιω

2226 3422 2327 3478 pro
2375 3421 2541 3462 causa
2585 3405 2927 3480 pecuniaria,
2967 3419 3095 3475 quae
3123 3403 3237 3462 alio
3273 3401 3584 3460 sto-inei-
3623 3398 3832 3470 ησύ

2229 3499 2402 3566 sacris
2435 3498 2612 3555 civilis
2643 3512 2813 3554 causa
2850 3504 3096 3562 vocatur,
3121 3509 3227 3568 pro
3259 3491 3581 3565 pervasisse
3607 3492 3703 3548 rei
3727 3490 3832 3544 si-

2229 3591 2404 3662 cujus,
2451 3605 2546 3647 seu
2595 3604 2696 3662 pro
2734 3587 3149 3660 quibuscunque
3199 3584 3448 3658 gravium
3479 3582 3731 3653 injuriis,
3759 3579 3830 3636 si

2223 3683 2488 3756 judicium
2521 3682 2722 3738 iuerint
2749 3680 3055 3752 provocati,
3083 3679 3212 3740 licet
3235 3679 3288 3734 is
3303 3673 3686 3734 eriminalibss
3699 3686 3833 3730 cur

2230 3779 2306 3834 sis
2335 3792 2434 3849 per
2462 3775 2630 3832 alium
2657 3774 2793 3831 nulli
2823 3774 2992 3830 liceat
3039 3771 3386 3843 respondere,
3427 3767 3700 3839 episcopis
3735 3775 3824 3821 ιι-

2230 3887 2353 3928 men
2375 3879 2431 3926 et
2451 3869 2790 3943 presbyteris
2815 3868 2994 3924 sacris
3017 3864 3227 3937 legibus
3246 3872 3560 3935 prastatnr,
3577 3868 3640 3915 ut
3661 3859 3721 3914 in
3739 3867 3831 3914 ur

2229 3961 2371 4020 libus
2399 3961 2582 4020 causis
2621 3959 2790 4016 misso
2836 3965 3210 4029 procuratore,
3255 3955 3309 4012 id
3357 3964 3447 4011 est
3481 3952 3612 4008 dato
3635 3966 3742 4021 pm
3767 3964 3832 4007 η

2231 4055 2496 4112 advocato
2539 4051 2928 4123 respondeant,
2960 4051 3084 4122 sine.
3101 4049 3285 4113 dubio,
3319 4057 3377 4104 ut
3406 4051 3474 4103 ad
3503 4062 3601 4102 eos
3639 4046 3834 4100 retin

2231 4145 2500 4203 sententia
2522 4145 2772 4213 iudicati.
2799 4144 2858 4198 In
2890 4143 3114 4213 reliquis
3151 4156 3283 4196 vero
3301 4138 3684 4196 criminantibus
3703 4151 3832 4192 c.-

2232 4239 2330 4304 sis,
2359 4239 2451 4293 ubi
2477 4238 2546 4293 de
2566 4235 2773 4292 scelere
2795 4251 3030 4306 persona
3049 4233 3423 4290 convincenda
3457 4240 3567 4294 est.
3593 4245 3754 4285 suam
3769 4233 3832 4290 '-

2226 4331 2436 4401 judicio
2465 4329 2814 4400 praesentiam
2837 4327 3096 4384 exhibere
3117 4332 3433 4396 procurent.
3467 4321 3692 4390 Quodsi
3721 4330 3832 4375 ten-

2234 4425 2308 4478 tio
2359 4422 2615 4478 conveuti
2663 4435 2782 4492 per.
2807 4426 3184 4476 exsecutorem
3227 4417 3296 4474 ad
3338 4414 3608 4485 judicium
3647 4412 3834 4467 vasin

600 4509 730 4563 CAP.
763 4508 976 4564 XXVII.
1008 4511 1071 4566 Et
1097 4511 1152 4566 in
1173 4513 1394 4584 synodis
1422 4513 1682 4570 Romanis
1705 4516 2122 4585 apostolicorum
2156 4553 2205 4614 Β
2232 4516 2526 4582 noluerint,
2556 4523 2617 4568 ut
2660 4512 3004 4583 praemissum
3052 4519 3154 4574 est,
3191 4507 3530 4566 sententiam
3559 4504 3832 4574 accipin

531 4597 757 4668 Eugcuii
804 4609 968 4670 atque
1008 4602 1206 4658 Leonis
1252 4605 1431 4674 quarti
1483 4605 1570 4661 ubi
1613 4608 1951 4663 sacerdotem
2000 4620 2124 4680 post

531 4689 1038 4746 condemnationem
1082 4706 1202 4749 esse
1237 4705 1487 4765 oporteat
1527 4697 1878 4752 constitutum
1917 4707 2020 4766 est,
2061 4709 2121 4757 ut

530 4783 807 4849 sacerdos,
837 4792 931 4839 aut
958 4783 1134 4854 quivis
1177 4784 1315 4842 alius
1343 4786 1394 4841 in
1423 4787 1668 4844 ordinem
1691 4791 2117 4848 ecclesiasticum

528 4883 834 4945 provectus,
870 4876 915 4932 si
948 4875 998 4932 in
1028 4892 1094 4932 eo
1127 4878 1333 4935 scelere
1376 4881 1701 4951 inveniatur,
1729 4899 1836 4954 quo
1863 4885 2122 4956 abjicien-

528 4966 628 5021 dus
680 4967 914 5036 cxistat,
966 4969 1244 5041 depositus
1298 4974 1634 5044 providentia
1696 4977 1931 5048 episcopi
1981 4979 2120 5036 bene

526 5059 748 5128 proviso
794 5059 914 5116 loco
965 5064 1348 5131 constituatur,
1401 5066 1489 5119 tibi
1538 5075 1764 5136 peccata
1814 5068 2014 5139 lugeat,
2065 5077 2122 5125 et

529 5149 756 5206 ulterius
781 5167 887 5206 non
913 5155 1234 5209 connuittat.
1276 5156 1342 5210 Et
1389 5173 1612 5225 magnus
1640 5158 1748 5211 Leo
1779 5175 1914 5229 papa
1961 5160 2120 5232 longe

527 5249 652 5298 ante
675 5244 998 5301 auctoritate
1023 5244 1314 5317 Scriptum
1337 5265 1504 5304 sacrae
1527 5253 1593 5303 ad
1621 5249 1882 5304 llilarium
1905 5251 2117 5322 episco-

523 5348 654 5402 pum
697 5335 1096 5392 Narbonensem
1137 5339 1382 5395 decrevit
1428 5341 1597 5413 (epist.
1639 5342 1708 5398 92
1757 5343 1826 5396 ad
1864 5341 2115 5416 Κακία),

531 5445 550 5478 ι
582 5437 640 5483 ut
688 5430 992 5503 presbyteri
1032 5432 1114 5488 vel
1157 5433 1370 5488 diaconi
1408 5434 1542 5506 lapsi
1585 5436 1651 5491 ad
1701 5437 2115 5508 promerendam

528 5521 952 5580 misericordiam
999 5525 1090 5580 Dei
1123 5527 1386 5596 privatam
1429 5539 1686 5601 expetant
1732 5533 2112 5599 secessionem,

528 5613 616 5666 ubi
668 5614 772 5670 illis
810 5615 1131 5685 satisfactio,
1169 5619 1212 5674 si
1257 5620 1422 5676 luerit
1469 5621 1653 5693 digna,
1701 5623 1956 5678 sitetiam
2005 5623 2120 5680 frn-

526 5710 732 5756 ctuosa.
776 5725 793 5755 ι
826 5705 948 5762 llaec
991 5722 1022 5761 a
1049 5709 1343 5779 majoribus
1377 5712 1578 5768 nostris
1617 5713 1682 5768 de
1719 5715 1964 5771 inlamati
1991 5733 2117 5787 prc-

526 5794 730 5866 sbytcri
756 5797 1112 5870 depositione,
1143 5802 1223 5858 vel
1253 5804 1885 5878 qualitatispurgatione
1913 5810 2122 5868 ratione

2230 4626 2332 4666 COD
2341 4619 2588 4664 tumnets.

2301 4704 2431 4759 Cu.
2464 4699 2632 4756 XXX.
2665 4699 2743 4755 De
2769 4699 3089 4770 pervasione
3124 4707 3328 4760 autem
3359 4694 3614 4765 quisquis
3653 4689 3830 4748 eccis-

2231 4796 2571 4854 siastieorum
2597 4833 2614 4860 ,
2674 4793 2878 4850 relictis
2921 4792 3006 4848 vel
3057 4789 3385 4858 contemptis
3433 4787 3652 4856 legibus
3675 4825 3692 4851 ,
3747 4789 3830 4839 tu

2231 4888 2438 4944 alienas
2485 4885 2812 4956 pervaserit,
2863 4884 3163 4940 secundum
3203 4881 3348 4936 beati
3390 4877 3646 4948 διηςωὶ
3681 4887 3834 4944 μβ

2229 4979 2530 5043 decretum,
2558 4984 2682 5030 ante
2703 4990 2903 5044 corpus
2935 4974 3076 5030 beati
3104 4973 3249 5028 Petri
3271 4971 3484 5039 prolati.
3517 4989 3574 5028 :2,
3599 4968 3829 5022 anath-

2232 5069 2394 5126 matis
2425 5068 2638 5124 vinculo
2689 5067 2844 5138 ligari
2888 5066 3224 5136 praccipitur,
3253 5063 3394 5117 sicut
3425 5063 3481 5118 in
3523 5057 3832 5114 cedentib-

2232 5169 2402 5226 creto,
2433 5160 2528 5215 sed
2553 5167 2609 5214 et
2637 5158 2692 5212 in
2717 5158 2843 5212 aliis
2870 5157 2984 5214 suis
3005 5156 3261 5227 epistolis,
3289 5170 3398 5207 non
3419 5144 3828 5206 tanwmsensl

2230 5261 2285 5307 et
2315 5251 2571 5316 secundo,
2605 5250 2699 5306 sed
2723 5257 2777 5304 et
2809 5249 2969 5304 tertio
2995 5257 3242 5320 patenter
3275 5245 3542 5308 ostendit,
3581 5253 3640 5297 ut
3669 5252 3830 5296 nens

2228 5342 2741 5406 ccclesiasticorum,
2775 5341 2817 5396 si
2850 5349 3006 5411 putat
3024 5338 3283 5395 Ecclesiae
3309 5352 3426 5392 sua:
3441 5350 3536 5390 res
3561 5329 3833 5402 quasihst

2229 5438 2430 5492 debere
2460 5442 2791 5502 competere,
2823 5431 3110 5503 illegaliter
3131 5445 3224 5486 eas
3243 5428 3534 5499 pervadat,
3563 5423 3661 5482 sed
3687 5423 3836 5492 tear

2228 5531 2352 5587 liter
2377 5530 2496 5585 illas
2523 5527 2788 5597 acquirat.
2826 5527 2893 5581 Et
2920 5528 2974 5581 in
3003 5525 3223 5598 synodis
3266 5521 3532 5580 Romanis
3569 5514 3832 5589 apostoli»

2229 5640 2416 5680 eorum
2445 5621 2670 5692 Eugenii
2705 5629 2872 5689 atque
2917 5619 3114 5674 Leonis
3139 5617 3344 5687 quarti,
3391 5617 3458 5671 de
3505 5611 3832 5683 pervasion

2231 5715 2386 5787 quasi
2425 5729 2522 5783 pro
2557 5722 2709 5782 parte
2761 5711 3016 5766 Ecclesia
3045 5711 3188 5765 facta
3234 5710 3515 5763 decretum
3545 5715 3654 5770 est,
3681 5712 3741 5758 ut
3781 5700 3828 5756 si

2232 5805 2503 5880 quispiam
2547 5805 2760 5862 invasa:
2813 5803 3192 5876 comprobatus
3221 5801 3365 5858 dicat
3405 5814 3503 5872 pro
3531 5804 3694 5872 parte
3725 5793 3856 5894 Ειπνκ
