4010 6330
583 461 712 519 illi

1428 447 1756 506 lll‘NCMARl
1798 443 2008 500 RHEM'.
2048 441 2366 499 ARCHIISP.
2408 437 2770 496 OPUSCULA
2813 434 3038 492 VARIA.

3705 429 3843 490 illi

591 611 3838 658 _____________________________________.

2090 769 2294 850 XVI.

1280 967 1414 1044 DE
1458 963 1778 1047 CAUSA
1818 957 2389 1042 TEUTFBIDI
2449 953 3071 1034 PBESBYTEBI
3101 1009 3122 1046 ,

1558 1139 1845 1216 Qualiter
1871 1138 1959 1199 sit
1992 1134 2292 1216 agitanda
2325 1133 2420 1195 vel
2446 1087 2845 1215 ddi/ﬁnienda.

1455 1301 1616 1365 (Apud
1639 1301 1886 1361 eumdem,
1907 1310 1972 1350 ex
1995 1297 2214 1363 editione
2236 1295 2524 1358 Ioguntina
2544 1294 2746 1346 Joannis
2765 1294 2970 1353 Bonet.)

645 1563 770 1618 CAP.
820 1561 861 1614 l.
923 1559 1156 1614 Sanctus
1197 1556 1486 1626 Gregorius
1514 1573 1673 1627 papa,
1704 1557 1755 1610 in
1785 1556 2017 1625 Regesto
2055 1556 2146 1609 de-
2175 1558 2221 1615 Α
2249 1555 2419 1622 ipsum
2445 1549 2702 1620 (Nahum.
2736 1547 2799 1618 ι).
2830 1566 2849 1600 ι
2907 1545 2965 1602 Si
3001 1545 3146 1602 enim
3189 1543 3501 1601 ﬁdelitatem
3550 1545 3666 1619 ipsi
3711 1562 3844 1603 casa

573 1662 843 1708 cretorum
891 1664 1136 1713 suorum,
1168 1648 1440 1703 multoties
1467 1647 1680 1718 negotia
1710 1647 2069 1702 ecclesiastica
2098 1653 2153 1701 et

573 1757 765 1797 causas
813 1740 1300 1795 ecclesiasticorum
1336 1740 1580 1810 legaliter
1614 1756 1678 1795 ac
1711 1740 2030 1810 regulariter
2057 1742 2151 1796 de-

571 1830 700 1886 bere
735 1828 952 1884 difiiniri
982 1829 1242 1884 chernit.
1293 1828 1394 1885 Ubi
1443 1830 1524 1884 vel
1565 1847 1593 1883 a
1638 1829 1832 1899 quibus
1879 1846 2039 1886 causa
2087 1832 2154 1886 de

568 1919 845 1974 Teutfrido
866 1919 1178 1990 presbytero
1199 1920 1444 1990 agitanda
1470 1919 1555 1974 vel
1576 1918 1877 1973 dillinienda
1901 1920 1971 1973 sit
1995 1917 2150 1991 (Cod.

572 2009 768 2064 Theod.
806 2010 842 2065 l.
879 2010 965 2071 l0,
1004 2011 1068 2064 de
1087 2010 1448 2080 Accusation.)
1485 2029 1497 2064 :
1534 2029 1550 2060 ι
1581 2011 1749 2079 Leges
1774 2011 2069 2066 decernunt
2096 2018 2154 2064 ut

567 2103 710 2156 ultra
764 2103 1054 2171 provincite
1113 2086 1374 2158 terminos
1423 2103 1711 2156 accusandi
1770 2102 1984 2157 licentia
2043 2118 2152 2157 non

567 2193 960 2264 progrediatur.
1011 2193 1235 2262 Oportet
1275 2193 1418 2248 enim
1463 2193 1570 2246 illic
1618 2192 1903 2246 criminum
1947 2190 2152 2260 judicia

564 2285 781 2355 agitari,
840 2285 930 2340 ubi
986 2283 1196 2340 facinus
1244 2285 1453 2340 dicatur
1498 2284 1812 2339 admissum.
1859 2283 2153 2353 Peregrina

566 2387 747 2432 autem
770 2376 973 2445 judicia
997 2377 1352 2447 praesentibus
1396 2376 1601 2447 legibus
1644 2390 1972 2430 coercemus.
2011 2394 2030 2426 ι
2085 2374 2155 2428 Et

561 2468 1018 2541 Carthaginienses
1047 2485 1283 2526 canones
1307 2470 1488 2540 capite
1514 2468 1792 2539 trigesimo
1821 2485 1834 2521 :
1867 2486 1886 2518 ‹
1912 2465 2148 2530 Placuit,

564 2561 834 2631 inquiunt,
865 2569 924 2614 ut
949 2569 1234 2617 accusatus
1258 2560 1341 2616 vel
1369 2569 1652 2616 accusator
1681 2561 1735 2614 in
1757 2574 1822 2615 eo
1841 2558 1978 2624 loco,
2010 2557 2152 2613 unde

565 2661 650 2707 est
680 2652 766 2730 ille
797 2651 894 2721 qui
921 2660 1224 2713 accusatur,
1273 2652 1317 2706 si
1349 2651 1539 2706 metuit
1583 2651 1818 2721 aliquam
1850 2649 1957 2703 vim
1986 2655 2156 2702 teme-

565 2743 724 2796 rariae
753 2742 1135 2808 multitudinis,
1168 2742 1344 2799 locum
1371 2742 1473 2797 sibi
1499 2741 1660 2811 eligat
1689 2741 2014 2809 proximum,
2044 2752 2153 2809 quo

563 2850 673 2890 non
698 2835 769 2889 sit
790 2833 1005 2890 difﬁcile
1031 2843 1195 2888 testes
1217 2835 1532 2904 producere,
1556 2833 1647 2887 ubi
1670 2849 1832 2888 causa
1861 2832 2098 2887 ﬁniatur.
2123 2851 2142 2883 ι

2256 1643 2348 1696 Dei
2367 1641 2586 1709 juravit,
2617 1639 2670 1694 in
2694 1637 2933 1710 perjurio
2975 1647 3165 1706 captus
3191 1643 3272 1692 est
3303 1656 3316 1692 :
3343 1637 3470 1708 quia
3497 1653 3636 1693 vero
3662 1654 3840 1693 sacra-

2256 1741 2338 1788 tas
2385 1733 2494 1787 Deo
2542 1730 2824 1787 facultates
2881 1727 3171 1794 distraxit,
3221 1728 3560 1797 sacrilegium
3607 1729 3842 1793 admisit,

2255 1823 2394 1876 sicut
2428 1827 2648 1875 sanctus
2674 1817 2966 1872 Anacletus
2996 1832 3155 1888 papa,
3196 1816 3262 1870 ab
3310 1817 3424 1886 ipso
3473 1818 3641 1873 beato
3691 1819 3844 1874 Petro

2254 1912 2496 1983 apostolo
2550 1909 2834 1980 presbyter
2875 1908 3175 1974 ordinatus,
3227 1917 3413 1976 postea
3460 1909 3514 1962 in
3573 1910 3704 1963 sede
3743 1909 3844 1963 Ro-

2253 2019 2412 2056 mana
2437 2015 2721 2056 successor
2747 1999 2889 2054 illius
2919 1999 3095 2054 factus
3121 2000 3432 2070 episcOpus,
3481 2014 3608 2054 cum
3654 2015 3842 2070 quam-

2253 2093 2500 2164 plurimis
2544 2091 2916 2147 sacerdotibus
2954 2090 3275 2159 judicabat:
3313 2110 3331 2142 ι
3361 2091 3499 2159 Qui,
3556 2092 3841 2162 inquiens,

2253 2183 2453 2238 Christi
2482 2183 2736 2252 pecunias
2756 2193 2812 2237 et
2837 2181 3090 2238 Ecclesiae
3129 2183 3288 2250 rapit,
3334 2179 3534 2248 aufert,
3579 2183 3662 2236 vel
3701 2181 3855 2238 fraus

2254 2272 2434 2336 datur,
2469 2272 2738 2328 homicida
2772 2281 2877 2337 est,
2925 2279 3087 2342 atque
3131 2271 3401 2328 homicida
3445 2283 3575 2328 ante
3622 2289 3844 2343 conspe-

2253 2373 2396 2419 ctum
2419 2362 2769 2431 justijudicis
2795 2364 3156 2432 deputabitur.
3207 2363 3308 2432 Qui
3353 2365 3497 2435 rapit
3550 2366 3834 2435 pecuniam

2252 2452 2486 2522 proximi
2517 2452 2620 2517 sui,
2648 2452 2983 2521 iniquitatem
3020 2463 3272 2522 operatur
3303 2469 3319 2508 :
3345 2455 3439 2524 qui
3472 2465 3658 2510 autem
3686 2471 3840 2526 pecu-

2255 2542 2399 2596 niam
2429 2542 2513 2597 vel
2545 2558 2633 2597 res
2662 2543 2916 2598 Ecclesia:
2951 2543 3252 2609 abstulerit,
3301 2544 3652 2615 sacrilegium
3699 2545 3822 2599 facit

2253 2640 2308 2688 et
2331 2642 2390 2688 ut.
2415 2634 2707 2706 sacrilegus
2735 2632 3051 2704 iudicandus
3077 2642 3177 2690 cst.
3214 2654 3233 2687 ι
3291 2633 3360 2690 Et
3399 2645 3631 2692 sanctus
3671 2635 3839 2693 Urbs.

2253 2739 2354 2778 nus
2384 2740 2521 2796 papa
2543 2734 2597 2779 et
2625 2735 2828 2796 martyr
2855 2744 2867 2780 :
2899 2745 2917 2777 ι
2944 2725 3050 2781 Res
3076 2735 3133 2780 et
3156 2725 3441 2783 facultates
3462 2729 3836 2785 ecclesiastica

2253 2817 2552 2874 oblationes
2588 2819 2946 2889 appellantur,
2977 2821 3100 2890 quia
3144 2820 3370 2877 Domino
3414 2821 3736 2889 offeruntur,
3783 2833 3837 2880 et

563 2928 632 2982 Et
660 2929 898 2999 synodus
931 2927 1128 2983 Africae
1155 2927 1446 2998 provincia:
1470 2928 1521 2980 in
1553 2924 1779 2995 epistola
1809 2925 1876 2979 ad
1900 2923 2150 2980 C(elesti-
2180 2914 2184 2970 ἶ

2256 2916 2377 2962 vota
2408 2918 2534 2963 sunt
2569 2907 2825 2974 ﬁdelium,
2876 2925 2939 2965 ac
2985 2909 3155 2980 pretia
3201 2921 3550 2980 peccatorum
3582 2932 3595 2967 :
3622 2916 3665 2969 si
3719 2916 3837 2984 quis

563 3035 696 3073 num
732 3034 964 3087 papam:
1002 3037 1019 3069 ι
1049 3018 1489 3080 Prudentissime,
1516 3017 1708 3084 inquit,
1747 3015 2154 3087 justissimeque

561 3109 912 3178 providerunt
952 3116 1154 3178 patres,
1183 3123 1516 3178 quaecunque
1545 3106 1758 3178 negotia
1795 3108 1848 3162 in
1878 3108 1991 3164 suis
2017 3107 2151 3164 locis

562 3199 654 3254 ubi
681 3208 803 3254 orta
829 3207 958 3254 sunt
978 3198 1235 3253 ﬁnienda.
1267 3216 1287 3249 ι

559 3400 565 3406 _
632 3333 760 3388 Car.
787 3331 849 3387 ll.
895 3331 1184 3404 Presbyter
1212 3330 1493 3388 confessus
1533 3332 1618 3388 vel
1646 3331 1946 3396 convictus,
1979 3346 2153 3401 apro-

560 3427 680 3496 prio
705 3426 977 3496 episcopo,
1001 3426 1044 3481 si
1069 3425 1443 3480 contentiosus'
1465 3425 1624 3479 fuerit
1649 3426 1717 3481 ab
1744 3425 2012 3498 episcopis
2038 3439 2149 3480 suae

559 3516 852 3585 provinciae
872 3515 1106 3584 judicari
1133 3514 1315 3579 debet,
1341 3500 1478 3570 sicut
1527 3513 1746 3582 Nicaeni,
1801 3513 2146 3580 Antiocheni,

563 3607 914 3662 Sardicenses
940 3647 954 3672 ,
989 3615 1044 3660 et
1074 3604 1573 3670 Chalcedonenscs,
1611 3616 1666 3661 et
1695 3605 2148 3676 Carthaginenses

558 3696 797 3752 Africani
843 3711 1077 3752 canones
1124 3697 1438 3751 decernunt.
1495 3695 1645 3752 Unde
1678 3697 2002 3750 Antiocheni
2055 3711 2146 3752 ca-

560 3803 731 3843 nones
767 3787 1002 3858 capitulo
1056 3787 1266 3842 decimo
1318 3795 1472 3842 sexto
1521 3786 1748 3840 dicunt:
1784 3805 1803 3837 ‹
1839 3784 2144 3841 Perfectum

560 3875 844 3932 concilium
891 3876 1020 3930 illud
1061 3884 1174 3939 est,
1217 3875 1307 3929 ubi
1349 3871 1654 3929 interfuerit
1700 3874 2145 3944 metropolitanus

559 3967 805 4022 antistes.
843 3985 861 4019 ι
910 3967 975 4021 Ει
1011 3965 1248 4037 capitulo
1274 3966 1534 4037 vigesimo
1563 3967 1632 4021 de
1657 3966 1901 4022 conciliis
1935 3967 2144 4038 episco-

555 4058 767 4130 palibus
793 4077 806 4112 :
841 4079 858 4110 ι
886 4060 942 4114 ln
972 4059 1102 4128 ipsis
1124 4059 1366 4114 conciliis
1391 4060 1570 4114 adsint
1592 4060 1912 4130 presbyteri,
1938 4071 1994 4116 et
2023 4060 2140 4116 dia-

557 4151 704 4217 coni,
736 4159 790 4207 et
817 4167 1006 4206 omnes
1035 4153 1125 4221 qui
1167 4167 1227 4207 se
1265 4152 1422 4206 laesos
1467 4152 1799 4216 existimant,
1843 4160 1900 4206 et
1949 4151 2138 4222 synodi

2255 2997 2344 3052 illa
2393 2999 2652 3068 rapuerit,
2692 3013 2816 3054 reus
2856 3010 2938 3054 est
2979 3001 3340 3058 damnationis
3371 3003 3596 3060 Ananiae
3634 3014 3693 3059 et
3738 3006 3838 3060 Sa—

2252 3084 2464 3155 phirze;
2498 3095 2550 3141 et
2605 3095 2815 3156 oportet
2872 3088 3173 3158 huiusmodi
3227 3091 3447 3147 tradere
3493 3093 3728 3158 Satana,
3777 3103 3836 3150 ut

2253 3175 2477 3246 spiritus
2505 3176 2683 3231 salvus
2721 3178 2814 3233 ﬁat
2844 3179 2895 3232 in
2925 3179 3011 3235 die
3040 3180 3269 3236 Domini.
3300 3202 3320 3235 ι
3373 3183 3444 3239 Et
3485 3195 3710 3241 sanctus
3735 3185 3835 3240 La-

2251 3265 2368 3320 cius
2417 3281 2554 3336 papa
2581 3282 2597 3321 :
2627 3288 2644 3319 ι
2667 3267 2867 3324 Rerum
2911 3271 3400 3327 ecclesiasticarum
3430 3284 3486 3329 et
3517 3274 3828 3332 facultatum

2251 3364 2497 3425 raptores
2522 3374 2551 3411 a
2576 3356 2849 3415 liminibus
2874 3371 3073 3415 sanctze
3111 3360 3364 3418 Ecclesiae
3405 3365 3834 3421 anathematiza-

2249 3453 2336 3500 tos
2375 3447 2666 3516 apostolica
2709 3451 3028 3506 auctoritate
3073 3451 3338 3521 pellimus,
3381 3461 3439 3508 et
3489 3455 3830 3522 damnamus,

2251 3547 2412 3610 atque
2435 3539 2727 3611 sacrilegos
2754 3557 2876 3598 esse
2894 3543 3218 3613 iudicamus.
3277 3544 3379 3598 Par
3408 3546 3566 3601 enim
3597 3560 3755 3617 poem
3779 3556 3831 3603 et

2249 3638 2467 3700 agentes
2501 3641 2556 3686 et
2583 3633 2982 3689 consentientes
3011 3635 3431 3704 comprehendit.
3462 3654 3484 3688 ι
3519 3636 3597 3692 Et
3621 3648 3831 3696 unctus

2247 3719 2540 3793 Gregorius
2587 3738 2725 3794 papa
2763 3738 2778 3777 :
2815 3743 2836 3777 ι
2863 3723 3230 3798 Sacrilegum,
3282 3727 3488 3796 inquit,
3545 3739 3600 3783 et
3639 3740 3829 3785 contra

2247 3814 2390 3883 leges
2411 3823 2514 3880 est,
2538 3817 2582 3869 si
2606 3817 2726 3884 quis
2747 3817 2887 3887 quod
2913 3817 3307 3874 venerabilihus
3332 3819 3466 3874 locis
3487 3820 3828 3890 retinquitur,

2245 3918 2424 3972 pravae
2447 3904 2739 3960 voluntatis
2765 3907 2957 3962 studiis
3001 3908 3114 3963 suis
3159 3911 3450 3964 tenlaverit
3496 3911 3828 3982 compendii

2238 3995 2496 4050 retinere.
2529 4013 2548 4046 ι
2609 3995 2676 4050 Et
2715 4006 2936 4053 sanctus
2974 3999 3338 4070 Augustinus,
3366 4015 3396 4053 a
3429 4003 3564 4057 sede
3611 4014 3827 4072 aposto-

2244 4081 2345 4138 lica
2376 4099 2473 4154 per
2496 4085 2710 4140 beatum
2732 4085 3079 4143 Caelestinum
3109 4089 3252 4146 inter
3291 4092 3532 4161 optimos
3575 4093 3827 4149 Ecclesia

2241 4175 2527 4245 magistros
2555 4177 2753 4234 merito
2780 4188 3140 4250 computatos,
3179 4181 3233 4234 in
3269 4196 3530 4237 sermone
3556 4183 3826 4254 Evangeii

553 4243 903 4343 εκνθτίθηξξιῖ
927 4257 1173 4297 mm"-
1213 4261 1232 4293 ’
1274 4241 1360 4343 ,E‘
1403 4241 1643 4343 οθνίίιηο,
1672 4256 1835 4343 ηρηοο
1879 4250 1981 4295 ⁸⁸η
2025 4241 2138 4311 ep“
2165 4263 2211 4326 C
2245 4241 2386 4322 beati
2413 4267 2637 4324 Joannis
2665 4271 2836 4326 dicit:
2873 4241 3062 4329 {Ecce
3093 4241 3233 4328 inter
3259 4284 3480 4330 sanctos
3520 4285 3604 4330 est
3641 4241 3827 4343 1.3...

547 4341 750 4405 'scopus
773 4334 906 4389 nihil
929 4349 1090 4406 agere
1116 4341 1286 4389 tentet
1309 4343 1507 4403 praeter
1534 4335 1830 4389 antistitem
1863 4343 2138 4404 metropo-

553 4425 801 4491 litanum,
849 4425 952 4480 nisi
997 4426 1138 4495 quod
1163 4427 1231 4480 ad
1253 4426 1525 4496 propriam
1552 4426 1861 4496 parochiam
1881 4426 2136 4495 pertinet,

553 4531 656 4570 nec
702 4515 1150 4583 metropolitanus
1189 4515 1310 4569 sine
1359 4523 1679 4569 ceterorum
1713 4523 1866 4585 gerat
1912 4513 2138 4570 consilio

539 4605 920 4660 sacerdotum.
955 4625 972 4656 ι

533 4781 542 4790 .
623 4734 754 4791 Cap.
781 4735 868 4791 ill.
907 4735 1039 4804 Quia
1093 4737 1158 4793 de
1206 4738 1554 4794 facultatibus
1599 4735 1981 4794 ecclesiasticis
2026 4739 2137 4793 fur-

475 4822 478 4824 ⁷
526 4829 648 4894 _tim
671 4827 756 4884 vel
788 4828 1050 4901 sacrilege
1073 4829 1345 4885 distractis
1370 4828 1680 4885 ‘l‘eutfridus
1720 4829 1999 4885 confessus
2050 4828 2134 4883 vel

548 4919 828 4975 convictus
871 4921 1087 4985 dicitur,
1127 4919 1334 4976 scilicet
1362 4921 1426 4977 de
1470 4920 1699 4992 planetis
1735 4921 1926 4984 tribus,
1953 4921 2018 4974 de
2053 4927 2138 4973 tu-

527 5013 671 5082 nica
693 5012 876 5069 lmma:
898 5015 1118 5084 reginae,
1147 5014 1213 5070 de
1237 5013 1414 5070 balteo
1450 5029 1614 5070 aureo
1647 5029 1768 5069 cum
1799 5012 2042 5083 gemmis,
2070 5012 2137 5067 de

547 5104 715 5160 bursa
744 5106 1006 5171 eburnea,
1035 5107 1100 5161 de
1127 5106 1265 5162 libra
1301 5124 1404 5161 una
1431 5106 1498 5162 de
1523 5121 1676 5171 auro,
1717 5114 1771 5161 et
1821 5107 1886 5161 de
1922 5103 2136 5160 caeteris

551 5195 671 5250 aliis
701 5197 880 5264 rebus,
935 5197 1084 5268 leges
1126 5198 1353 5254 dicunt:
1387 5217 1405 5250 ι
1433 5197 1676 5253 Confessi
1723 5197 1993 5252 debitores
2036 5210 2134 5264 pro

540 5285 801 5354 iudicatis
867 5287 1134 5343 habentur
1186 5303 1201 5341 :
1252 5287 1478 5358 ideoque
1527 5303 1594 5342 ex
1649 5286 1735 5342 die
1780 5283 2135 5340 confessionis

550 5391 794 5451 tempora
853 5380 1136 5434 solutionis
1185 5379 1476 5433 constituta
1526 5385 1926 5448 computentur.
1975 5395 1994 5428 ι
2067 5375 2136 5430 Ει

540 5489 781 5532 canones
827 5473 1194 5544 apostolorum
1235 5469 1470 5540 capitulo
1518 5468 1776 5539 vigesimo
1816 5466 2005 5536 quinto
2053 5465 2134 5519 di-

542 5575 721 5621 cunt:
759 5585 777 5616 ‹
802 5565 1118 5636 Episcopus,
1152 5562 1432 5633 presbyter
1475 5569 1568 5614 aut
1606 5560 1883 5621 diaconus,
1937 5556 2027 5626 qui
2076 5556 2130 5610 in

2243 4373 2369 4414 ecce
2395 4360 2481 4414 fur
2507 4370 2590 4416 est
2617 4360 2784 4417 Iudas
2808 4403 2822 4429 ,
2845 4372 2902 4418 et
2933 4379 3000 4420 ne
3026 4376 3363 4431 contemnas,
3395 4367 3489 4422 for
3510 4370 3827 4442 sacrilegus,

2241 4465 2348 4506 non
2375 4453 2766 4524 qualiscunque
2795 4454 2913 4521 fur,
2941 4457 3035 4511 sed
3065 4457 3364 4514 loculorom
3397 4459 3822 4525 Dominieorum,

2241 4543 2555 4608 iaculorum,
2587 4545 2681 4600 sed
2729 4561 3029 4602 sacrorum.
3085 4547 3145 4604 Si
3169 4549 3402 4605 crimina
3439 4551 3825 4607 discernuntur

2240 4635 2294 4689 in
2325 4634 2465 4701 foro,
2496 4650 2601 4692 non
2625 4637 3010 4709 qualiscunque
3029 4638 3136 4705 for,
3164 4640 3260 4696 sed
3288 4641 3588 4710 peeulator.
3659 4644 3823 4698 Pecu-

2239 4728 2380 4784 latus
2408 4731 2551 4785 enim
2579 4731 2780 4793 dicitur
2804 4732 3002 4788 furtum
3053 4734 3122 4789 de
3156 4735 3442 4805 republica.
3509 4736 3574 4790 Et
3617 4753 3723 4791 non
3750 4737 3823 4792 sic

2233 4819 2508 4890 iudicatur
2559 4821 2762 4878 furtum
2814 4825 2891 4879 rei
2940 4825 3198 4895 privatae,
3253 4826 3528 4895 quomodo
3576 4827 3816 4897 publica.

2238 4909 2450 4977 Quanto
2487 4913 2857 4969 vehementius
2888 4914 3214 4984 iudicandus
3259 4924 3345 4969 est
3390 4915 3692 4985 sacrilegus
3717 4917 3816 4977 fur,

2237 5004 2329 5073 qui
2351 5017 2515 5058 ausus
2540 5003 2639 5058 fuit
2662 5019 2768 5060 non
2795 5005 3150 5074 undecunque
3181 5005 3390 5070 tollere,
3422 5005 3615 5060 sedda
3643 5004 3819 5060 Emic-

2235 5090 2316 5146 sia
2345 5091 2577 5148 tollere?
2622 5094 2721 5160 Qui
2751 5093 2953 5163 aliquid
2985 5096 3052 5150 de
3087 5095 3328 5150 Ecclesia
3379 5093 3598 5149 furatur
3637 5105 3689 5148 et
3726 5108 3817 5147 n-

2236 5185 2332 5253 pit,
2361 5184 2509 5241 Judae
2533 5188 2742 5257 perdito
2769 5199 3132 5258 comparatur.
3164 5208 3185 5241 »
3238 5188 3305 5243 Et
3337 5189 3468 5243 hinc
3492 5189 3633 5244 sacri
3653 5201 3819 5243 cauo-

2236 5290 2334 5330 nes
2368 5277 2552 5331 dicunt
2602 5276 2772 5347 (conc.
2811 5279 3000 5349 Agam.
3026 5295 3075 5334 c.
3105 5278 3162 5348 4)
3192 5297 3207 5332 :
3237 5296 3260 5330 ι
3285 5277 3504 5342 Clerici,
3537 5280 3624 5334 vel
3653 5278 3816 5333 etiam

2235 5368 2540 5433 smculares,
2589 5369 2680 5437 qui
2731 5369 3031 5426 oblationes
3067 5381 3376 5440 parentum,
3427 5381 3528 5425 aut
3569 5372 3814 5432 donatas.

2234 5469 2327 5515 aut
2372 5468 2696 5515 testamento
2723 5461 2940 5517 relictas
2967 5463 3203 5518 retinere
3228 5463 3699 5532 praesumpserint,
3721 5468 3814 5516 aut

2235 5553 2287 5606 id
2317 5551 2458 5622 quod
2487 5551 2586 5620 ipsi
2610 5551 2931 5608 donaverint
2951 5553 3196 5609 ecclesiis
3217 5554 3298 5607 vel
3326 5555 3808 5609 monasteriisae.

549 5655 925 5719 fornicatione,
956 5667 1048 5710 aut
1090 5655 1348 5727 perjurio,
1397 5662 1489 5708 aut
1519 5652 1660 5708 furto
1691 5662 1882 5722 captus
1911 5660 2014 5716 est,
2040 5651 2133 5706 de-
2160 5649 2209 5708 D
2236 5646 2472 5701 diderth
2509 5642 2882 5712 auferendum,
2937 5649 3077 5702 sicut
3110 5647 3360 5718 Synodus
3391 5655 3582 5700 sancta
3617 5643 3808 5699 consti-

545 5757 814 5810 ponatur,
873 5765 976 5800 non
1030 5758 1209 5800 tamen
1255 5745 1632 5800 communione
1684 5743 1943 5813 privetur.
1994 5743 2135 5798 Dicit

543 5836 686 5890 enim
734 5835 1012 5892 Scriotura
1043 5855 1056 5891 :
1089 5836 1210 5890 Non
1251 5837 1527 5890 vindicabit
1573 5834 1826 5888 Dominus
1867 5836 1942 5888 bis
1969 5836 2022 5890 in
2050 5835 2131 5890 id-

2243 5741 2343 5795 tuit
2381 5743 2523 5798 velut
2563 5754 2842 5800 necatores
2883 5756 3200 5811 pauperum,
3241 5753 3521 5809 quousque
3569 5739 3804 5800 reddam.

2241 5837 2310 5891 ab
2334 5835 2578 5893 ecclesiis
2603 5837 2979 5899 excludantur,
3011 5842 3067 5886 et
3093 5831 3185 5900 qui
3232 5831 3302 5886 ab
3341 5830 3588 5886 ecclesiis
3634 5827 3806 5884 exelu-
