4010 6330
132 371 291 442 ωδ

1159 382 1247 439 DE
1285 384 1514 443 CAUSA
1553 388 1925 479 TEUTFRIDI
1958 393 2420 453 PRESBYTERI.

3284 390 3419 449 1114

132 485 377 550 duntur,
409 486 462 541 in
491 486 660 559 gradu
690 490 1062 550 ecclesiastico
1108 511 1329 553 manere
1375 515 1483 557 non
1517 503 1740 571 permit-
1767 481 1827 570 Ᾰ
1845 503 2135 575 Propterea
2168 507 2446 578 Scriptura
2488 507 2621 563 dicit
2648 524 2662 561 :
2693 507 3060 562 Juromentum
3100 521 3237 577 quoa
3274 522 3421 576 spre-

134 587 357 634 tam.
390 599 423 633 1

208 668 353 726 Crte.
399 671 489 728 ιν.
541 673 598 730 Si
644 674 954 735 Teutfridus
1007 683 1287 742 confessus
1332 688 1416 743 vel
1463 690 1744 746 convictus

133 756 334 825 fuerit,
368 761 560 819 relicto
585 765 954 825 ecclesiastico
985 768 1208 839 iudicio,
1258 776 1330 830 ob
1374 776 1742 834 defensionem

131 849 221 904 vel
271 854 655 924 purgationem
684 872 840 913 suam
868 861 1125 930 palatium
1170 868 1460 935 expetisse,
1512 860 1759 926 infcrenJ

129 941 266 995 dum
315 942 399 998 illi
436 948 729 1017 capitulum
759 951 1101 1011 undecimum
1132 956 1455 1016 Antiocheni
1484 962 1698 1019 concilii
1718 977 1739 1017 :

134 1051 156 1083 ι
186 1031 248 1088 Si
282 1036 419 1105 quis
445 1039 750 1112 episcopus,
781 1051 874 1098 aut
906 1047 1206 1118 presbyter,
1254 1058 1348 1104 aut
1391 1051 1618 1120 quilibet
1658 1070 1743 1108 re-

126 1123 275 1194 gula:
312 1128 622 1197 subjectus,
652 1133 1048 1202 ecclesiasticae,
1083 1148 1282 1208 praeter
1319 1143 1603 1199 consilium
1649 1146 1740 1202 vel

127 1213 357 1273 litteras
405 1221 781 1293 episcoporum
824 1228 1118 1296 provinciae
1154 1240 1211 1286 et
1246 1234 1515 1305 praecipue
1540 1245 1741 1293 metro-

123 1306 389 1376 politani,
443 1313 638 1369 adierit
682 1315 1063 1387 imperatorem
1095 1321 1181 1378 vel
1227 1339 1433 1396 regem,
1475 1327 1620 1383 lmuc
1649 1342 1738 1382 re-

122 1400 354 1469 probari
376 1411 440 1459 et
466 1405 623 1470 abiici
648 1418 919 1478 oportere,
949 1427 1053 1468 non
1076 1413 1252 1470 solum
1279 1430 1307 1468 a
1337 1418 1737 1485 communione,

123 1488 224 1544 sed
268 1498 329 1544 et
374 1493 451 1549 ab
489 1494 714 1563 honore,
758 1498 912 1568 cujus
940 1504 1210 1575 particeps
1238 1505 1454 1562 videtur
1480 1508 1735 1574 existere,

123 1578 253 1648 quia
294 1585 598 1640 venerandi
627 1588 887 1661 principis
911 1592 1133 1648 auribus
1164 1578 1478 1652 ‘molestiam
1512 1598 1740 1654 tentavit

124 1668 339 1728 inferre
371 1674 525 1731 circa
555 1676 698 1747 leges
732 1680 1004 1738 Ecclesize.
1054 1683 1110 1740 Si
1144 1686 1308 1757 igitur
1345 1688 1496 1744 adire
1540 1690 1739 1759 princi-

120 1776 247 1832 pem
312 1771 633 1825 necessaria
678 1780 843 1828 'causa
896 1776 1168 1845 deposcit,
1220 1778 1323 1835 hoc
1371 1789 1563 1850 agatur
1613 1796 1736 1836 cum

1845 600 1937 664 uit,
1972 609 2021 653 et
2048 600 2215 669 [tedas
2259 602 2401 672 quod
2438 601 2814 672 pra'varicatus
2838 609 3153 679 cauponam
3179 598 3234 653 in
3267 604 3424 668 caput

1843 690 1959 760 ejus
1987 688 2203 760 (Ezech.
2233 695 2386 764 xvn).
2414 690 2668 763 Legimus
2687 691 2829 747 enim
2855 689 3174 746 Sedechiam
3205 696 3426 759 captum

1845 780 2063 836 ductum
2098 795 2217 837 esse
2272 781 2327 835 in
2377 781 2665 847 Rcblatha,
2725 781 2906 852 ibique
2958 780 3257 836 interfectis
3301 778 3426 835 ﬁliis

1841 878 2192 937 excaecatum,
2217 880 2271 927 et
2293 872 2465 927 instar
2487 872 2613 929 ferae
2632 873 2872 928 clausum
2894 887 3083 938 cavea,
3106 871 3424 928 translatum

1844 966 1897 1022 in
1923 965 2248 1039 Babylonem
2291 965 2397 1038 (IV
2424 966 2548 1039 Reg.
2605 967 2757 1040 xxv).
2805 967 2922 1023 Rex
2950 967 3148 1038 quippe
3195 963 3424 1036 Babylo-

1842 1059 1984 1125 nius,
2016 1069 2073 1115 ιιι
2099 1061 2290 1117 beatus
2326 1059 2619 1133 Gregorius
2662 1061 2883 1132 exponit
2925 1059 3145 1131 (Μοναι.
3175 1059 3270 1114 lib.
3319 1073 3420 1125 vu,

1841 1164 1962 1221 cap.
1995 1151 2106 1222 15),
2138 1159 2222 1208 est
2248 1154 2503 1223 antiquus
2532 1152 2723 1216 hostis,
2759 1140 3041 1221 possessor
3070 1151 3273 1206 intima:
3294 1165 3427 1206 con-

1841 1241 2089 1307 fusionis,
2116 1242 2206 1313 qui
2236 1244 2388 1313 prius
2415 1242 2552 1299 ﬁlios
2578 1252 2703 1298 ante
2747 1242 3008 1297 intuentis
3037 1242 3224 1297 oculos
3252 1239 3425 1296 truci-

1839 1331 1956 1394 dat,
1987 1332 2113 1401 quia
2162 1348 2304 1403 saepe
2330 1334 2409 1388 sic
2438 1333 2578 1388 bona
2620 1347 2785 1402 opera
2829 1330 3087 1386 interficit
3128 1339 3188 1385 ut
3216 1331 3331 1385 haec
3366 1341 3429 1385 se

1838 1425 2090 1481 amittere
2144 1425 2258 1497 ipse
2303 1424 2395 1495 qui
2444 1434 2636 1496 captus
2682 1431 2766 1480 est
2812 1422 3004 1479 dolens
3052 1430 3258 1476 cernat.
3289 1412 3426 1475 Nam

1838 1513 1977 1569 bona
2004 1513 2175 1586 gignit
2206 1514 2522 1584 plerumque
2552 1514 2786 1577 animus,
2817 1520 2874 1567 et
2904 1520 3083 1566 tamen
3104 1509 3288 1566 carnis
3314 1521 3429 1563 sua:

1839 1606 2289 1662 delectationibus
2316 1607 2489 1662 victus
2534 1606 2672 1661 bona
2701 1620 2820 1676 quae
2863 1604 3048 1676 genuit
3088 1618 3277 1657 amans
3301 1617 3428 1672 per-

1838 1698 1937 1765 dit,
1987 1709 2190 1770 etqua:
2241 1700 2446 1770 patitur
2487 1700 2683 1753 damna
2716 1697 3043 1760 considerat,
3096 1710 3196 1750 nec
3245 1703 3428 1748 tamen

1839 1793 2057 1848 virtutis
2090 1792 2372 1848 brachium
2404 1799 2590 1847 contra
2640 1805 2821 1859 regem
2864 1787 3218 1860 Babylonium
3264 1784 3424 1839 levat.

124 1862 372 1954 tractatu
441 1867 496 1914 et
551 1862 776 1918 consilio
829 1866 1270 1937 metropolitani,
1316 1878 1372 1924 et
1419 1878 1736 1925 caelcrorum
1770 1860 1815 1921 Β
1844 1884 1949 1940 sed
1992 1885 2118 1940 dum
2160 1884 2353 1940 videns
2382 1882 2638 1954 “equilia,
2673 1881 3073 1953 ρρψειηιίοηε
3102 1877 3426 1949 percumur’

121 1946 524 2022 episcoporum
554 1954 644 2022 qui
683 1955 734 2009 in
763 1957 951 2012 eadem
991 1959 1268 2028 provincia
1310 1972 1737 2029 commorantur,

122 2040 213 2109 qui
259 2042 448 2097 etiam
490 2044 921 2112 proﬁciscentem
957 2051 1069 2105 suis
1098 2062 1496 2123 prosequantur
1540 2054 1741 2123 episto-

120 2130 205 2187 lis.
243 2152 264 2185 ι
298 2132 373 2189 Ει
418 2133 872 2208 Carthaginienses
891 2156 1129 2198 canones
1146 2144 1383 2214 capitulo
1407 2160 1551 2200 nono
1564 2144 1736 2218 (conc.

121 2220 385 2301 carthag.
433 2241 493 2280 tu
515 2266 532 2293 ,
564 2242 612 2282 c.
640 2227 694 2299 9)
724 2246 738 2283 :
779 2250 797 2281 ι
825 2229 1102 2302 Quisquis,
1151 2233 1421 2304 inquiunt,
1465 2235 1740 2308 episcopo-

127 2331 275 2383 rum,
301 2319 786 2391 presbyterorum,
811 2332 865 2378 et
886 2324 1237 2381 diaconorum
1261 2342 1355 2382 seu
1388 2327 1737 2396 clericorum,

131 2423 256 2463 cum
308 2409 368 2464 in
424 2410 653 2467 ecclesia
692 2403 898 2471 crimen
946 2415 996 2470 ei
1045 2414 1206 2473 fuerit
1260 2419 1603 2483 intentatum,
1652 2418 1739 2476 vel

131 2499 316 2557 civilis
337 2517 507 2559 causa
532 2502 697 2560 fuerit
726 2515 1020 2574 commota,
1058 2508 1103 2564 si
1144 2508 1331 2587 relicto
1370 2510 1738 2567 ecclesiastico

125 2590 343 2663 iudicio
402 2594 637 2666 publicis
667 2596 888 2669 iudiciis
938 2602 1157 2672 purgari
1209 2603 1478 2670 voluerit,
1524 2602 1738 2658 etiamsi

130 2696 234 2757 pro
273 2685 402 2758 ipso
432 2686 595 2743 fuerit
628 2689 834 2758 prolata
878 2696 1175 2759 sententia,
1198 2693 1375 2749 locum
1399 2708 1557 2748 suum
1585 2692 1739 2747 amit-

132 2786 237 2845 tat,
282 2787 347 2836 et
394 2779 511 2835 hoc
539 2780 593 2835 iu
634 2781 1024 2839 criminalibus.
1068 2784 1128 2841 In
1179 2784 1326 2840 civili
1372 2800 1501 2840 vero
1547 2784 1739 2854 perdat

130 2875 283 2945 quod
318 2872 506 2937 evicit,
543 2874 587 2929 si
618 2873 793 2930 locum
838 2891 996 2932 suum
1041 2876 1287 2934 obtinere
1314 2878 1566 2932 voluerit.
1599 2895 1618 2929 ι
1670 2877 1738 2933 Ει

131 2973 368 3022 sancuts
396 2964 509 3022 Leo
533 2981 672 3038 papa
706 2966 876 3040 (epist.
913 2968 1026 3041 96),
1066 2978 1122 3026 et
1166 2970 1404 3042 synodus
1450 2970 1691 3027 Romana
1720 2988 1733 3024 :

136 3076 161 3110 ι
189 3060 503 3116 Censemus
559 3069 620 3115 ut
666 3062 1005 3132 quicunque,
1051 3063 1418 3133 prtetermisso
1458 3064 1739 3121 sacerdote

134 3142 394 3206 ecclesiae
414 3152 644 3216 θυαε,ιὰ
668 3152 1113 3222 disceptationem
1140 3154 1349 3209 venerit
1373 3153 1733 3220 stecularium,

1844 1974 2039 2030 adhoc
2083 1962 2408 2045 quandoque
2436 1973 2642 2045 peccati
2689 1988 2788 2027 usu
2838 1970 3171 2043 perducitur,
3227 1975 3287 2023 ut
3312 1968 3430 2039 ipse

1842 2080 2056 2135 quoque
2104 2065 2332 2120 rationis
2378 2064 2581 2119 lumine
2608 2063 2868 2133 privetur.
2898 2061 3053 2118 Unde
3097 2057 3430 2129 Babylonius

1842 2171 1961 2220 rex,
1992 2156 2279 2212 exstinctis
2306 2155 2459 2227 prius
2503 2154 2658 2219 ﬁliis,
2709 2152 2990 2209 Sedechize
3032 2152 3220 2208 oculos
3261 2150 3426 2218 eruit,

1841 2248 1965 2317 quia
1997 2246 2263 2317 malignus
2313 2246 2553 2316 spiritus,
2591 2244 2871 2300 subductis
2904 2244 3056 2315 prius
3091 2243 3251 2298 bonis
3299 2255 3430 2312 ope-

1840 2338 2011 2405 ribus,
2042 2347 2163 2408 post
2195 2347 2252 2393 et
2278 2336 2648 2406 intelligentiae
2676 2335 2857 2390 lumen
2889 2333 3046 2389 tollit.
3079 2333 3232 2401 Quod
3280 2339 3430 2387 recte

1840 2428 2135 2485 Sedcchias
2195 2429 2248 2483 in
2290 2427 2553 2483 Rcblatha
2621 2426 2848 2496 patitur.
2909 2423 3170 2478 Reblatha
3230 2422 3429 2492 quippe

1838 2520 2005 2575 multa
2062 2522 2172 2575 Iure
2222 2520 2626 2589 interpretatur.
2669 2518 2730 2572 Ei
2787 2517 2930 2572 enim
2997 2515 3321 2586 quandoque
3368 2521 3428 2569 et

1839 2610 2019 2667 lumen
2052 2610 2276 2666 rationis
2304 2609 2593 2674 clauditur,
2620 2608 2713 2678 qui
2734 2608 2912 2678 pravo
2941 2614 3042 2662 usu
3069 2621 3136 2661 ex
3166 2605 3424 2676 iniquita-

1839 2686 2044 2759 tis'sua:
2092 2702 2744 2773 multitudinegravatur.
2783 2699 2911 2755 Haec
2950 2699 3132 2755 omnia
3159 2697 3303 2767 iusto
3329 2700 3426 2758 Dei

1834 2793 2035 2865 iudicio
2076 2793 2301 2864 patitur,
2348 2792 2438 2865 qui
2460 2790 2826 2862 iuramentum
2852 2791 2909 2846 in
2954 2790 3174 2846 nomine
3212 2791 3426 2848 Domini

1838 2883 2247 2955 przevaricatur,
2280 2884 2535 2954 quaniam
2564 2884 2655 2954 qui
2694 2882 2995 2939 contemnit
3033 2883 3426 2954 iur’amentum',

1841 2984 1901 3030 ut
1947 2974 2143 3031 beatus
2195 2975 2329 3031 dicit
2388 2974 2767 3047 Hieronymus,
2824 2974 2997 3045 ipsum
3052 2974 3279 3045 despicit
3330 2976 3428 3046 per

1838 3083 1999 3139 quem
2037 3067 2266 3137 iuravit,
2309 3068 2513 3139 illique
2542 3067 2670 3123 facit
2701 3066 2975 3137 iniuriam,
3027 3067 3179 3138 cujus
3221 3067 3429 3124 nomini

1842 3162 2075 3217 credidit
2140 3161 2541 3227 adversarius,‘
2578 3161 2682 3216 hoc
2740 3168 2864 3226 est,
2910 3159 2999 3214 ille
3047 3161 3133 3215 cui
3187 3159 3428 3231 iuratum

138 3243 322 3298 sacris
360 3242 642 3299 liminibus
681 3244 960 3315 expulsus,
1008 3260 1041 3301 a
1092 3247 1299 3303 ctelesti
1355 3257 1605 3304 arceatur
1658 3248 1737 3303 al-

1843 3266 1925 3310 est
1961 3254 2013 3308 in
2062 3253 2282 3307 nomine
2330 3251 2449 3322 eius
2491 3252 2581 3321 qui
2617 3251 2749 3307 dicit
2778 3265 2794 3304 :
2829 3248 2954 3305 Non
2989 3250 3218 3319 accipias
3242 3266 3427 3305 nomen

138 3330 303 3386 tario.
334 3349 359 3384 ι

210 3423 348 3481 Car.
396 3424 476 3481 κγ.
517 3423 579 3482 Si
620 3426 933 3486 Teutlridus
967 3396 1251 3489 convictus
1302 3432 1389 3489 vel
1454 3432 1738 3490 confessus

136 3510 335 3580 fuerit,
363 3514 827 3584 quodmanlfeste
877 3521 961 3578 vel
995 3522 1270 3595 ingeniose
1296 3526 1573 3593 proximos
1610 3541 1739 3590 suos

1835 3346 2052 3403 Domini
2076 3346 2176 3401 Dei
2200 3346 2279 3399 tui
2307 3346 2365 3399 in
2393 3360 2582 3399 vanum
2599 3383 2615 3408 ,
2642 3357 2806 3415 neque
2832 3339 3040 3411 polluas
3063 3339 3197 3395 illud
3224 3329 3425 3410 (Exod.

1838 3440 1950 3511 xx).
1983 3440 2050 3494 Et
2086 3458 2099 3493 :
2134 3437 2341 3493 Reddes
2373 3436 2596 3491 Domino
2614 3435 2922 3505 jurantenta
2947 3442 3041 3487 tua
3087 3430 3304 3503 (Matth.
3345 3430 3422 3502 v).

1838 3530 1906 3587 Et
1923 3530 2163 3601 psalmus
2188 3526 2342 3591 dicit,
2372 3525 2521 3580 illum
2569 3523 2805 3579 futurum
2837 3523 2893 3577 in
2934 3521 3055 3577 loco
3090 3529 3299 3585 sancto,
3335 3518 3427 3592 qui

128 3606 196 3662 in
220 3606 529 3678 periurium
554 3610 788 3675 induxit,
818 3613 1099 3671 sciendum
1146 3625 1252 3681 est,
1282 3619 1407 3688 quia
1443 3628 1521 3674 tot
1553 3620 1740 3691 periu-
1829 3625 1985 3695 jurat
2010 3621 2251 3693 proximo
2277 3628 2326 3674 et
2354 3635 2459 3673 non
2481 3617 2669 3688 decipit
2699 3613 2874 3682 (Psof.
2902 3615 3040 3682 xw).

142 3696 355 3753 riorum
383 3712 513 3752 reus
562 3707 664 3763 est,
715 3710 847 3770 quot
896 3702 1142 3759 homines
1171 3705 1439 3762 malitiose
1476 3709 1530 3763 in
1559 3707 1743 3778 periu-

146 3787 289 3843 rium
310 3787 555 3853 induxit,
589 3797 646 3843 et
684 3789 859 3857 maius
904 3803 1189 3861 peccatum
1216 3795 1340 3851 inde
1384 3797 1474 3852 ille
1505 3799 1617 3868 ipse
1645 3800 1741 3853 ha-

147 3876 237 3973 litu
260 3893 435 3973 quam
458 3972 465 3973 γ
488 3878 561 3933 illi
600 3881 709 3973 qui
755 3896 856 3952 pro
882 3898 949 3938 eo
995 3885 1112 3955 ipso
1147 3896 1371 3955 rogante
1398 3888 1735 3957 iuraverunt,

149 3971 291 4026 siem
312 3971 578 4027 Bantinos
599 3972 825 4043 loquens
839 3975 906 4029 ad
922 3974 1152 4031 Pilatum
1170 3977 1502 4046 manifestat,
1524 3982 1738 4037 dicens:

150 4060 256 4127 Qui
275 4064 500 4119 tradidit
516 4065 731 4132 mett‘bi,
752 4066 928 4139 majus
948 4078 1217 4139 peccatum
1228 4072 1379 4126 habet
1396 4072 1577 4144 (Joan.
1600 4075 1735 4141 xrx).

148 4150 215 4207 Et
242 4162 473 4211 sanans
498 4155 793 4226 Gregorius
819 4160 886 4215 de
926 4159 1233 4231 huiusmodi
1272 4162 1327 4218 in
1361 4161 1626 4221 Pastorali
1656 4180 1742 4220 re-

134 4242 273 4311 gula
294 4245 461 4317 (pert.
479 4261 562 4311 ut,
577 4247 697 4318 ωδ)
723 4248 885 4305 dicit:
914 4249 1112 4307 «Scire
1129 4252 1274 4308 enim
1295 4253 1499 4324 praelati
1518 4255 1739 4323 debent,

138 4337 357 4403 quissi
398 4348 657 4410 perversa
700 4356 939 4412 unquam
966 4353 1303 4415 perpetrant,
1350 4354 1430 4403 tot
1477 4347 1741 4405 mortibus

156 4425 301 4498 digni
318 4438 472 4495 sunt,
495 4440 629 4501 quot
647 4433 717 4489 ad
741 4434 988 4491 subditos
1007 4451 1136 4493 suos
1159 4438 1477 4507 perditionis
1492 4441 1739 4510 exempla

138 4523 556 4579 itmsmittunt.
590 4524 745 4581 Unde
770 4540 994 4583 necesse
1016 4536 1121 4593 est,
1166 4537 1227 4584 ut
1263 4537 1415 4585 tanto
1439 4545 1501 4586 se
1526 4532 1740 4587 cautius

138 4622 187 4663 »η
205 4611 359 4682 culpa
391 4614 727 4682 custodiant,
757 4628 961 4686 quanto
1004 4634 1104 4690 per
1150 4635 1315 4690 prava
1367 4638 1489 4693 qua:
1536 4623 1740 4680 faciunt

158 4716 261 4757 non
281 4706 383 4762 soli
417 4707 744 4774 moriuntur,
793 4710 888 4764 sed
948 4710 1177 4768 aliorum
1227 4714 1557 4782 animarum,
1604 4730 1742 4786 quas

156 4796 334 4861 pravis
359 4797 629 4868 exemplis
655 4799 1166 4863 destmxerunt,.rei
1191 4812 1337 4859 sunt.
1369 4824 1391 4857 ι
1420 4798 1492 4860 Et
1518 4807 1741 4879 presby-

154 4892 260 4947 ter,
302 4898 510 4958 (planta
531 4890 702 4959 gradu
728 4890 970 4961 quolibet
994 4891 1311 4950 Christiano
1336 4895 1476 4951 laico
1521 4906 1606 4952 est
1634 4898 1741 4953 cel-

140 4972 293 5042 valor,‘
336 4988 494 5036 tacito
536 4980 698 5049 culpa
749 4981 894 5038 illius
942 4991 1029 5039 est
1054 4985 1291 5054 gravior,
1321 4996 1376 5040 et
1403 4987 1495 5057 qui
1528 4986 1740 5043 illorum

136 5066 502 5136 periurioest
530 5071 834 5145 colligatus,
882 5074 937 5129 in
967 5074 1183 5131 illorum
1229 5085 1314 5132 est
1362 5075 1600 5148 periurio
1648 5093 1741 5134 ca-

136 5164 300 5243 Ῥιιιθ,
334 5176 555 5233 ao-per
600 5164 702 5221 hoc
730 5167 1025 5223 secundum
1071 5168 1365 5237 capitulum
1421 5171 1736 5241 vigesimum

136 5252 403 5318 'fquintunt
430 5259 848 5330 apostolioorum
865 5275 1131 5316 canonum
1153 5262 1221 5317 de
1234 5263 1476 5334 periurio
1489 5262 1739 5331 judican-

142 5340 284 5426 dus.
298 5345 451 5406 Unde
474 5359 694 5408 sanctus
718 5352 1096 5424 Hieronymus,
1119 5368 1394 5425 exptinens
1414 5358 1737 5411 sententiam

162 5430 463 5499 Ezechielis
506 5444 781 5516 propheta:
830 5445 900 5500 de
926 5478 927 5481 η
950 5446 1303 5517 ρτωνειινίωιο
1342 5447 1650 5518 iuramento
1704 5463 1738 5503 a

134 5520 427 5586 ‘Sedeehia
454 5549 583 5606 rege
629 5536 758 5590 dicit
789 5554 802 5590 :
836 5535 1002 5593 Multo
1046 5539 1192 5592 enim
1246 5538 1459 5594 ﬁdelior
1492 5539 1743 5595 inventus

162 5625 249 5669 est
271 5618 363 5675 ille
391 5626 731 5698 quiprOpter
762 5642 956 5683 nomen
982 5628 1074 5682 Dei
1100 5629 1192 5683 tibi
1220 5628 1453 5684 credidit
1493 5638 1550 5684 et
1587 5629 1745 5685 decc-

160 5715 287 5770 ‘Pltls
314 5724 420 5781 est,
445 5726 499 5772 te
522 5720 618 5788 qui
649 5735 747 5791 per
794 5721 1136 5775 occasionem
1193 5721 1388 5775 divina:
1444 5718 1743 5788 maiestatis

142 5793 303 5856 "hosti
358 5814 492 5877 tuo,
538 5811 651 5868 imo
676 5812 790 5883 iam
836 5814 1054 5880 amico,
1103 5812 1324 5871 molitus
1377 5828 1438 5870 es
1493 5813 1736 5871 insidias.

1770 4582 1819 4641 D

1910 3712 2042 3767 Cu».
2069 3711 2158 3767 Vl.
2182 3710 2241 3765 Si
2267 3718 2447 3765 autem
2474 3708 2655 3763 dicere
2678 3705 2929 3771 voluerit,
2952 3705 3079 3775 quia
3106 3704 3429 3762 necessitate

1841 3811 2065 3861 coactus
2107 3802 2236 3856 illud
2260 3801 2630 3870 iuramentum
2652 3797 2832 3854 facere
2853 3798 3033 3868 jussit,
3073 3799 3217 3868 quod
3247 3807 3428 3853 tamen

1840 3909 2060 3950 servare
2108 3891 2282 3962 potuit
2328 3898 2385 3946 et
2434 3888 2642 3954 debuit,
2685 3897 2741 3944 et
2766 3888 3043 3944 ideoreus
3067 3886 3287 3965 periurii
3317 3901 3426 3942 non

1840 3992 2108 4047 teneatur,
2160 3982 2344 4037 audiat
2391 3980 2520 4052 quid
2569 3988 2791 4035 sanctus
2849 3978 3144 4049 Gregorius
3178 3979 3323 4035 dicat
3359 3978 3427 4033 de

1842 4076 1933 4133 illo
1952 4076 2042 4146 qui
2060 4074 2229 4146 iurat,
2271 4071 2356 4128 vel
2386 4070 2812 4126 anathematizat
2863 4086 2877 4123 :
2929 4086 2948 4119 ι
2982 4067 3083 4135 Qui
3121 4066 3309 4136 iurare
3340 4064 3429 4123 vel

1842 4167 2301 4223 anathematizare
2349 4164 2532 4228 debet,
2585 4171 2641 4216 et
2676 4161 2953 4217 blanditur
2999 4159 3119 4224 tibi,
3147 4158 3291 4228 quod
3319 4148 3429 4215 non

1842 4266 2091 4315 teneatur
2124 4271 2282 4322 reus,
2329 4256 2377 4311 si
2413 4253 2804 4326 praevaricatus
2833 4250 3161 4330 fueritquod
3197 4247 3453 4321 iuravit”

1842 4349 1929 4405 vel
1986 4346 2502 4409 anathematizavit,
2533 4342 2659 4414 quia
2706 4341 2910 4397 invitus
2940 4341 3045 4395 hoc
3087 4339 3216 4409 egit,
3259 4339 3304 4394 si
3335 4338 3429 4408 qui

1846 4446 1970 4493 sunt
1994 4437 2087 4509 qui
2115 4436 2323 4499 dicant,
2350 4434 2493 4504 quod
2519 4430 2832 4502 compulsus
2868 4429 3134 4501 quispiam
3185 4428 3443 4485 necessi~

1847 4537 1958 4585 tate
1983 4528 2032 4584 si
2073 4525 2621 4599 anathematizaverit
2665 4520 3027 4578 anathematis
3073 4517 3290 4575 vinculo
3317 4534 3426 4574 non

1847 4621 2042 4685 teneri,
2089 4620 2191 4691 ipsi
2219 4618 2321 4674 sibi
2372 4625 2539 4673 testes
2584 4623 2711 4670 sunt
2760 4613 2852 4684 qui
2883 4613 3012 4676 ,boc
3052 4611 3271 4677 dicunt,
3301 4609 3428 4682 quia

1843 4712 2138 4770 Christiani
2170 4726 2274 4767 non
2306 4718 2451 4775 sunt,
2493 4708 2585 4780 qui
2612 4708 2899 4777 ligamenta
2941 4713 3144 4761 sancta:
3173 4698 3451 4760 Ecclesiat‘

1844 4807 1999 4861 vanis
2029 4820 2089 4860 se
2114 4803 2385 4859 aestimant
2413 4786 2697 4857 conatibus
2726 4797 2955 4863 solvere,
2993 4812 3059 4852 ac
3080 4811 3177 4866 per
3199 4796 3300 4851 hoc
3329 4808 3430 4850 nec

1824 4896 2243 4954 absolutionem
2281 4904 2483 4950 sanctae
2509 4892 2785 4956 Ecclesiae,
2813 4904 2974 4960 quam
2999 4897 3221 4958 praestat
3263 4886 3433 4944 ﬁdeli-

1844 4992 1949 5047 bus
1976 5003 2159 5045 veram
2188 4997 2398 5058 putant,
2429 4987 2475 5042 si
2515 4987 2774 5058 ligaturas
2803 4982 2922 5053 eius
2947 4980 3127 5036 valere
3150 4996 3256 5037 non
3283 4979 3430 5036 testi-

1846 5089 2013 5136 mant.
2064 5080 2265 5135 Contra
2304 5071 2441 5150 quos
2486 5078 2687 5135 diutius
2739 5072 3123 5146 disputandum
3165 5088 3273 5130 non
3321 5083 3428 5140 est,

1845 5174 1971 5245 quia
1997 5188 2095 5243 per
2121 5172 2301 5228 omnia
2329 5170 2659 5242 despiciendi
2680 5179 2735 5225 et
2758 5163 3251 5223 anathematizandi
3278 5174 3425 5230 sunt,

1845 5272 1901 5319 et
1929 5263 2072 5319 unde
2093 5277 2151 5319 se
2176 5261 2367 5318 fallere
2385 5262 2669 5316 veritatem
2691 5257 2938 5322 credunt,
2965 5256 3088 5311 inde
3115 5256 3169 5311 in
3193 5255 3429 5326 peccatis

1806 5421 1819 5430 _
1845 5356 1958 5411 suis
1982 5356 2247 5411 veraciter
2277 5354 2531 5424 ligantur,
2576 5364 2777 5420 eosque
2803 5357 2861 5405 et
2903 5361 3004 5419 ego
3040 5356 3097 5403 et
3123 5361 3312 5401 omnes
3337 5360 3430 5402 ca-

1850 5448 2034 5504 tholici
2064 5446 2323 5519 episcopi,
2354 5453 2516 5514 atque
2563 5442 2888 5498 universalis
2936 5439 3177 5497 Ecclesia
3207 5438 3432 5494 anathe-

1851 5539 2191 5599 matizamus,
2218 5538 2345 5607 quia
2372 5535 2589 5592 veritati
2623 5534 2898 5591 contraria
2924 5532 3189 5597 sentiunt,
3224 5539 3279 5586 et
3298 5545 3429 5586 con-

1845 5627 2011 5682 traria
2042 5626 2356 5696 loquuntur.
2390 5646 2409 5678 ι

1916 5717 2047 5772 CAP.
2092 5715 2199 5771 Vll.
2250 5715 2306 5772 Si
2360 5727 2540 5771 autem
2583 5717 2799 5781 dixerit,
2850 5716 2991 5786 quod
3034 5714 3216 5786 plures
3254 5712 3430 5769 solent

1843 5809 2056 5876 dicere,
2086 5809 2214 5880 quia
2256 5825 2353 5885 per
2384 5810 2659 5882 ingenium
2702 5808 3094 5882 iurarejussit,
3124 5822 3232 5864 nou
3276 5812 3428 5879 ρυωι
3466 5830 3471 5841 ·
