4010 6330
569 379 716 439 λιιιδ

1385 379 1714 437 HINCMABI
1752 378 1964 435 BHE”.
2008 378 2322 436 ARCHIEP.
2358 379 2723 437 OPU‘SCULA
2763 381 2990 436 VARIA.

575 500 728 555 verbi
769 507 886 554 arte
931 516 988 555 se
1019 513 1174 572 posse
1207 495 1392 555 fallere
1423 499 1739 565 Dominum,
1769 502 1855 555 cui
1894 500 2025 555 nihil
2055 515 2148 556 oc-
2181 517 2224 575 Α
2255 503 2528 571 proximo,
2579 518 2734 572 quem
2785 511 2899 557 atra
2950 501 3136 557 fraude
3179 502 3362 557 fallere
3406 511 3587 573 putat,
3631 504 3845 562 dicente

579 593 780 648 cultum
807 600 908 660 est,
941 605 992 649 et
1023 594 1113 662 qui
1143 607 1245 647 non
1276 600 1334 646 ut
1357 591 1506 662 jurat
1527 594 1649 663 quis
1680 593 1924 657 attendit,
1955 593 2046 647 sed
2089 601 2147 646 ut

576 683 626 741 is
651 685 860 755 putavit
904 684 988 739 cui
1034 683 1268 751 iuratum
1317 692 1430 748 est,
1470 692 1524 738 et
1569 683 1798 754 proximi
1839 681 2150 750 juramento

575 776 824 830 credidit.
873 775 974 840 Qui
1022 782 1198 828 autem
1229 789 1324 844 per
1351 774 1528 829 dolum
1554 775 1738 843 jurat,
1788 783 1846 828 ut
1897 774 2149 829 catholici

575 866 822 920 doctores
851 865 1059 931 dicunt,
1089 867 1322 936 primum
1354 869 1462 923 Deo
1487 883 1610 922 reus
1638 878 1741 933 est,
1769 867 1922 936 cujus
1953 883 2149 923 nomen

567 965 760 1011 contra
806 965 1134 1028 prmeeptum
1178 956 1313 1029 legis
1338 961 1564 1014 assumit
1609 961 1661 1014 in
1709 974 1928 1025 vanum,
1956 959 2150 1016 deinde

2254 594 2562 659 Psalmista,
2606 596 2729 664 quia
2763 595 3019 649 lnnoccns
3055 595 3293 649 manibus
3339 606 3386 649 ct
3417 595 3624 649 mundo
3669 599 3839 662 corde,

2252 687 2343 756 qui
2369 702 2471 739 non
2489 680 2641 755 jura:
2664 686 2717 738 in
2743 685 2862 738 dolo
2888 685 3148 754 proximo,
3188 686 3404 754 accipiet
3427 685 3843 740 benedictionem

2254 797 2286 832 a
2340 778 2562 830 Domino
2608 775 2780 848 (Paul.
2835 776 3020 844 xxm).
3055 775 3160 830 Sed
3192 783 3246 830 et
3276 776 3377 831 sibi
3410 777 3514 846 ipsi
3568 792 3698 831 reus
3744 787 3839 838 est,

2259 867 2362 934 Qui
2399 868 2585 938 accipit
2639 868 2692 919 in
2731 883 2864 921 vano
2919 867 3149 921 animam
3193 883 3376 934 suam,
3431 866 3841 923 contradicente

2255 957 2542 1014 Psalmista
2566 957 2696 1029 (ibid
2705 957 2764 1029 .).

574 1135 3838 1174 mw“

2081 1316 2324 1395 XVII.

1244 1502 1378 1582 DE
1432 1502 1852 1584 VISIONE
1926 1461 2442 1585 BEBNOLDI
2508 1508 3162 1588 PRESBYTERI.

1475 1669 1636 1750 (Apud
1665 1686 1910 1751 eumdem,
1938 1699 2001 1738 ex
2032 1685 2200 1738 codice
2224 1687 2506 1738 monasterii
2530 1686 2918 1751 Herivallensis.)

635 1931 948 1994 HINCIARUS
967 1937 1250 2009 episcopus
1269 1955 1333 1995 ac
1350 1941 1524 2010 plebis
1544 1941 1639 1998 Dei
1661 1942 1916 2010 famulus,
1935 1945 2147 2004 dilectis
2177 1953 2220 2010 B
2251 1946 2552 2002 confratres
2588 1945 2759 2001 nostri
2776 1985 2790 2011 ,
2817 1954 2877 2000 ut
2911 1943 3132 2014 adiuves
3157 1959 3274 1998 nos.
3301 1943 3363 1998 Et
3401 1957 3505 2013 ego
3538 1941 3792 2013 respui
3817 1959 3839 1997 τ

559 2026 823 2084 fratribus
853 2039 908 2085 et
935 2032 1201 2103 religiosis
1226 2035 1378 2101 viris,
1407 2038 1474 2093 ad
1502 2055 1731 2108 quorum
1759 2042 2003 2097 notitiam
2036 2044 2151 2100 haec

564 2133 684 2189 quae
713 2131 1012 2190 sequuntur
1040 2127 1409 2192 pervenerint.

635 2215 952 2284 (Flodoard,
985 2218 1075 2271 lib.
1105 2235 1187 2284 ιη,
1221 2238 1264 2274 c.
1302 2221 1335 2274 5
1359 2231 1405 2276 et
1437 2223 1547 2293 l8.)
1586 2224 1767 2296 Nuper
1802 2229 1853 2282 in
1894 2230 2148 2299 parochia

561 2315 746 2360 nostra
777 2308 995 2376 quidam
1026 2311 1155 2364 mihi
1184 2320 1342 2366 notus
1373 2314 1554 2378 homo,
1589 2317 1804 2370 nomine
1829 2318 2148 2386 Bernoldus,

560 2397 886 2463 infirmatus,
928 2410 983 2456 et
1021 2411 1144 2471 post
1185 2405 1612 2474 confessionem,
1656 2418 1710 2465 et
1759 2411 2145 2468 reconciliatio-

557 2505 710 2558 nem,
732 2500 896 2562 atque
919 2495 1089 2549 sancti
1118 2496 1221 2550 olei
1246 2499 1573 2564 unctionem,
1598 2509 1653 2555 et
1677 2503 1922 2572 corporis
1945 2503 2148 2559 Christi

559 2595 628 2637 ac
669 2584 946 2654 sanguinis
977 2588 1444 2656 communionem,
1492 2590 1900 2662 ingravescente
1947 2594 2151 2650 valetu-

559 2673 689 2728 dine
734 2690 872 2744 pene
914 2692 1084 2748 usque
1123 2679 1190 2734 ad
1239 2689 1471 2736 mortem
1516 2684 1800 2753 pervenit:
1833 2685 1904 2740 ita
1952 2695 2011 2740 ut
2055 2701 2152 2755 per

561 2775 797 2834 quatuor
825 2767 943 2825 dies
968 2784 1068 2826 nec
1091 2772 1275 2827 cibum
1303 2773 1387 2827 vel
1413 2783 1596 2843 potum
1628 2791 1845 2846 capere,
1875 2793 1974 2833 nec
2004 2778 2148 2848 loqui

559 2868 772 2930 posset,
804 2860 907 2917 nisi
930 2877 1058 2917 raro
1092 2863 1303 2933 signum
1340 2867 1537 2930 facere,
1569 2875 1628 2920 ut
1658 2868 1706 2922 ei
1735 2882 1872 2937 aqua
1905 2869 2143 2925 daretur.

561 2951 764 3018 Quarta
805 2963 985 3008 autem
1015 2955 1101 3010 die
1140 2956 1274 3010 hora
1305 2972 1446 3012 nona
1483 2957 1630 3012 velut
1666 2959 1933 3014 exanimis
1957 2960 2146 3029 jacuit,

559 3044 696 3098 adeo
722 3053 780 3098 ut
805 3060 910 3100 non
938 3056 1122 3116 posset
1157 3049 1211 3103 in
1241 3065 1305 3104 eo
1335 3051 1523 3104 sentiri
1555 3051 1774 3117 halitus,
1804 3054 1906 3108 nisi
1936 3069 2032 3122 per
2060 3055 2145 3108 vi-

559 3155 680 3204 ces,
715 3139 806 3208 qui
847 3157 1062 3197 manum
1093 3158 1245 3198 suam
1277 3146 1524 3200 mittebat
1553 3146 1617 3200 ad
1643 3160 1704 3201 os
1735 3147 1897 3212 illius,
1931 3149 2012 3202 vel
2055 3163 2147 3202 su-

555 3246 655 3303 per
681 3239 872 3302 pectus
901 3233 1039 3304 ejus,
1074 3235 1163 3290 vix
1201 3237 1467 3292 sentiebat
1500 3239 1552 3292 in
1591 3252 1656 3293 eo
1693 3239 1869 3294 adhuc
1897 3240 2144 3310 spiritum

2253 2040 2532 2105 Quomodo
2553 2054 2649 2092 vos
2671 2053 2888 2107 possum
2914 2034 3202 2104 adjuvare?
3225 2035 3328 2102 Qui
3352 2036 3669 2104 respondit:
3697 2031 3843 2088 νώ

2251 2134 2318 2187 ad
2356 2132 2602 2187 homines
2639 2141 2849 2186 nostros
2886 2130 3114 2184 clericos
3137 2139 3190 2184 et
3215 2129 3403 2192 laicos,
3446 2126 3638 2196 quibus
3671 2127 3841 2180 bene-

2250 2225 2499 2291 fecimus,
2523 2235 2577 2280 et
2606 2226 2691 2279 dic
2719 2225 2823 2279 illis
2849 2232 2905 2278 ut
2932 2238 3030 2293 pro
3056 2223 3210 2278 nobis
3239 2221 3442 2275 faciant
3469 2220 3839 2288 eleanosynas

2251 2326 2306 2371 et
2337 2317 2631 2380 orationes,
2673 2326 2727 2371 et
2774 2317 3067 2385 impetrent
3096 2330 3193 2384 pro
3238 2313 3391 2368 nobis
3433 2313 3618 2368 ollerri
3655 2325 3841 2367 saeta!

2247 2408 2570 2463 oblationes.
2601 2408 2668 2462 Et
2691 2423 2792 2478 ego
2821 2407 3096 2476 respondi,
3139 2406 3263 2474 quia
3293 2405 3478 2460 nescio
3503 2406 3595 2458 ubi
3627 2404 3837 2458 illoru-

2253 2498 2500 2552 homines
2525 2507 2726 2553 essent.
2763 2497 2830 2552 Et
2859 2498 2946 2551 ille
2977 2497 3252 2565 respondit
3277 2513 3290 2548 :
3325 2494 3434 2549 Nos
3459 2495 3714 2548 dabimus
3745 2492 3836 2548 tili

2251 2588 2528 2642 ductorem
2557 2589 2651 2658 qui
2702 2597 2755 2643 te
2791 2589 2860 2643 ad
2907 2588 3026 2643 illos
3055 2588 3233 2641 ducat.
3284 2585 3352 2641 Et
3398 2585 3666 2640 dederunt

2252 2692 2416 2731 unum
2447 2677 2745 2743 hominem,
2777 2678 2866 2747 qui
2912 2692 2999 2733 me
3043 2677 3337 2746 przueessit,
3383 2684 3439 2730 et
3462 2675 3613 2730 duxit
3641 2691 3734 2729 me
3769 2674 3841 2736 ad

2251 2768 2549 2823 maximum
2575 2768 2856 2838 palatium,
2886 2769 2977 2825 ubi
3007 2768 3292 2824 multitudo
3320 2767 3594 2822 hominum
3621 2781 3842 2824 contn-

2251 2860 2374 2915 dem
2406 2861 2782 2930 episcoporum
2813 2870 2951 2927 erat,
2987 2855 3041 2916 et
3083 2861 3149 2916 de
3192 2861 3301 2916 illis
3343 2861 3609 2930 episcopis
3647 2860 3842 2930 loquo-

2249 2953 2468 3020 bantur,
2512 2963 2567 3009 et
2605 2955 2933 3010 ambasciavi
2964 2969 3028 3009 ex
3061 2954 3272 3010 illorqu
3321 2963 3476 3023 parte
3517 2953 3658 3023 quod
3706 2952 3838 3008 mihi

2244 3044 2456 3114 jussum
2497 3048 2696 3103 fuerat.
2742 3048 2870 3104 inde
2913 3063 3036 3102 cum
3069 3047 3292 3102 ductore
3341 3061 3462 3102 meo
3505 3045 3742 3107 rediens,
3769 3043 3840 3097 ad

2249 3139 2427 3195 locum
2460 3141 2549 3195 ubi
2578 3141 2677 3210 ipsi
2703 3148 2858 3194 erant
2884 3140 3119 3209 episcopi
3145 3140 3352 3203 reveni,
3375 3147 3431 3194 ct
3454 3137 3603 3207 quasi
3625 3151 3697 3191 ea
3727 3136 3839 3202 jam

2252 3246 2372 3300 quae
2421 3232 2826 3301 postulaverant
2873 3248 2970 3300 pro
3013 3232 3141 3301 ipsis
3181 3230 3322 3285 facta
3371 3230 3624 3291 fuissent,
3681 3235 3843 3280 erant

557 3339 720 3381 esse:
758 3326 924 3382 rubor
961 3336 1142 3384 tamen
1173 3329 1228 3384 in
1260 3329 1399 3386 facie
1434 3346 1659 3404 magnus
1690 3341 1838 3399 erat,
1873 3343 1927 3389 ei
1962 3336 2041 3389 sic
2063 3334 2146 3404 ᾖα-
2175 3310 2219 3371 C
2245 3324 2474 3393 jucunda
2523 3325 2690 3390 facie,
2739 3325 2892 3394 quasi
2946 3342 2976 3378 a
3027 3339 3164 3378 novo
3216 3323 3322 3378 rasi
3373 3331 3428 3375 et
3466 3321 3740 3384 balneati,
3787 3329 3842 3376 et

555 3421 672 3476 cuit
712 3438 885 3494 usque
915 3425 982 3480 ad
1013 3425 1247 3481 mediam
1280 3437 1515 3481 noctem.
1554 3427 1711 3484 Circa
1748 3443 1877 3483 vero
1918 3427 2148 3482 mediam

557 3521 775 3568 noctem
812 3515 1014 3584 apertis
1037 3516 1230 3581 oculis,
1256 3516 1487 3571 viriliter
1512 3518 1668 3572 uxori
1691 3533 1800 3572 suae
1833 3532 1896 3572 ac
1920 3519 2149 3573 circum-

559 3606 828 3662 stantibus
863 3607 1037 3673 dixit,
1067 3616 1127 3661 ut
1153 3611 1476 3677 quantocius
1505 3620 1824 3676 currerent,
1851 3620 1907 3666 et
1939 3611 2149 3667 confes-

558 3708 739 3750 sorem
781 3710 936 3750 suum
975 3697 1238 3754 velociter
1266 3701 1332 3754 ad
1375 3715 1435 3756 se
1479 3701 1668 3757 venire
1698 3712 1981 3773 rogarent,
2023 3705 2146 3773 quia

555 3783 662 3840 nisi
691 3784 802 3840 cito
829 3785 1067 3854 veniret,
1115 3788 1205 3844 ille
1242 3789 1426 3846 vivere
1456 3805 1560 3847 non
1591 3801 1792 3862 posset.
1839 3793 2028 3849 Accito
2053 3809 2147 3848 au-

555 3885 664 3934 tem
691 3879 1035 3953 presbytero,
1062 3891 1346 3954 antequam
1379 3885 1432 3939 in
1461 3886 1799 3942 mansionem
1831 3887 1921 3942 ubi
1951 3885 2040 3940 ille
2060 3885 2147 3955 ja-

557 3971 713 4028 cebat
737 3972 1023 4046 presbyter
1047 3976 1290 4044 veniret,
1319 3992 1443 4033 cum
1472 3977 1525 4032 in
1565 3979 1886 4033 exteriorem
1923 3979 2144 4032 domum

557 4061 798 4129 intravit,
827 4064 963 4119 dixit
1000 4064 1086 4120 ille
1128 4067 1219 4136 qui
1257 4066 1474 4136 jacebat
1511 4067 1758 4122 infirmus
1789 4085 1801 4120 :
1835 4067 2026 4122 Ponite
2056 4067 2145 4121 hic

555 4153 764 4220 sellam,
789 4156 914 4224 quia
947 4157 1233 4226 presbyter
1269 4156 1380 4228 jam
1427 4157 1642 4212 domum
1691 4158 1850 4211 istam
1897 4158 2140 4212 intrabit.

553 4245 728 4300 Isdem
753 4255 929 4300 autem
962 4249 1269 4319 presbyter,
1298 4263 1422 4303 mox
1455 4256 1513 4302 ut
1541 4249 1734 4303 ostium
1760 4258 1843 4303 est
1871 4248 2144 4318 ingressus

553 4335 647 4391 ubi
695 4336 784 4391 ille
823 4335 1058 4404 jacebat,
1093 4337 1358 4406 incipiens
1399 4353 1498 4407 pro
1547 4352 1612 4393 eo
1658 4339 1932 4392 orationes
1959 4338 2139 4392 dixit:

554 4425 814 4482 Dominus
839 4428 1113 4482 vobiscum
1135 4467 1148 4491 ,
1181 4435 1235 4482 et
1270 4427 1359 4482 ille
1388 4428 1534 4482 clara
1563 4444 1694 4484 voce
1725 4429 2002 4500 respondit
2029 4443 2043 4482 :
2077 4429 2146 4483 Et

555 4531 676 4570 cum
703 4517 895 4584 spiritu
925 4526 1036 4572 tuo.
1061 4518 1230 4572 Dictis
1255 4530 1436 4575 autem
1458 4521 1816 4586 orationibus,
1845 4521 1981 4575 dixit
2009 4537 2139 4591 pre-

553 4603 772 4673 sbytero
797 4613 855 4658 ut
878 4606 1090 4661 sederet
1118 4621 1274 4662 secus
1298 4624 1450 4674 eum;
1481 4617 1538 4664 et
1561 4610 1639 4663 ait
1663 4610 1734 4663 illi
1763 4629 1774 4662 :
1801 4611 2022 4664 Attente
2051 4612 2137 4665 in-

2251 3417 2524 3473 babebant
2550 3417 2699 3472 albas
2727 3417 2973 3481 vestitas,
3004 3424 3061 3470 et
3101 3415 3290 3479 stolas,
3317 3424 3368 3470 et
3397 3414 3639 3469 sandalia
3671 3415 3729 3467 iu
3751 3430 3843 3484 pe-

2250 3507 2428 3572 dibus,
2471 3507 2717 3576 planctas
2745 3516 2927 3563 autem
2961 3521 3065 3561 non
3103 3506 3382 3562 trahebant.
3427 3504 3494 3558 Et
3523 3505 3674 3558 dixit
3715 3505 3837 3559 mihi

2247 3596 2503 3666 praefatus
2547 3597 2662 3652 Ebo
2702 3616 2713 3650 :
2755 3597 2918 3652 Vides
2957 3605 3217 3666 quantum
3259 3609 3356 3650 nos
3398 3593 3688 3662 adjuvavit
3724 3603 3840 3649 tuus

2248 3687 2591 3742 missaticus?
2637 3686 2820 3756 Usque
2859 3687 3019 3743 modo
3064 3688 3227 3744 nimis
3253 3687 3444 3741 durum
3474 3687 3760 3741 custodem
3783 3695 3840 3742 et

2248 3780 2548 3836 custodiam
2579 3795 2802 3848 gravem
2832 3781 2972 3836 sicut
2999 3781 3178 3836 vidisti
3211 3779 3520 3844 habuimus,
3557 3781 3720 3835 modo
3747 3780 3841 3834 hl-

2247 3873 2438 3928 bemus
2463 3875 2719 3928 domuum
2745 3873 3091 3929 Ambrosium
3119 3873 3398 3929 custodem
3417 3913 3432 3938 ,
3457 3883 3513 3928 et
3545 3871 3719 3928 levem
3741 3885 3839 3927 Cl-

2246 3965 2498 4020 stodiam.
2531 3965 2658 4020 lnde
2687 3966 2809 4021 veni
2843 3966 2896 4019 in
2939 3965 3227 4035 quemdam
3255 3965 3435 4020 locum
3467 3964 3838 4028 tenebrosum,

2248 4055 2312 4111 ad
2353 4071 2512 4126 quem
2555 4071 2621 4111 cx
2662 4056 2767 4110 alia
2813 4065 2965 4125 parte
3007 4056 3096 4111 lux
3137 4055 3516 4126 resplendebat
3558 4055 3626 4109 de
3670 4054 3844 4110 vicit»

2247 4148 2365 4204 loco
2415 4151 2546 4204 satis
2604 4149 2954 4213 lucidissime,
3001 4157 3058 4203 et
3113 4149 3476 4217 pulcherrime
3527 4147 3746 4208 Βοτὶὼ,
3791 4153 3844 4200 α

2245 4240 2540 4305 odorifero,
2579 4242 2646 4296 ad
2687 4242 2936 4296 eumdem
2977 4241 3152 4295 locum
3199 4241 3575 4295 tenebrosum.
3627 4240 3699 4294 Et
3741 4236 3842 4294 vidi

2245 4328 2317 4384 ibi
2344 4331 2528 4399 jacere
2561 4332 2815 4386 domuum
2849 4341 3094 4386 nostrum
3122 4330 3375 4384 Carolum
3411 4345 3598 4400 regem
3637 4330 3692 4382 in
3735 4327 3843 4384 luto

2245 4437 2310 4476 ex
2343 4423 2492 4477 sanie
2528 4424 2694 4492 ipsius
2719 4422 3040 4492 putredinis,
3070 4430 3125 4477 et
3151 4421 3557 4477 manducabant
3581 4436 3710 4476 eum
3737 4434 3842 4474 va-

2247 4530 2381 4580 mes,
2416 4524 2470 4567 ct
2491 4514 2602 4582 jam
2629 4530 2849 4569 carnem
2887 4513 3030 4568 illius
3057 4513 3439 4568 manducatam
3467 4511 3769 4576 habebant.
3787 4518 3840 4568 et

2246 4621 2352 4661 non
2396 4616 2514 4660 erat
2546 4605 2598 4658 in
2629 4621 2857 4676 corpore
2886 4605 3057 4674 ipsius
3082 4603 3224 4660 aliud
3253 4604 3358 4658 nisi
3401 4603 3560 4658 nervi
3593 4613 3658 4659 et
3699 4617 3836 4658 osa.

557 4695 738 4766 teilige
765 4711 884 4764 quae
915 4696 1008 4752 tibi
1042 4698 1286 4754 dicturus
1316 4715 1456 4766 sum,
1504 4708 1565 4755 ut
1603 4701 1649 4756 si
1692 4715 1793 4772 ego
1821 4702 1872 4756 in
1909 4716 2137 4772 corpore
2169 4683 2216 4742 Ῑ)
2243 4699 2346 4766 Qui
2373 4715 2574 4754 vocans
2601 4715 2688 4754 me
2711 4714 2775 4755 ex
2807 4699 3024 4754 nomine
3052 4712 3172 4752 meo
3197 4697 3334 4752 dixit
3359 4715 3373 4751 :
3403 4695 3595 4762 Quane
3622 4711 3716 4750 me
3735 4709 3836 4750 non

554 4801 779 4844 manens
827 4786 914 4842 illa
963 4788 1214 4845 nuntiare
1261 4806 1366 4847 non
1417 4801 1603 4861 potero
1646 4806 1766 4862 quae
1814 4793 1948 4847 mihi
1987 4790 2138 4860 jussu

554 4890 712 4949 sunt,
759 4891 814 4936 tu
860 4881 951 4937 illa
987 4883 1292 4939 annuuties.
1342 4884 1410 4938 Et
1456 4887 1619 4956 cmpit
1666 4885 2141 4942 vehementissime

2247 4790 2508 4860 adiuvas?
2533 4790 2633 4844 Cui
2673 4789 2921 4860 respondi
2954 4805 2967 4842 :
3004 4787 3249 4852 Domine,
3281 4787 3560 4856 quomodo
3583 4802 3684 4842 vos
3716 4801 3836 4856 pos.

2244 4900 2363 4940 sum
2395 4884 2687 4954 adjuvare?
2734 4882 2800 4937 Et
2839 4882 2958 4937 ait:
2991 4881 3204 4938 Prende
3235 4880 3382 4936 illam
3429 4888 3683 4950 petram,
3725 4891 3839 4949 qua

553 4973 705 5040 ﬂere,
731 4982 789 5029 et
815 4989 937 5030 cum
961 4973 1284 5045 singultibus
1309 4975 1478 5032 dixit:
1501 4978 1703 5034 Ductus
1727 4977 1792 5034 de
1821 4978 1924 5034 isto
1944 4977 2142 5034 saeculo
2238 4975 2393 5046 juxta
2425 4984 2475 5029 te
2504 4983 2617 5040 est,
2641 4981 2698 5029 et
2725 4973 2932 5029 elevato
2961 4974 3157 5043 capite,
3189 4982 3328 5043 pene
3354 4971 3504 5026 illam
3533 4971 3637 5027 sub
3666 4969 3838 5040 capite

553 5067 621 5122 ad
650 5065 793 5121 aliud
824 5067 1096 5132 saeculum,
1129 5069 1250 5122 veni
1295 5069 1350 5124 in
1381 5069 1666 5140 quemdam
1709 5069 1908 5135 locum,
1955 5077 2011 5124 et
2054 5070 2137 5125 in-

553 5160 676 5214 veni
723 5161 1001 5231 episcopos
1046 5145 1403 5232 quadraginta
1447 5171 1503 5216 et
1548 5177 1714 5216 unum
1757 5179 1770 5216 :
1817 5162 1959 5216 inter
1997 5177 2133 5230 quos

555 5257 678 5310 novi
709 5254 945 5310 Ebonem
964 5296 977 5320 ,
1015 5253 1422 5325 Leopardellum
1441 5295 1455 5321 ,
1486 5263 1542 5311 et
1565 5253 1824 5319 1Eneam,
1863 5269 2134 5325 pannosos

555 5355 606 5400 et
635 5344 964 5416 denigratos,
992 5346 1141 5400 velut
1167 5347 1210 5400 si
1239 5346 1458 5402 ustulati
1487 5346 1744 5410 fuissent,
1787 5355 1843 5401 et
1885 5347 2134 5416 squalen-

554 5442 656 5502 tes,
686 5435 824 5490 sicut
851 5442 905 5490 et
947 5435 1103 5499 alios,
1132 5444 1187 5491 et
1227 5453 1324 5506 per
1347 5437 1496 5492 vices
1523 5437 1691 5492 nimio
1717 5435 1918 5508 frigore
1957 5437 2135 5491 horri-

553 5525 737 5583 biliter
766 5541 886 5581 cum
915 5525 1042 5580 ﬂetu
1069 5534 1124 5580 et
1149 5528 1380 5582 stridore
1410 5527 1648 5582 dentium
1679 5527 2054 5594 tremulantes,
2079 5538 2135 5584 et

552 5631 651 5690 per
675 5619 822 5674 vices
844 5617 1023 5674 calore
1067 5619 1233 5674 nimio
1263 5629 1572 5676 aestuantes.
1619 5621 1679 5675 Et
1711 5621 1823 5676 Ebo
1851 5622 2136 5692 episcopus

556 5724 644 5763 me
679 5711 889 5765 vocavit
915 5726 981 5766 ex
1011 5713 1227 5768 nomine
1255 5713 1438 5768 dicens
1469 5714 1650 5780 :‘Quia
1683 5713 1778 5769 tibi
1818 5714 2035 5770 dabitur
2072 5714 2135 5768 li-

555 5801 734 5858 centia
775 5802 1034 5860 mdeundi
1065 5805 1128 5860 ad
1169 5820 1386 5875 corpus,
1415 5820 1701 5875 precamur
1742 5815 1793 5861 te
1833 5822 1932 5877 ego
1963 5815 2018 5862 et
2044 5807 2132 5862 isti

2245 5082 2369 5122 meo
2397 5085 2410 5121 :
2443 5068 2585 5122 sicut
2617 5075 2672 5122 et
2715 5066 2842 5125 feci.
2876 5067 2943 5121 Et
2974 5067 3111 5122 dixit
3154 5067 3286 5122 mibi
3318 5085 3330 5120 :
3366 5063 3519 5122 Vade
3557 5066 3632 5120 ad
3677 5063 3838 5124 lli-e-

2242 5172 2453 5213 marum
2483 5157 2823 5227 episcopum,
2869 5166 2924 5212 et
2951 5156 3042 5211 die
3068 5156 3151 5220 ei,
3187 5156 3313 5226 quia
3351 5154 3500 5212 illius
3527 5163 3582 5211 et
3609 5153 3836 5226 alim

2241 5249 2480 5305 ﬁdelium
2530 5263 2774 5304 meorum
2819 5249 2958 5304 bona
3000 5247 3225 5304 consilia
3261 5263 3366 5302 non
3391 5245 3838 5312 obaudivi,-idm

2242 5339 2347 5395 ista
2382 5353 2504 5408 qum
2532 5339 2700 5403 vides,
2732 5353 2831 5407 pro
2860 5338 3033 5408 culpis
3059 5338 3197 5394 meis
3229 5338 3492 5393 sustineo.
3524 5336 3593 5392 Et
3621 5337 3710 5393 dic
3737 5335 3836 5401 illi,

2243 5431 2372 5502 quia
2403 5445 2618 5501 semper
2660 5432 2713 5485 in
2759 5431 2848 5486 illo
2880 5430 3132 5487 ﬁduciam
3161 5431 3355 5496 habui,
3389 5439 3448 5486 ut
3479 5446 3566 5486 me
3595 5431 3837 5501 adjuvet,

2246 5533 2514 5594 quatenus
2541 5525 2605 5580 de
2649 5525 2749 5578 ista
2798 5537 2956 5592 pteua
2987 5524 3088 5578 sim
3120 5523 3408 5589 liberatus,
3435 5534 3494 5577 et
3528 5538 3628 5592 per
3647 5537 3840 5578 omne

2247 5618 2339 5687 qui
2368 5617 2498 5671 mihi
2531 5615 2747 5672 fuerunt
2774 5616 2959 5673 fideles
2982 5633 3044 5672 ex
3075 5631 3192 5671 mea
3222 5626 3379 5686 parte
3404 5615 3643 5687 postulet
3670 5625 3726 5670 ut
3753 5628 3841 5672 ne

2248 5712 2525 5782 adjuvent,
2559 5713 2681 5781 quia
2732 5712 2776 5765 si
2821 5711 2947 5766 inde
2979 5719 3254 5766 certamen
3285 5711 3608 5775 habuerint,
3635 5711 3749 5765 cito
3771 5709 3840 5763 de

2248 5804 2351 5859 ista
2383 5817 2542 5874 poena
2573 5817 2680 5875 cro
2719 5801 3001 5860 liberatus.
3045 5801 3113 5858 Et
3151 5802 3478 5874 interrogavi
3511 5801 3687 5868 illum.
3715 5800 3840 5871 quis
