  <div class='ocr_page' id='page_1' title='image "/cluster/home/n/w/nwhite01/storage/ocr_20150623/125/hvd.32044015471667/564.png"; bbox 0 0 4010 6330; ppageno 0'>
   <div class='ocr_carea' id='block_1_1' title="bbox 80 343 229 409">
    <p class='ocr_par' dir='ltr' id='par_1_1' title="bbox 80 343 229 409">
     <span class='ocr_line' id='line_1_1' title="bbox 80 343 229 409; baseline 0.034 -10"><span class='ocrx_word' id='word_1_1' title='bbox 80 343 229 409; x_wconf 76' lang='grc' dir='ltr'><strong>ΗΠ</strong></span> 
     </span>
    </p>
   </div>
   <div class='ocr_carea' id='block_1_2' title="bbox 1098 339 2381 407">
    <p class='ocr_par' dir='ltr' id='par_1_2' title="bbox 1098 339 2381 407">
     <span class='ocr_line' id='line_1_2' title="bbox 1098 339 2381 407; baseline -0.003 -3"><span class='ocrx_word' id='word_1_2' title='bbox 1098 346 1193 404; x_wconf 87' lang='lat' dir='ltr'><strong>DE</strong></span> <span class='ocrx_word' id='word_1_3' title='bbox 1231 343 1503 404; x_wconf 78' lang='lat' dir='ltr'><strong>VlSlONE</strong></span> <span class='ocrx_word' id='word_1_4' title='bbox 1536 339 1883 407; x_wconf 77' lang='lat' dir='ltr'><strong>BERNOLDI</strong></span> <span class='ocrx_word' id='word_1_5' title='bbox 1923 339 2381 403; x_wconf 78' lang='lat' dir='ltr'><strong>PRESBYTERI.</strong></span> 
     </span>
    </p>
   </div>
   <div class='ocr_carea' id='block_1_3' title="bbox 3261 339 3403 435">
    <p class='ocr_par' dir='ltr' id='par_1_3' title="bbox 3261 339 3403 435">
     <span class='ocr_line' id='line_1_3' title="bbox 3261 339 3403 435; baseline 0.007 -38"><span class='ocrx_word' id='word_1_6' title='bbox 3261 339 3403 435; x_wconf 61' lang='lat' dir='ltr'><strong>ius</strong></span> 
     </span>
    </p>
   </div>
   <div class='ocr_carea' id='block_1_4' title="bbox 84 462 3380 539">
    <p class='ocr_par' dir='ltr' id='par_1_4' title="bbox 84 462 3380 539">
     <span class='ocr_line' id='line_1_4' title="bbox 84 462 3380 539; baseline -0.002 -14"><span class='ocrx_word' id='word_1_7' title='bbox 84 467 241 527; x_wconf 86' lang='lat' dir='ltr'><strong>locus</strong></span> <span class='ocrx_word' id='word_1_8' title='bbox 280 473 455 535; x_wconf 89' lang='lat' dir='ltr'><strong>esset,</strong></span> <span class='ocrx_word' id='word_1_9' title='bbox 503 465 647 525; x_wconf 87' lang='lat' dir='ltr'><strong>unde</strong></span> <span class='ocrx_word' id='word_1_10' title='bbox 693 464 783 521; x_wconf 88' lang='lat' dir='ltr'><strong>illa</strong></span> <span class='ocrx_word' id='word_1_11' title='bbox 831 464 923 522; x_wconf 78' lang='lat' dir='ltr'><strong>lux</strong></span> <span class='ocrx_word' id='word_1_12' title='bbox 970 465 1370 539; x_wconf 86' lang='lat' dir='ltr'><strong>resplendebat,</strong></span> <span class='ocrx_word' id='word_1_13' title='bbox 1417 476 1473 524; x_wconf 93' lang='lat' dir='ltr'><strong>et</strong></span> <span class='ocrx_word' id='word_1_14' title='bbox 1517 474 1702 523; x_wconf 89' lang='lat' dir='ltr'><strong>tantus</strong></span> <span class='ocrx_word' id='word_1_15' title='bbox 1729 462 1782 523; x_wconf 80' lang='grc' dir='ltr'><strong>Α</strong></span> <span class='ocrx_word' id='word_1_16' title='bbox 1810 464 1918 521; x_wconf 86' lang='lat' dir='ltr'><strong>ista</strong></span> <span class='ocrx_word' id='word_1_17' title='bbox 1944 480 2104 536; x_wconf 82' lang='lat' dir='ltr'><strong>poena</strong></span> <span class='ocrx_word' id='word_1_18' title='bbox 2136 466 2374 522; x_wconf 86' lang='lat' dir='ltr'><strong>liberer:</strong></span> <span class='ocrx_word' id='word_1_19' title='bbox 2406 465 2573 523; x_wconf 91' lang='lat' dir='ltr'><strong>etnni</strong></span> <span class='ocrx_word' id='word_1_20' title='bbox 2614 464 2819 523; x_wconf 95' lang='lat' dir='ltr'><strong>homini</strong></span> <span class='ocrx_word' id='word_1_21' title='bbox 2854 477 2975 523; x_wconf 88' lang='lat' dir='ltr'><strong>meo</strong></span> <span class='ocrx_word' id='word_1_22' title='bbox 3009 463 3380 525; x_wconf 86' lang='lat' dir='ltr'><strong>commendavi</strong></span> 
     </span>
    </p>
   </div>
   <div class='ocr_carea' id='block_1_5' title="bbox 88 557 1697 632">
    <p class='ocr_par' dir='ltr' id='par_1_5' title="bbox 88 557 1697 632">
     <span class='ocr_line' id='line_1_5' title="bbox 88 557 1697 632; baseline -0.001 -17"><span class='ocrx_word' id='word_1_23' title='bbox 88 560 228 615; x_wconf 90' lang='lat' dir='ltr'><strong>odor</strong></span> <span class='ocrx_word' id='word_1_24' title='bbox 258 559 595 632; x_wconf 91' lang='lat' dir='ltr'><strong>respirabat.</strong></span> <span class='ocrx_word' id='word_1_25' title='bbox 643 557 747 625; x_wconf 91' lang='lat' dir='ltr'><strong>Qui</strong></span> <span class='ocrx_word' id='word_1_26' title='bbox 779 558 913 613; x_wconf 85' lang='lat' dir='ltr'><strong>dixit</strong></span> <span class='ocrx_word' id='word_1_27' title='bbox 942 576 955 613; x_wconf 92' lang='lat'><strong>:</strong></span> <span class='ocrx_word' id='word_1_28' title='bbox 990 557 1316 615; x_wconf 88' lang='lat' dir='ltr'><strong>Sanctorum</strong></span> <span class='ocrx_word' id='word_1_29' title='bbox 1345 571 1429 615; x_wconf 90' lang='lat' dir='ltr'><strong>est</strong></span> <span class='ocrx_word' id='word_1_30' title='bbox 1459 560 1697 630; x_wconf 86' lang='lat' dir='ltr'><strong>requies.</strong></span> 
     </span>
    </p>
   </div>
   <div class='ocr_carea' id='block_1_6' title="bbox 88 646 1723 725">
    <p class='ocr_par' dir='ltr' id='par_1_6' title="bbox 88 646 1723 725">
     <span class='ocr_line' id='line_1_6' title="bbox 88 646 1723 725; baseline -0.002 -14"><span class='ocrx_word' id='word_1_31' title='bbox 88 655 204 725; x_wconf 86' lang='lat' dir='ltr'><strong>Ego</strong></span> <span class='ocrx_word' id='word_1_32' title='bbox 234 663 430 711; x_wconf 83' lang='lat' dir='ltr'><strong>autem</strong></span> <span class='ocrx_word' id='word_1_33' title='bbox 464 646 653 708; x_wconf 82' lang='lat' dir='ltr'><strong>volens</strong></span> <span class='ocrx_word' id='word_1_34' title='bbox 674 652 898 723; x_wconf 90' lang='lat' dir='ltr'><strong>propius</strong></span> <span class='ocrx_word' id='word_1_35' title='bbox 926 652 994 708; x_wconf 91' lang='lat' dir='ltr'><strong>ad</strong></span> <span class='ocrx_word' id='word_1_36' title='bbox 1028 652 1180 708; x_wconf 91' lang='lat' dir='ltr'><strong>illum</strong></span> <span class='ocrx_word' id='word_1_37' title='bbox 1211 653 1386 709; x_wconf 92' lang='lat' dir='ltr'><strong>locum</strong></span> <span class='ocrx_word' id='word_1_38' title='bbox 1413 652 1723 718; x_wconf 63' lang='lat' dir='ltr'><strong>accedere,</strong></span> 
     </span>
    </p>
   </div>
   <div class='ocr_carea' id='block_1_7' title="bbox 88 744 1701 811">
    <p class='ocr_par' dir='ltr' id='par_1_7' title="bbox 88 744 1701 811">
     <span class='ocr_line' id='line_1_7' title="bbox 88 744 1701 811; baseline 0 -11"><span class='ocrx_word' id='word_1_39' title='bbox 88 747 200 801; x_wconf 80' lang='lat' dir='ltr'><strong>vidi</strong></span> <span class='ocrx_word' id='word_1_40' title='bbox 231 755 451 801; x_wconf 96' lang='lat' dir='ltr'><strong>tantam</strong></span> <span class='ocrx_word' id='word_1_41' title='bbox 496 744 818 808; x_wconf 90' lang='lat' dir='ltr'><strong>claritatem,</strong></span> <span class='ocrx_word' id='word_1_42' title='bbox 869 754 924 801; x_wconf 91' lang='lat' dir='ltr'><strong>et</strong></span> <span class='ocrx_word' id='word_1_43' title='bbox 967 753 1172 801; x_wconf 89' lang='lat' dir='ltr'><strong>tantam</strong></span> <span class='ocrx_word' id='word_1_44' title='bbox 1203 747 1546 811; x_wconf 82' lang='lat' dir='ltr'><strong>suavitatem,</strong></span> <span class='ocrx_word' id='word_1_45' title='bbox 1584 754 1701 800; x_wconf 89' lang='lat' dir='ltr'><strong>tan-</strong></span> 
     </span>
    </p>
   </div>
   <div class='ocr_carea' id='block_1_8' title="bbox 90 836 1701 909">
    <p class='ocr_par' dir='ltr' id='par_1_8' title="bbox 90 836 1701 909">
     <span class='ocr_line' id='line_1_8' title="bbox 90 836 1701 909; baseline -0.001 -16"><span class='ocrx_word' id='word_1_46' title='bbox 90 847 323 908; x_wconf 82' lang='lat' dir='ltr'><strong>tumque</strong></span> <span class='ocrx_word' id='word_1_47' title='bbox 371 837 647 901; x_wconf 87' lang='lat' dir='ltr'><strong>decorem,</strong></span> <span class='ocrx_word' id='word_1_48' title='bbox 697 844 958 909; x_wconf 89' lang='lat' dir='ltr'><strong>quantum</strong></span> <span class='ocrx_word' id='word_1_49' title='bbox 1007 836 1239 892; x_wconf 88' lang='lat' dir='ltr'><strong>lmmana</strong></span> <span class='ocrx_word' id='word_1_50' title='bbox 1294 836 1472 908; x_wconf 78' lang='lat' dir='ltr'><strong>lingua</strong></span> <span class='ocrx_word' id='word_1_51' title='bbox 1519 837 1701 892; x_wconf 82' lang='lat' dir='ltr'><strong>dicere</strong></span> 
     </span>
    </p>
   </div>
   <div class='ocr_carea' id='block_1_9' title="bbox 92 926 1699 998">
    <p class='ocr_par' dir='ltr' id='par_1_9' title="bbox 92 926 1699 998">
     <span class='ocr_line' id='line_1_9' title="bbox 92 926 1699 998; baseline -0.002 -13"><span class='ocrx_word' id='word_1_52' title='bbox 92 944 197 995; x_wconf 89' lang='lat' dir='ltr'><strong>non</strong></span> <span class='ocrx_word' id='word_1_53' title='bbox 242 936 457 998; x_wconf 81' lang='lat' dir='ltr'><strong>potest.</strong></span> <span class='ocrx_word' id='word_1_54' title='bbox 509 928 576 984; x_wconf 87' lang='lat' dir='ltr'><strong>Et</strong></span> <span class='ocrx_word' id='word_1_55' title='bbox 603 927 712 982; x_wconf 90' lang='lat' dir='ltr'><strong>vidi</strong></span> <span class='ocrx_word' id='word_1_56' title='bbox 745 927 816 984; x_wconf 91' lang='lat' dir='ltr'><strong>ibi</strong></span> <span class='ocrx_word' id='word_1_57' title='bbox 863 926 1262 983; x_wconf 88' lang='lat' dir='ltr'><strong>muititndiuem</strong></span> <span class='ocrx_word' id='word_1_58' title='bbox 1293 929 1573 984; x_wconf 82' lang='lat' dir='ltr'><strong>hominum</strong></span> <span class='ocrx_word' id='word_1_59' title='bbox 1615 928 1699 983; x_wconf 86' lang='lat' dir='ltr'><strong>di-</strong></span> 
     </span>
    </p>
   </div>
   <div class='ocr_carea' id='block_1_10' title="bbox 91 1019 1699 1089">
    <p class='ocr_par' dir='ltr' id='par_1_10' title="bbox 91 1019 1699 1089">
     <span class='ocr_line' id='line_1_10' title="bbox 91 1019 1699 1089; baseline 0.001 -15"><span class='ocrx_word' id='word_1_60' title='bbox 91 1019 241 1077; x_wconf 89' lang='lat' dir='ltr'><strong>versi</strong></span> <span class='ocrx_word' id='word_1_61' title='bbox 268 1020 487 1077; x_wconf 86' lang='lat' dir='ltr'><strong>ordinis</strong></span> <span class='ocrx_word' id='word_1_62' title='bbox 513 1020 568 1081; x_wconf 85' lang='lat' dir='ltr'><strong>in</strong></span> <span class='ocrx_word' id='word_1_63' title='bbox 595 1019 732 1076; x_wconf 81' lang='lat' dir='ltr'><strong>albis</strong></span> <span class='ocrx_word' id='word_1_64' title='bbox 762 1020 1003 1076; x_wconf 82' lang='lat' dir='ltr'><strong>vestibus</strong></span> <span class='ocrx_word' id='word_1_65' title='bbox 1027 1019 1435 1087; x_wconf 75' lang='lat' dir='ltr'><strong>collmtantium,</strong></span> <span class='ocrx_word' id='word_1_66' title='bbox 1466 1028 1520 1075; x_wconf 89' lang='lat' dir='ltr'><strong>et</strong></span> <span class='ocrx_word' id='word_1_67' title='bbox 1550 1035 1699 1089; x_wconf 74' lang='lat' dir='ltr'><strong>qua:-</strong></span> 
     </span>
    </p>
   </div>
   <div class='ocr_carea' id='block_1_11' title="bbox 93 1110 1701 1181">
    <p class='ocr_par' dir='ltr' id='par_1_11' title="bbox 93 1110 1701 1181">
     <span class='ocr_line' id='line_1_11' title="bbox 93 1110 1701 1181; baseline -0.001 -14"><span class='ocrx_word' id='word_1_68' title='bbox 93 1111 451 1181; x_wconf 67' lang='lat' dir='ltr'><strong>datnsedilia</strong></span> <span class='ocrx_word' id='word_1_69' title='bbox 470 1112 673 1176; x_wconf 87' lang='lat' dir='ltr'><strong>lucida,</strong></span> <span class='ocrx_word' id='word_1_70' title='bbox 701 1111 755 1171; x_wconf 90' lang='lat' dir='ltr'><strong>in</strong></span> <span class='ocrx_word' id='word_1_71' title='bbox 783 1112 977 1181; x_wconf 78' lang='lat' dir='ltr'><strong>quibus</strong></span> <span class='ocrx_word' id='word_1_72' title='bbox 1000 1110 1247 1171; x_wconf 82' lang='lat' dir='ltr'><strong>homines</strong></span> <span class='ocrx_word' id='word_1_73' title='bbox 1275 1111 1451 1167; x_wconf 88' lang='lat' dir='ltr'><strong>adhuc</strong></span> <span class='ocrx_word' id='word_1_74' title='bbox 1472 1125 1579 1167; x_wconf 89' lang='lat' dir='ltr'><strong>non</strong></span> <span class='ocrx_word' id='word_1_75' title='bbox 1611 1124 1701 1166; x_wconf 89' lang='lat' dir='ltr'><strong>se-</strong></span> 
     </span>
    </p>
   </div>
   <div class='ocr_carea' id='block_1_12' title="bbox 93 1200 1700 1273">
    <p class='ocr_par' dir='ltr' id='par_1_12' title="bbox 93 1200 1700 1273">
     <span class='ocr_line' id='line_1_12' title="bbox 93 1200 1700 1273; baseline 0.001 -15"><span class='ocrx_word' id='word_1_76' title='bbox 93 1201 320 1267; x_wconf 88' lang='lat' dir='ltr'><strong>debant,</strong></span> <span class='ocrx_word' id='word_1_77' title='bbox 346 1202 552 1273; x_wconf 83' lang='lat' dir='ltr'><strong>quibus</strong></span> <span class='ocrx_word' id='word_1_78' title='bbox 574 1211 875 1273; x_wconf 71' lang='lat' dir='ltr'><strong>praeparata</strong></span> <span class='ocrx_word' id='word_1_79' title='bbox 896 1210 1071 1259; x_wconf 87' lang='lat' dir='ltr'><strong>erant.</strong></span> <span class='ocrx_word' id='word_1_80' title='bbox 1092 1203 1158 1257; x_wconf 85' lang='lat' dir='ltr'><strong>Et</strong></span> <span class='ocrx_word' id='word_1_81' title='bbox 1180 1203 1232 1258; x_wconf 91' lang='lat' dir='ltr'><strong>in</strong></span> <span class='ocrx_word' id='word_1_82' title='bbox 1260 1201 1350 1258; x_wconf 92' lang='lat' dir='ltr'><strong>illo</strong></span> <span class='ocrx_word' id='word_1_83' title='bbox 1376 1202 1570 1258; x_wconf 86' lang='lat' dir='ltr'><strong>itinere</strong></span> <span class='ocrx_word' id='word_1_84' title='bbox 1590 1200 1700 1259; x_wconf 88' lang='lat' dir='ltr'><strong>vidi</strong></span> 
     </span>
    </p>
   </div>
   <div class='ocr_carea' id='block_1_13' title="bbox 92 1292 1725 1364">
    <p class='ocr_par' dir='ltr' id='par_1_13' title="bbox 92 1292 1725 1364">
     <span class='ocr_line' id='line_1_13' title="bbox 92 1292 1725 1364; baseline 0.002 -18"><span class='ocrx_word' id='word_1_85' title='bbox 92 1292 392 1363; x_wconf 90' lang='lat' dir='ltr'><strong>quamdam</strong></span> <span class='ocrx_word' id='word_1_86' title='bbox 417 1292 743 1354; x_wconf 77' lang='lat' dir='ltr'><strong>Ecclesium,</strong></span> <span class='ocrx_word' id='word_1_87' title='bbox 760 1309 920 1364; x_wconf 89' lang='lat' dir='ltr'><strong>quam</strong></span> <span class='ocrx_word' id='word_1_88' title='bbox 942 1310 1063 1351; x_wconf 90' lang='lat' dir='ltr'><strong>cum</strong></span> <span class='ocrx_word' id='word_1_89' title='bbox 1087 1293 1308 1360; x_wconf 89' lang='lat' dir='ltr'><strong>intravi,</strong></span> <span class='ocrx_word' id='word_1_90' title='bbox 1334 1294 1511 1350; x_wconf 89' lang='lat' dir='ltr'><strong>inveni</strong></span> <span class='ocrx_word' id='word_1_91' title='bbox 1536 1292 1725 1361; x_wconf 28' lang='lat' dir='ltr'><strong>iliaci</strong></span> 
     </span>
    </p>
   </div>
   <div class='ocr_carea' id='block_1_14' title="bbox 92 1383 1699 1454">
    <p class='ocr_par' dir='ltr' id='par_1_14' title="bbox 92 1383 1699 1454">
     <span class='ocr_line' id='line_1_14' title="bbox 92 1383 1699 1454; baseline 0.002 -18"><span class='ocrx_word' id='word_1_92' title='bbox 92 1395 312 1437; x_wconf 89' lang='lat' dir='ltr'><strong>marum</strong></span> <span class='ocrx_word' id='word_1_93' title='bbox 352 1383 674 1454; x_wconf 85' lang='lat' dir='ltr'><strong>episcopum</strong></span> <span class='ocrx_word' id='word_1_94' title='bbox 716 1394 1080 1454; x_wconf 62' lang='lat' dir='ltr'><strong>purpuratum</strong></span> <span class='ocrx_word' id='word_1_95' title='bbox 1121 1401 1244 1440; x_wconf 91' lang='lat' dir='ltr'><strong>cum</strong></span> <span class='ocrx_word' id='word_1_96' title='bbox 1289 1384 1503 1441; x_wconf 85' lang='lat' dir='ltr'><strong>clericis</strong></span> <span class='ocrx_word' id='word_1_97' title='bbox 1544 1399 1699 1440; x_wconf 87' lang='lat' dir='ltr'><strong>reve—</strong></span> 
     </span>
    </p>
   </div>
   <div class='ocr_carea' id='block_1_15' title="bbox 95 1471 1701 1547">
    <p class='ocr_par' dir='ltr' id='par_1_15' title="bbox 95 1471 1701 1547">
     <span class='ocr_line' id='line_1_15' title="bbox 95 1471 1701 1547; baseline 0.004 -18"><span class='ocrx_word' id='word_1_98' title='bbox 95 1471 238 1529; x_wconf 89' lang='lat' dir='ltr'><strong>stitis</strong></span> <span class='ocrx_word' id='word_1_99' title='bbox 270 1481 334 1528; x_wconf 90' lang='lat' dir='ltr'><strong>ut</strong></span> <span class='ocrx_word' id='word_1_100' title='bbox 369 1474 598 1531; x_wconf 89' lang='lat' dir='ltr'><strong>missam</strong></span> <span class='ocrx_word' id='word_1_101' title='bbox 632 1484 901 1543; x_wconf 83' lang='lat' dir='ltr'><strong>cantaret,</strong></span> <span class='ocrx_word' id='word_1_102' title='bbox 924 1485 978 1532; x_wconf 91' lang='lat' dir='ltr'><strong>ct</strong></span> <span class='ocrx_word' id='word_1_103' title='bbox 1005 1476 1115 1532; x_wconf 83' lang='lat' dir='ltr'><strong>dixi</strong></span> <span class='ocrx_word' id='word_1_104' title='bbox 1148 1477 1222 1533; x_wconf 93' lang='lat' dir='ltr'><strong>illi</strong></span> <span class='ocrx_word' id='word_1_105' title='bbox 1254 1477 1357 1533; x_wconf 90' lang='lat' dir='ltr'><strong>hoc</strong></span> <span class='ocrx_word' id='word_1_106' title='bbox 1383 1477 1526 1547; x_wconf 91' lang='lat' dir='ltr'><strong>quod</strong></span> <span class='ocrx_word' id='word_1_107' title='bbox 1551 1476 1701 1535; x_wconf 88' lang='lat' dir='ltr'><strong>dom-</strong></span> 
     </span>
    </p>
   </div>
   <div class='ocr_carea' id='block_1_16' title="bbox 96 1567 1700 1625">
    <p class='ocr_par' dir='ltr' id='par_1_16' title="bbox 96 1567 1700 1625">
     <span class='ocr_line' id='line_1_16' title="bbox 96 1567 1700 1625; baseline 0.001 -4"><span class='ocrx_word' id='word_1_108' title='bbox 96 1582 197 1623; x_wconf 86' lang='lat' dir='ltr'><strong>nus</strong></span> <span class='ocrx_word' id='word_1_109' title='bbox 225 1575 429 1623; x_wconf 91' lang='lat' dir='ltr'><strong>noster</strong></span> <span class='ocrx_word' id='word_1_110' title='bbox 469 1567 697 1625; x_wconf 84' lang='lat' dir='ltr'><strong>Carolus</strong></span> <span class='ocrx_word' id='word_1_111' title='bbox 736 1569 1032 1624; x_wconf 81' lang='lat' dir='ltr'><strong>mandavit.</strong></span> <span class='ocrx_word' id='word_1_112' title='bbox 1083 1568 1149 1623; x_wconf 86' lang='lat' dir='ltr'><strong>Et</strong></span> <span class='ocrx_word' id='word_1_113' title='bbox 1184 1569 1366 1625; x_wconf 89' lang='lat' dir='ltr'><strong>statim</strong></span> <span class='ocrx_word' id='word_1_114' title='bbox 1419 1567 1605 1623; x_wconf 81' lang='lat' dir='ltr'><strong>reveni</strong></span> <span class='ocrx_word' id='word_1_115' title='bbox 1633 1568 1700 1622; x_wconf 89' lang='lat' dir='ltr'><strong>ad</strong></span> 
     </span>
    </p>
   </div>
   <div class='ocr_carea' id='block_1_17' title="bbox 96 1659 1701 1731">
    <p class='ocr_par' dir='ltr' id='par_1_17' title="bbox 96 1659 1701 1731">
     <span class='ocr_line' id='line_1_17' title="bbox 96 1659 1701 1731; baseline 0.001 -16"><span class='ocrx_word' id='word_1_116' title='bbox 96 1659 276 1718; x_wconf 88' lang='lat' dir='ltr'><strong>locum</strong></span> <span class='ocrx_word' id='word_1_117' title='bbox 303 1659 402 1716; x_wconf 90' lang='lat' dir='ltr'><strong>ubi</strong></span> <span class='ocrx_word' id='word_1_118' title='bbox 438 1659 671 1715; x_wconf 88' lang='lat' dir='ltr'><strong>domnus</strong></span> <span class='ocrx_word' id='word_1_119' title='bbox 698 1659 924 1715; x_wconf 82' lang='lat' dir='ltr'><strong>Carolus</strong></span> <span class='ocrx_word' id='word_1_120' title='bbox 958 1659 1225 1731; x_wconf 87' lang='lat' dir='ltr'><strong>jacuerat,</strong></span> <span class='ocrx_word' id='word_1_121' title='bbox 1252 1668 1307 1715; x_wconf 91' lang='lat' dir='ltr'><strong>ct</strong></span> <span class='ocrx_word' id='word_1_122' title='bbox 1342 1661 1524 1716; x_wconf 84' lang='lat' dir='ltr'><strong>inveni</strong></span> <span class='ocrx_word' id='word_1_123' title='bbox 1552 1659 1701 1716; x_wconf 91' lang='lat' dir='ltr'><strong>illum</strong></span> 
     </span>
    </p>
   </div>
   <div class='ocr_carea' id='block_1_18' title="bbox 98 1750 1704 1829">
    <p class='ocr_par' dir='ltr' id='par_1_18' title="bbox 98 1750 1704 1829">
     <span class='ocr_line' id='line_1_18' title="bbox 98 1750 1704 1829; baseline 0.001 -23"><span class='ocrx_word' id='word_1_124' title='bbox 98 1752 149 1807; x_wconf 92' lang='lat' dir='ltr'><strong>in</strong></span> <span class='ocrx_word' id='word_1_125' title='bbox 175 1750 298 1807; x_wconf 92' lang='lat' dir='ltr'><strong>loco</strong></span> <span class='ocrx_word' id='word_1_126' title='bbox 327 1751 546 1818; x_wconf 91' lang='lat' dir='ltr'><strong>lucido,</strong></span> <span class='ocrx_word' id='word_1_127' title='bbox 571 1761 626 1829; x_wconf 79' lang='lat' dir='ltr'><strong>et</strong></span> <span class='ocrx_word' id='word_1_128' title='bbox 655 1768 849 1809; x_wconf 89' lang='lat' dir='ltr'><strong>sanum</strong></span> <span class='ocrx_word' id='word_1_129' title='bbox 889 1768 1139 1824; x_wconf 87' lang='lat' dir='ltr'><strong>corpore,</strong></span> <span class='ocrx_word' id='word_1_130' title='bbox 1181 1763 1237 1809; x_wconf 92' lang='lat' dir='ltr'><strong>et</strong></span> <span class='ocrx_word' id='word_1_131' title='bbox 1269 1753 1516 1809; x_wconf 90' lang='lat' dir='ltr'><strong>indutum</strong></span> <span class='ocrx_word' id='word_1_132' title='bbox 1538 1753 1704 1822; x_wconf 86' lang='lat' dir='ltr'><strong>regiis</strong></span> 
     </span>
    </p>
   </div>
   <div class='ocr_carea' id='block_1_19' title="bbox 1808 547 3379 627">
    <p class='ocr_par' dir='ltr' id='par_1_19' title="bbox 1808 547 3379 627">
     <span class='ocr_line' id='line_1_19' title="bbox 1808 547 3379 627; baseline 0.001 -18"><span class='ocrx_word' id='word_1_133' title='bbox 1808 572 2000 611; x_wconf 85' lang='lat' dir='ltr'><strong>aurum</strong></span> <span class='ocrx_word' id='word_1_134' title='bbox 2030 564 2085 611; x_wconf 87' lang='lat' dir='ltr'><strong>et</strong></span> <span class='ocrx_word' id='word_1_135' title='bbox 2112 566 2397 626; x_wconf 81' lang='lat' dir='ltr'><strong>argentum</strong></span> <span class='ocrx_word' id='word_1_136' title='bbox 2435 572 2638 625; x_wconf 90' lang='lat' dir='ltr'><strong>meum,</strong></span> <span class='ocrx_word' id='word_1_137' title='bbox 2670 558 2814 627; x_wconf 91' lang='lat' dir='ltr'><strong>quod</strong></span> <span class='ocrx_word' id='word_1_138' title='bbox 2854 572 3016 615; x_wconf 90' lang='lat' dir='ltr'><strong>nemo</strong></span> <span class='ocrx_word' id='word_1_139' title='bbox 3038 552 3175 613; x_wconf 88' lang='lat' dir='ltr'><strong>alius</strong></span> <span class='ocrx_word' id='word_1_140' title='bbox 3202 547 3379 624; x_wconf 84' lang='lat' dir='ltr'><strong>sapuit</strong></span> 
     </span>
    </p>
   </div>
   <div class='ocr_carea' id='block_1_20' title="bbox 1802 648 3386 730">
    <p class='ocr_par' dir='ltr' id='par_1_20' title="bbox 1802 648 3386 730">
     <span class='ocr_line' id='line_1_20' title="bbox 1802 648 3386 730; baseline 0 -27"><span class='ocrx_word' id='word_1_141' title='bbox 1802 648 1905 703; x_wconf 90' lang='lat' dir='ltr'><strong>nisi</strong></span> <span class='ocrx_word' id='word_1_142' title='bbox 1936 664 2038 717; x_wconf 94' lang='lat' dir='ltr'><strong>ego</strong></span> <span class='ocrx_word' id='word_1_143' title='bbox 2077 657 2131 703; x_wconf 92' lang='lat' dir='ltr'><strong>et</strong></span> <span class='ocrx_word' id='word_1_144' title='bbox 2167 649 2280 715; x_wconf 90' lang='lat' dir='ltr'><strong>ille,</strong></span> <span class='ocrx_word' id='word_1_145' title='bbox 2321 658 2376 705; x_wconf 90' lang='lat' dir='ltr'><strong>et</strong></span> <span class='ocrx_word' id='word_1_146' title='bbox 2417 650 2593 705; x_wconf 90' lang='lat' dir='ltr'><strong>adhuc</strong></span> <span class='ocrx_word' id='word_1_147' title='bbox 2642 666 2717 730; x_wconf 72' lang='lat' dir='ltr'><strong>ne</strong></span> <span class='ocrx_word' id='word_1_148' title='bbox 2744 665 2910 706; x_wconf 90' lang='lat' dir='ltr'><strong>unum</strong></span> <span class='ocrx_word' id='word_1_149' title='bbox 2958 650 3175 720; x_wconf 80' lang='lat' dir='ltr'><strong>quidem</strong></span> <span class='ocrx_word' id='word_1_150' title='bbox 3220 649 3386 704; x_wconf 88' lang='lat' dir='ltr'><strong>dena-</strong></span> 
     </span>
    </p>
   </div>
   <div class='ocr_carea' id='block_1_21' title="bbox 1802 740 3387 810">
    <p class='ocr_par' dir='ltr' id='par_1_21' title="bbox 1802 740 3387 810">
     <span class='ocr_line' id='line_1_21' title="bbox 1802 740 3387 810; baseline 0.001 -15"><span class='ocrx_word' id='word_1_151' title='bbox 1802 741 1941 795; x_wconf 86' lang='lat' dir='ltr'><strong>rium</strong></span> <span class='ocrx_word' id='word_1_152' title='bbox 1965 755 2064 810; x_wconf 91' lang='lat' dir='ltr'><strong>pro</strong></span> <span class='ocrx_word' id='word_1_153' title='bbox 2097 756 2184 795; x_wconf 91' lang='lat' dir='ltr'><strong>me</strong></span> <span class='ocrx_word' id='word_1_154' title='bbox 2214 741 2338 796; x_wconf 91' lang='lat' dir='ltr'><strong>inde</strong></span> <span class='ocrx_word' id='word_1_155' title='bbox 2361 741 2599 797; x_wconf 82' lang='lat' dir='ltr'><strong>donavit.</strong></span> <span class='ocrx_word' id='word_1_156' title='bbox 2632 743 2697 798; x_wconf 89' lang='lat' dir='ltr'><strong>Et</strong></span> <span class='ocrx_word' id='word_1_157' title='bbox 2719 744 2895 801; x_wconf 89' lang='lat' dir='ltr'><strong>visum</strong></span> <span class='ocrx_word' id='word_1_158' title='bbox 2923 751 3005 798; x_wconf 91' lang='lat' dir='ltr'><strong>est</strong></span> <span class='ocrx_word' id='word_1_159' title='bbox 3029 740 3160 797; x_wconf 91' lang='lat' dir='ltr'><strong>mihi</strong></span> <span class='ocrx_word' id='word_1_160' title='bbox 3192 748 3253 797; x_wconf 89' lang='lat' dir='ltr'><strong>nt</strong></span> <span class='ocrx_word' id='word_1_161' title='bbox 3273 747 3387 797; x_wconf 81' lang='lat' dir='ltr'><strong>sta-</strong></span> 
     </span>
    </p>
   </div>
   <div class='ocr_carea' id='block_1_22' title="bbox 1805 828 3387 905">
    <p class='ocr_par' dir='ltr' id='par_1_22' title="bbox 1805 828 3387 905">
     <span class='ocr_line' id='line_1_22' title="bbox 1805 828 3387 905; baseline 0.001 -19"><span class='ocrx_word' id='word_1_162' title='bbox 1805 832 1901 886; x_wconf 89' lang='lat' dir='ltr'><strong>tim</strong></span> <span class='ocrx_word' id='word_1_163' title='bbox 1951 831 2173 887; x_wconf 89' lang='lat' dir='ltr'><strong>fuissem</strong></span> <span class='ocrx_word' id='word_1_164' title='bbox 2222 832 2364 901; x_wconf 86' lang='lat' dir='ltr'><strong>apud</strong></span> <span class='ocrx_word' id='word_1_165' title='bbox 2408 832 2655 905; x_wconf 68' lang='lat' dir='ltr'><strong>Vongnm</strong></span> <span class='ocrx_word' id='word_1_166' title='bbox 2702 835 2754 889; x_wconf 90' lang='lat' dir='ltr'><strong>in</strong></span> <span class='ocrx_word' id='word_1_167' title='bbox 2790 833 2972 901; x_wconf 90' lang='lat' dir='ltr'><strong>mallo,</strong></span> <span class='ocrx_word' id='word_1_168' title='bbox 3029 841 3082 888; x_wconf 88' lang='lat' dir='ltr'><strong>et</strong></span> <span class='ocrx_word' id='word_1_169' title='bbox 3122 831 3233 887; x_wconf 85' lang='lat' dir='ltr'><strong>dixi</strong></span> <span class='ocrx_word' id='word_1_170' title='bbox 3273 828 3387 887; x_wconf 87' lang='lat' dir='ltr'><strong>suis</strong></span> 
     </span>
    </p>
   </div>
   <div class='ocr_carea' id='block_1_23' title="bbox 1804 919 3385 992">
    <p class='ocr_par' dir='ltr' id='par_1_23' title="bbox 1804 919 3385 992">
     <span class='ocr_line' id='line_1_23' title="bbox 1804 919 3385 992; baseline 0.001 -17"><span class='ocrx_word' id='word_1_171' title='bbox 1804 919 2138 985; x_wconf 87' lang='lat' dir='ltr'><strong>hominibus,</strong></span> <span class='ocrx_word' id='word_1_172' title='bbox 2172 927 2226 975; x_wconf 90' lang='lat' dir='ltr'><strong>et</strong></span> <span class='ocrx_word' id='word_1_173' title='bbox 2258 920 2379 975; x_wconf 90' lang='lat' dir='ltr'><strong>aliis</strong></span> <span class='ocrx_word' id='word_1_174' title='bbox 2403 924 2492 989; x_wconf 85' lang='lat' dir='ltr'><strong>qui</strong></span> <span class='ocrx_word' id='word_1_175' title='bbox 2529 923 2598 977; x_wconf 85' lang='lat' dir='ltr'><strong>ibi</strong></span> <span class='ocrx_word' id='word_1_176' title='bbox 2633 931 2807 986; x_wconf 87' lang='lat' dir='ltr'><strong>erant,</strong></span> <span class='ocrx_word' id='word_1_177' title='bbox 2835 938 2956 992; x_wconf 80' lang='lat' dir='ltr'><strong>qua:</strong></span> <span class='ocrx_word' id='word_1_178' title='bbox 2976 921 3107 978; x_wconf 90' lang='lat' dir='ltr'><strong>mihi</strong></span> <span class='ocrx_word' id='word_1_179' title='bbox 3130 919 3385 992; x_wconf 67' lang='lat' dir='ltr'><strong>iniunxit.</strong></span> 
     </span>
    </p>
   </div>
   <div class='ocr_carea' id='block_1_24' title="bbox 1814 1008 3388 1080">
    <p class='ocr_par' dir='ltr' id='par_1_24' title="bbox 1814 1008 3388 1080">
     <span class='ocr_line' id='line_1_24' title="bbox 1814 1008 3388 1080; baseline 0.003 -17"><span class='ocrx_word' id='word_1_180' title='bbox 1814 1008 1874 1063; x_wconf 89' lang='lat' dir='ltr'><strong>Et</strong></span> <span class='ocrx_word' id='word_1_181' title='bbox 1909 1010 2088 1065; x_wconf 87' lang='lat' dir='ltr'><strong>statim</strong></span> <span class='ocrx_word' id='word_1_182' title='bbox 2118 1008 2191 1063; x_wconf 87' lang='lat' dir='ltr'><strong>fui</strong></span> <span class='ocrx_word' id='word_1_183' title='bbox 2222 1009 2275 1063; x_wconf 90' lang='lat' dir='ltr'><strong>in</strong></span> <span class='ocrx_word' id='word_1_184' title='bbox 2306 1010 2498 1080; x_wconf 86' lang='lat' dir='ltr'><strong>spiritu</strong></span> <span class='ocrx_word' id='word_1_185' title='bbox 2523 1011 2589 1066; x_wconf 91' lang='lat' dir='ltr'><strong>ad</strong></span> <span class='ocrx_word' id='word_1_186' title='bbox 2614 1011 2762 1067; x_wconf 89' lang='lat' dir='ltr'><strong>illum</strong></span> <span class='ocrx_word' id='word_1_187' title='bbox 2784 1012 2961 1068; x_wconf 89' lang='lat' dir='ltr'><strong>locum</strong></span> <span class='ocrx_word' id='word_1_188' title='bbox 2977 1011 3066 1067; x_wconf 91' lang='lat' dir='ltr'><strong>ubi</strong></span> <span class='ocrx_word' id='word_1_189' title='bbox 3088 1019 3205 1068; x_wconf 89' lang='lat' dir='ltr'><strong>erat</strong></span> <span class='ocrx_word' id='word_1_190' title='bbox 3221 1010 3388 1068; x_wconf 86' lang='lat' dir='ltr'><strong>Otba-</strong></span> 
     </span>
    </p>
   </div>
   <div class='ocr_carea' id='block_1_25' title="bbox 1807 1102 3389 1173">
    <p class='ocr_par' dir='ltr' id='par_1_25' title="bbox 1807 1102 3389 1173">
     <span class='ocr_line' id='line_1_25' title="bbox 1807 1102 3389 1173; baseline 0.005 -18"><span class='ocrx_word' id='word_1_191' title='bbox 1807 1102 1946 1165; x_wconf 87' lang='lat' dir='ltr'><strong>rius,</strong></span> <span class='ocrx_word' id='word_1_192' title='bbox 1972 1111 2028 1156; x_wconf 94' lang='lat' dir='ltr'><strong>et</strong></span> <span class='ocrx_word' id='word_1_193' title='bbox 2051 1110 2170 1158; x_wconf 87' lang='lat' dir='ltr'><strong>erat</strong></span> <span class='ocrx_word' id='word_1_194' title='bbox 2195 1103 2348 1173; x_wconf 87' lang='lat' dir='ltr'><strong>quasi</strong></span> <span class='ocrx_word' id='word_1_195' title='bbox 2386 1119 2415 1157; x_wconf 91' lang='lat' dir='ltr'><strong>a</strong></span> <span class='ocrx_word' id='word_1_196' title='bbox 2461 1118 2601 1157; x_wconf 86' lang='lat' dir='ltr'><strong>novo</strong></span> <span class='ocrx_word' id='word_1_197' title='bbox 2635 1119 2791 1159; x_wconf 90' lang='lat' dir='ltr'><strong>rasus</strong></span> <span class='ocrx_word' id='word_1_198' title='bbox 2813 1113 2868 1159; x_wconf 92' lang='lat' dir='ltr'><strong>et</strong></span> <span class='ocrx_word' id='word_1_199' title='bbox 2894 1103 3195 1170; x_wconf 87' lang='lat' dir='ltr'><strong>balneatns,</strong></span> <span class='ocrx_word' id='word_1_200' title='bbox 3220 1107 3275 1161; x_wconf 86' lang='lat' dir='ltr'><strong>et</strong></span> <span class='ocrx_word' id='word_1_201' title='bbox 3300 1113 3389 1163; x_wconf 71' lang='lat' dir='ltr'><strong>sa-</strong></span> 
     </span>
    </p>
   </div>
   <div class='ocr_carea' id='block_1_26' title="bbox 1807 1195 3394 1268">
    <p class='ocr_par' dir='ltr' id='par_1_26' title="bbox 1807 1195 3394 1268">
     <span class='ocr_line' id='line_1_26' title="bbox 1807 1195 3394 1268; baseline 0.002 -17"><span class='ocrx_word' id='word_1_202' title='bbox 1807 1213 1913 1252; x_wconf 91' lang='lat' dir='ltr'><strong>nus</strong></span> <span class='ocrx_word' id='word_1_203' title='bbox 1949 1211 2198 1268; x_wconf 89' lang='lat' dir='ltr'><strong>corpore,</strong></span> <span class='ocrx_word' id='word_1_204' title='bbox 2239 1205 2294 1252; x_wconf 93' lang='lat' dir='ltr'><strong>et</strong></span> <span class='ocrx_word' id='word_1_205' title='bbox 2320 1195 2459 1252; x_wconf 84' lang='lat' dir='ltr'><strong>albis</strong></span> <span class='ocrx_word' id='word_1_206' title='bbox 2499 1197 2737 1253; x_wconf 84' lang='lat' dir='ltr'><strong>vestibus</strong></span> <span class='ocrx_word' id='word_1_207' title='bbox 2776 1197 3014 1262; x_wconf 87' lang='lat' dir='ltr'><strong>indutus,</strong></span> <span class='ocrx_word' id='word_1_208' title='bbox 3048 1206 3103 1251; x_wconf 89' lang='lat' dir='ltr'><strong>et</strong></span> <span class='ocrx_word' id='word_1_209' title='bbox 3145 1196 3233 1253; x_wconf 91' lang='lat' dir='ltr'><strong>ille</strong></span> <span class='ocrx_word' id='word_1_210' title='bbox 3260 1209 3394 1261; x_wconf 71' lang='lat' dir='ltr'><strong>suus</strong></span> 
     </span>
    </p>
   </div>
   <div class='ocr_carea' id='block_1_27' title="bbox 1813 1286 3394 1358">
    <p class='ocr_par' dir='ltr' id='par_1_27' title="bbox 1813 1286 3394 1358">
     <span class='ocr_line' id='line_1_27' title="bbox 1813 1286 3394 1358; baseline 0 -11"><span class='ocrx_word' id='word_1_211' title='bbox 1813 1296 1998 1347; x_wconf 90' lang='lat' dir='ltr'><strong>custos</strong></span> <span class='ocrx_word' id='word_1_212' title='bbox 2030 1289 2197 1345; x_wconf 86' lang='lat' dir='ltr'><strong>durus</strong></span> <span class='ocrx_word' id='word_1_213' title='bbox 2242 1288 2314 1345; x_wconf 86' lang='lat' dir='ltr'><strong>ibi</strong></span> <span class='ocrx_word' id='word_1_214' title='bbox 2355 1304 2462 1346; x_wconf 91' lang='lat' dir='ltr'><strong>non</strong></span> <span class='ocrx_word' id='word_1_215' title='bbox 2511 1297 2649 1345; x_wconf 90' lang='lat' dir='ltr'><strong>erat.</strong></span> <span class='ocrx_word' id='word_1_216' title='bbox 2695 1288 2795 1358; x_wconf 87' lang='lat' dir='ltr'><strong>Qui</strong></span> <span class='ocrx_word' id='word_1_217' title='bbox 2845 1289 2982 1345; x_wconf 80' lang='lat' dir='ltr'><strong>dixit</strong></span> <span class='ocrx_word' id='word_1_218' title='bbox 3019 1288 3154 1345; x_wconf 84' lang='lat' dir='ltr'><strong>mihi</strong></span> <span class='ocrx_word' id='word_1_219' title='bbox 3181 1307 3195 1342; x_wconf 89' lang='lat'><strong>:</strong></span> <span class='ocrx_word' id='word_1_220' title='bbox 3226 1286 3394 1347; x_wconf 76' lang='lat' dir='ltr'><strong>Vides</strong></span> 
     </span>
    </p>
   </div>
   <div class='ocr_carea' id='block_1_28' title="bbox 1810 1378 3394 1453">
    <p class='ocr_par' dir='ltr' id='par_1_28' title="bbox 1810 1378 3394 1453">
     <span class='ocr_line' id='line_1_28' title="bbox 1810 1378 3394 1453; baseline -0.003 -17"><span class='ocrx_word' id='word_1_221' title='bbox 1810 1389 2075 1453; x_wconf 90' lang='lat' dir='ltr'><strong>quantum</strong></span> <span class='ocrx_word' id='word_1_222' title='bbox 2103 1396 2190 1437; x_wconf 92' lang='lat' dir='ltr'><strong>me</strong></span> <span class='ocrx_word' id='word_1_223' title='bbox 2211 1380 2484 1452; x_wconf 86' lang='lat' dir='ltr'><strong>adjuvavit</strong></span> <span class='ocrx_word' id='word_1_224' title='bbox 2512 1390 2636 1437; x_wconf 90' lang='lat' dir='ltr'><strong>tuus</strong></span> <span class='ocrx_word' id='word_1_225' title='bbox 2658 1380 3002 1439; x_wconf 86' lang='lat' dir='ltr'><strong>missaticus?</strong></span> <span class='ocrx_word' id='word_1_226' title='bbox 3030 1379 3100 1436; x_wconf 86' lang='lat' dir='ltr'><strong>Et</strong></span> <span class='ocrx_word' id='word_1_227' title='bbox 3126 1378 3218 1434; x_wconf 91' lang='lat' dir='ltr'><strong>ille</strong></span> <span class='ocrx_word' id='word_1_228' title='bbox 3240 1392 3394 1445; x_wconf 68' lang='lat' dir='ltr'><strong>mens</strong></span> 
     </span>
    </p>
   </div>
   <div class='ocr_carea' id='block_1_29' title="bbox 1805 1462 3395 1546">
    <p class='ocr_par' dir='ltr' id='par_1_29' title="bbox 1805 1462 3395 1546">
     <span class='ocr_line' id='line_1_29' title="bbox 1805 1462 3395 1546; baseline -0.003 -16"><span class='ocrx_word' id='word_1_229' title='bbox 1805 1462 1990 1531; x_wconf 88' lang='lat' dir='ltr'><strong>custos</strong></span> <span class='ocrx_word' id='word_1_230' title='bbox 2010 1474 2124 1546; x_wconf 86' lang='lat' dir='ltr'><strong>jam</strong></span> <span class='ocrx_word' id='word_1_231' title='bbox 2148 1473 2214 1529; x_wconf 90' lang='lat' dir='ltr'><strong>de</strong></span> <span class='ocrx_word' id='word_1_232' title='bbox 2241 1488 2328 1529; x_wconf 91' lang='lat' dir='ltr'><strong>me</strong></span> <span class='ocrx_word' id='word_1_233' title='bbox 2353 1480 2676 1545; x_wconf 88' lang='lat' dir='ltr'><strong>potestatem</strong></span> <span class='ocrx_word' id='word_1_234' title='bbox 2713 1488 2819 1531; x_wconf 87' lang='lat' dir='ltr'><strong>non</strong></span> <span class='ocrx_word' id='word_1_235' title='bbox 2850 1470 3031 1527; x_wconf 83' lang='lat' dir='ltr'><strong>habet.</strong></span> <span class='ocrx_word' id='word_1_236' title='bbox 3057 1469 3126 1525; x_wconf 87' lang='lat' dir='ltr'><strong>Et</strong></span> <span class='ocrx_word' id='word_1_237' title='bbox 3162 1476 3284 1525; x_wconf 89' lang='lat' dir='ltr'><strong>erat</strong></span> <span class='ocrx_word' id='word_1_238' title='bbox 3318 1464 3395 1525; x_wconf 82' lang='lat' dir='ltr'><strong>ibi</strong></span> 
     </span>
    </p>
   </div>
   <div class='ocr_carea' id='block_1_30' title="bbox 1806 1557 3386 1633">
    <p class='ocr_par' dir='ltr' id='par_1_30' title="bbox 1806 1557 3386 1633">
     <span class='ocr_line' id='line_1_30' title="bbox 1806 1557 3386 1633; baseline -0.002 -14"><span class='ocrx_word' id='word_1_239' title='bbox 1806 1581 1950 1620; x_wconf 90' lang='lat' dir='ltr'><strong>unus</strong></span> <span class='ocrx_word' id='word_1_240' title='bbox 1986 1565 2148 1620; x_wconf 90' lang='lat' dir='ltr'><strong>homo</strong></span> <span class='ocrx_word' id='word_1_241' title='bbox 2177 1564 2333 1620; x_wconf 82' lang='lat' dir='ltr'><strong>valde</strong></span> <span class='ocrx_word' id='word_1_242' title='bbox 2361 1564 2645 1629; x_wconf 89' lang='lat' dir='ltr'><strong>honestus,</strong></span> <span class='ocrx_word' id='word_1_243' title='bbox 2675 1562 2767 1633; x_wconf 85' lang='lat' dir='ltr'><strong>qui</strong></span> <span class='ocrx_word' id='word_1_244' title='bbox 2796 1562 2933 1619; x_wconf 87' lang='lat' dir='ltr'><strong>dixit</strong></span> <span class='ocrx_word' id='word_1_245' title='bbox 2967 1560 3096 1615; x_wconf 92' lang='lat' dir='ltr'><strong>mihi</strong></span> <span class='ocrx_word' id='word_1_246' title='bbox 3131 1577 3145 1614; x_wconf 92' lang='lat'><strong>:</strong></span> <span class='ocrx_word' id='word_1_247' title='bbox 3173 1558 3252 1614; x_wconf 90' lang='grc' dir='ltr'>Τιι</span> <span class='ocrx_word' id='word_1_248' title='bbox 3280 1557 3386 1616; x_wconf 82' lang='lat' dir='ltr'><strong>ibis</strong></span> 
     </span>
    </p>
   </div>
   <div class='ocr_carea' id='block_1_31' title="bbox 1806 1654 3395 1730">
    <p class='ocr_par' dir='ltr' id='par_1_31' title="bbox 1806 1654 3395 1730">
     <span class='ocr_line' id='line_1_31' title="bbox 1806 1654 3395 1730; baseline -0.004 -13"><span class='ocrx_word' id='word_1_249' title='bbox 1806 1662 1873 1717; x_wconf 91' lang='lat' dir='ltr'><strong>de</strong></span> <span class='ocrx_word' id='word_1_250' title='bbox 1896 1662 2000 1716; x_wconf 90' lang='lat' dir='ltr'><strong>isto</strong></span> <span class='ocrx_word' id='word_1_251' title='bbox 2036 1660 2233 1717; x_wconf 59' lang='lat' dir='ltr'><strong>saeculo</strong></span> <span class='ocrx_word' id='word_1_252' title='bbox 2270 1660 2338 1714; x_wconf 90' lang='lat' dir='ltr'><strong>ad</strong></span> <span class='ocrx_word' id='word_1_253' title='bbox 2381 1662 2682 1730; x_wconf 85' lang='lat' dir='ltr'><strong>corpus,&#39;et</strong></span> <span class='ocrx_word' id='word_1_254' title='bbox 2714 1658 2871 1712; x_wconf 88' lang='lat' dir='ltr'><strong>stude</strong></span> <span class='ocrx_word' id='word_1_255' title='bbox 2897 1670 2995 1726; x_wconf 89' lang='lat' dir='ltr'><strong>per</strong></span> <span class='ocrx_word' id='word_1_256' title='bbox 3020 1654 3395 1724; x_wconf 81' lang='lat' dir='ltr'><strong>eleemosynas</strong></span> 
     </span>
    </p>
   </div>
   <div class='ocr_carea' id='block_1_32' title="bbox 1806 1740 3396 1824">
    <p class='ocr_par' dir='ltr' id='par_1_32' title="bbox 1806 1740 3396 1824">
     <span class='ocr_line' id='line_1_32' title="bbox 1806 1740 3396 1824; baseline -0.005 -15"><span class='ocrx_word' id='word_1_257' title='bbox 1806 1754 1987 1809; x_wconf 88' lang='lat' dir='ltr'><strong>etalia</strong></span> <span class='ocrx_word' id='word_1_258' title='bbox 2015 1753 2156 1809; x_wconf 90' lang='lat' dir='ltr'><strong>bona</strong></span> <span class='ocrx_word' id='word_1_259' title='bbox 2185 1767 2374 1824; x_wconf 86' lang='lat' dir='ltr'><strong>opera,</strong></span> <span class='ocrx_word' id='word_1_260' title='bbox 2414 1761 2468 1806; x_wconf 90' lang='lat' dir='ltr'><strong>et</strong></span> <span class='ocrx_word' id='word_1_261' title='bbox 2494 1766 2592 1822; x_wconf 91' lang='lat' dir='ltr'><strong>per</strong></span> <span class='ocrx_word' id='word_1_262' title='bbox 2632 1749 2830 1804; x_wconf 87' lang='lat' dir='ltr'><strong>bonam</strong></span> <span class='ocrx_word' id='word_1_263' title='bbox 2859 1747 3052 1811; x_wconf 80' lang='lat' dir='ltr'><strong>vitam,</strong></span> <span class='ocrx_word' id='word_1_264' title='bbox 3083 1752 3144 1799; x_wconf 91' lang='lat' dir='ltr'><strong>ut</strong></span> <span class='ocrx_word' id='word_1_265' title='bbox 3178 1740 3396 1814; x_wconf 82' lang='lat' dir='ltr'><strong>quando</strong></span> 
     </span>
    </p>
   </div>
   <div class='ocr_carea' id='block_1_33' title="bbox 97 1821 3394 1918">
    <p class='ocr_par' dir='ltr' id='par_1_33' title="bbox 97 1821 3394 1918">
     <span class='ocr_line' id='line_1_33' title="bbox 97 1821 3394 1918; baseline -0.002 -22"><span class='ocrx_word' id='word_1_266' title='bbox 97 1842 366 1912; x_wconf 88' lang='lat' dir='ltr'><strong>vestibus,</strong></span> <span class='ocrx_word' id='word_1_267' title='bbox 398 1852 462 1899; x_wconf 89' lang='lat' dir='ltr'><strong>et</strong></span> <span class='ocrx_word' id='word_1_268' title='bbox 493 1826 627 1899; x_wconf 83' lang='lat' dir='ltr'><strong>dixit</strong></span> <span class='ocrx_word' id='word_1_269' title='bbox 658 1844 790 1899; x_wconf 89' lang='lat' dir='ltr'><strong>mihi</strong></span> <span class='ocrx_word' id='word_1_270' title='bbox 817 1859 831 1898; x_wconf 93' lang='lat'><strong>:</strong></span> <span class='ocrx_word' id='word_1_271' title='bbox 864 1844 1029 1901; x_wconf 81' lang='lat' dir='ltr'><strong>Vides</strong></span> <span class='ocrx_word' id='word_1_272' title='bbox 1057 1846 1327 1918; x_wconf 87' lang='lat' dir='ltr'><strong>quomodo</strong></span> <span class='ocrx_word' id='word_1_273' title='bbox 1363 1860 1449 1900; x_wconf 90' lang='lat' dir='ltr'><strong>me</strong></span> <span class='ocrx_word' id='word_1_274' title='bbox 1483 1821 1701 1914; x_wconf 81' lang='lat' dir='ltr'><strong>adjuva-</strong></span> <span class='ocrx_word' id='word_1_275' title='bbox 1732 1821 1778 1880; x_wconf 78' lang='grc' dir='ltr'><strong>Β</strong></span> <span class='ocrx_word' id='word_1_276' title='bbox 1811 1848 1918 1903; x_wconf 91' lang='lat' dir='ltr'><strong>huc</strong></span> <span class='ocrx_word' id='word_1_277' title='bbox 1961 1821 2261 1912; x_wconf 78' lang='lat' dir='ltr'><strong>reveneris,</strong></span> <span class='ocrx_word' id='word_1_278' title='bbox 2305 1821 2508 1902; x_wconf 89' lang='lat' dir='ltr'><strong>bonam</strong></span> <span class='ocrx_word' id='word_1_279' title='bbox 2539 1842 2876 1898; x_wconf 84' lang='lat' dir='ltr'><strong>mansionem</strong></span> <span class='ocrx_word' id='word_1_280' title='bbox 2906 1840 3130 1896; x_wconf 85' lang='lat' dir='ltr'><strong>habeas.</strong></span> <span class='ocrx_word' id='word_1_281' title='bbox 3160 1836 3229 1893; x_wconf 86' lang='lat' dir='ltr'><strong>Et</strong></span> <span class='ocrx_word' id='word_1_282' title='bbox 3257 1833 3394 1891; x_wconf 87' lang='lat' dir='ltr'><strong>dixit</strong></span> 
     </span>
    </p>
   </div>
   <div class='ocr_carea' id='block_1_34' title="bbox 94 1935 1702 2008">
    <p class='ocr_par' dir='ltr' id='par_1_34' title="bbox 94 1935 1702 2008">
     <span class='ocr_line' id='line_1_34' title="bbox 94 1935 1702 2008; baseline 0.001 -17"><span class='ocrx_word' id='word_1_283' title='bbox 94 1937 170 1991; x_wconf 91' lang='lat' dir='ltr'><strong>vit</strong></span> <span class='ocrx_word' id='word_1_284' title='bbox 198 1944 325 1991; x_wconf 91' lang='lat' dir='ltr'><strong>tuus</strong></span> <span class='ocrx_word' id='word_1_285' title='bbox 349 1935 714 1991; x_wconf 88' lang='lat' dir='ltr'><strong>missaticus?</strong></span> <span class='ocrx_word' id='word_1_286' title='bbox 743 1935 873 1992; x_wconf 89' lang='lat' dir='ltr'><strong>lude</strong></span> <span class='ocrx_word' id='word_1_287' title='bbox 915 1937 1039 1992; x_wconf 89' lang='lat' dir='ltr'><strong>veni</strong></span> <span class='ocrx_word' id='word_1_288' title='bbox 1070 1937 1138 1992; x_wconf 86' lang='lat' dir='ltr'><strong>ad</strong></span> <span class='ocrx_word' id='word_1_289' title='bbox 1169 1938 1463 2008; x_wconf 83' lang='lat' dir='ltr'><strong>quamdam</strong></span> <span class='ocrx_word' id='word_1_290' title='bbox 1493 1946 1702 2008; x_wconf 83' lang='lat' dir='ltr'><strong>petram</strong></span> 
     </span>
    </p>
   </div>
   <div class='ocr_carea' id='block_1_35' title="bbox 98 2025 1708 2096">
    <p class='ocr_par' dir='ltr' id='par_1_35' title="bbox 98 2025 1708 2096">
     <span class='ocr_line' id='line_1_35' title="bbox 98 2025 1708 2096; baseline 0.003 -17"><span class='ocrx_word' id='word_1_291' title='bbox 98 2026 361 2096; x_wconf 80' lang='lat' dir='ltr'><strong>grandem</strong></span> <span class='ocrx_word' id='word_1_292' title='bbox 392 2034 457 2081; x_wconf 85' lang='lat' dir='ltr'><strong>et</strong></span> <span class='ocrx_word' id='word_1_293' title='bbox 487 2025 674 2093; x_wconf 90' lang='lat' dir='ltr'><strong>altam,</strong></span> <span class='ocrx_word' id='word_1_294' title='bbox 706 2035 762 2081; x_wconf 89' lang='lat' dir='ltr'><strong>et</strong></span> <span class='ocrx_word' id='word_1_295' title='bbox 791 2026 972 2082; x_wconf 88' lang='lat' dir='ltr'><strong>inveni</strong></span> <span class='ocrx_word' id='word_1_296' title='bbox 1006 2028 1080 2082; x_wconf 89' lang='lat' dir='ltr'><strong>ibi</strong></span> <span class='ocrx_word' id='word_1_297' title='bbox 1112 2028 1392 2083; x_wconf 87' lang='lat' dir='ltr'><strong>hominem</strong></span> <span class='ocrx_word' id='word_1_298' title='bbox 1415 2045 1583 2083; x_wconf 89' lang='lat' dir='ltr'><strong>unum</strong></span> <span class='ocrx_word' id='word_1_299' title='bbox 1613 2029 1708 2084; x_wconf 91' lang='lat' dir='ltr'><strong>im-</strong></span> 
     </span>
    </p>
   </div>
   <div class='ocr_carea' id='block_1_36' title="bbox 97 2121 1706 2193">
    <p class='ocr_par' dir='ltr' id='par_1_36' title="bbox 97 2121 1706 2193">
     <span class='ocr_line' id='line_1_36' title="bbox 97 2121 1706 2193; baseline 0.001 -16"><span class='ocrx_word' id='word_1_300' title='bbox 97 2122 408 2191; x_wconf 74' lang='lat' dir='ltr'><strong>plentatum</strong></span> <span class='ocrx_word' id='word_1_301' title='bbox 435 2121 519 2176; x_wconf 86' lang='lat' dir='ltr'><strong>&#39;in</strong></span> <span class='ocrx_word' id='word_1_302' title='bbox 546 2123 739 2178; x_wconf 88' lang='lat' dir='ltr'><strong>eadem</strong></span> <span class='ocrx_word' id='word_1_303' title='bbox 776 2131 936 2193; x_wconf 84' lang='lat' dir='ltr'><strong>petra</strong></span> <span class='ocrx_word' id='word_1_304' title='bbox 985 2138 1160 2193; x_wconf 83' lang='lat' dir='ltr'><strong>usque</strong></span> <span class='ocrx_word' id='word_1_305' title='bbox 1202 2124 1270 2178; x_wconf 89' lang='lat' dir='ltr'><strong>ad</strong></span> <span class='ocrx_word' id='word_1_306' title='bbox 1320 2124 1565 2179; x_wconf 89' lang='lat' dir='ltr'><strong>ascellas.</strong></span> <span class='ocrx_word' id='word_1_307' title='bbox 1602 2124 1706 2191; x_wconf 85' lang='lat' dir='ltr'><strong>Qui</strong></span> 
     </span>
    </p>
   </div>
   <div class='ocr_carea' id='block_1_37' title="bbox 98 2213 1708 2286">
    <p class='ocr_par' dir='ltr' id='par_1_37' title="bbox 98 2213 1708 2286">
     <span class='ocr_line' id='line_1_37' title="bbox 98 2213 1708 2286; baseline 0.002 -19"><span class='ocrx_word' id='word_1_308' title='bbox 98 2228 298 2271; x_wconf 81' lang='lat' dir='ltr'><strong>vocans</strong></span> <span class='ocrx_word' id='word_1_309' title='bbox 329 2229 434 2269; x_wconf 85' lang='lat' dir='ltr'><strong>me</strong></span> <span class='ocrx_word' id='word_1_310' title='bbox 478 2214 653 2268; x_wconf 80' lang='lat' dir='ltr'><strong>dixit:</strong></span> <span class='ocrx_word' id='word_1_311' title='bbox 693 2213 805 2286; x_wconf 84' lang='lat' dir='ltr'><strong>Ego</strong></span> <span class='ocrx_word' id='word_1_312' title='bbox 842 2230 960 2270; x_wconf 90' lang='lat' dir='ltr'><strong>sum</strong></span> <span class='ocrx_word' id='word_1_313' title='bbox 1008 2213 1163 2271; x_wconf 76' lang='lat' dir='ltr'><strong>Iesse</strong></span> <span class='ocrx_word' id='word_1_314' title='bbox 1196 2216 1374 2271; x_wconf 89' lang='lat' dir='ltr'><strong>:vade</strong></span> <span class='ocrx_word' id='word_1_315' title='bbox 1405 2217 1471 2271; x_wconf 90' lang='lat' dir='ltr'><strong>ad</strong></span> <span class='ocrx_word' id='word_1_316' title='bbox 1500 2217 1708 2272; x_wconf 89' lang='lat' dir='ltr'><strong>amicos</strong></span> 
     </span>
    </p>
   </div>
   <div class='ocr_carea' id='block_1_38' title="bbox 101 2304 1705 2377">
    <p class='ocr_par' dir='ltr' id='par_1_38' title="bbox 101 2304 1705 2377">
     <span class='ocr_line' id='line_1_38' title="bbox 101 2304 1705 2377; baseline 0.002 -19"><span class='ocrx_word' id='word_1_317' title='bbox 101 2319 271 2371; x_wconf 88' lang='lat' dir='ltr'><strong>meos,</strong></span> <span class='ocrx_word' id='word_1_318' title='bbox 297 2313 358 2360; x_wconf 90' lang='lat' dir='ltr'><strong>et</strong></span> <span class='ocrx_word' id='word_1_319' title='bbox 396 2304 493 2360; x_wconf 85' lang='lat' dir='ltr'><strong>dic</strong></span> <span class='ocrx_word' id='word_1_320' title='bbox 535 2304 643 2360; x_wconf 90' lang='lat' dir='ltr'><strong>illis</strong></span> <span class='ocrx_word' id='word_1_321' title='bbox 684 2313 745 2359; x_wconf 92' lang='lat' dir='ltr'><strong>ut</strong></span> <span class='ocrx_word' id='word_1_322' title='bbox 786 2322 876 2360; x_wconf 91' lang='lat' dir='ltr'><strong>me</strong></span> <span class='ocrx_word' id='word_1_323' title='bbox 903 2304 1183 2375; x_wconf 87' lang='lat' dir='ltr'><strong>adjuvcut,</strong></span> <span class='ocrx_word' id='word_1_324' title='bbox 1215 2314 1483 2377; x_wconf 87' lang='lat' dir='ltr'><strong>quatenus</strong></span> <span class='ocrx_word' id='word_1_325' title='bbox 1510 2307 1576 2361; x_wconf 89' lang='lat' dir='ltr'><strong>de</strong></span> <span class='ocrx_word' id='word_1_326' title='bbox 1604 2308 1705 2364; x_wconf 84' lang='lat' dir='ltr'><strong>ista</strong></span> 
     </span>
    </p>
   </div>
   <div class='ocr_carea' id='block_1_39' title="bbox 101 2393 1707 2466">
    <p class='ocr_par' dir='ltr' id='par_1_39' title="bbox 101 2393 1707 2466">
     <span class='ocr_line' id='line_1_39' title="bbox 101 2393 1707 2466; baseline 0.002 -17"><span class='ocrx_word' id='word_1_327' title='bbox 101 2402 253 2463; x_wconf 85' lang='lat' dir='ltr'><strong>petra</strong></span> <span class='ocrx_word' id='word_1_328' title='bbox 289 2394 403 2450; x_wconf 88' lang='lat' dir='ltr'><strong>sim</strong></span> <span class='ocrx_word' id='word_1_329' title='bbox 433 2393 713 2448; x_wconf 89' lang='lat' dir='ltr'><strong>liberatus.</strong></span> <span class='ocrx_word' id='word_1_330' title='bbox 751 2393 818 2449; x_wconf 83' lang='lat' dir='ltr'><strong>Et</strong></span> <span class='ocrx_word' id='word_1_331' title='bbox 844 2409 943 2466; x_wconf 83' lang='lat' dir='ltr'><strong>ego</strong></span> <span class='ocrx_word' id='word_1_332' title='bbox 978 2395 1233 2466; x_wconf 88' lang='lat' dir='ltr'><strong>respondi</strong></span> <span class='ocrx_word' id='word_1_333' title='bbox 1264 2410 1351 2450; x_wconf 91' lang='lat' dir='ltr'><strong>me</strong></span> <span class='ocrx_word' id='word_1_334' title='bbox 1376 2397 1586 2451; x_wconf 88' lang='lat' dir='ltr'><strong>nescire</strong></span> <span class='ocrx_word' id='word_1_335' title='bbox 1618 2397 1707 2452; x_wconf 91' lang='lat' dir='ltr'><strong>ubi</strong></span> 
     </span>
    </p>
   </div>
   <div class='ocr_carea' id='block_1_40' title="bbox 105 2487 1710 2561">
    <p class='ocr_par' dir='ltr' id='par_1_40' title="bbox 105 2487 1710 2561">
     <span class='ocr_line' id='line_1_40' title="bbox 105 2487 1710 2561; baseline 0 -17"><span class='ocrx_word' id='word_1_336' title='bbox 105 2487 175 2544; x_wconf 89' lang='lat' dir='ltr'><strong>illi</strong></span> <span class='ocrx_word' id='word_1_337' title='bbox 200 2490 463 2546; x_wconf 87' lang='lat' dir='ltr'><strong>homines</strong></span> <span class='ocrx_word' id='word_1_338' title='bbox 499 2498 702 2547; x_wconf 87' lang='lat' dir='ltr'><strong>essent.</strong></span> <span class='ocrx_word' id='word_1_339' title='bbox 729 2490 793 2545; x_wconf 86' lang='lat' dir='ltr'><strong>Et</strong></span> <span class='ocrx_word' id='word_1_340' title='bbox 812 2489 903 2546; x_wconf 92' lang='lat' dir='ltr'><strong>ille</strong></span> <span class='ocrx_word' id='word_1_341' title='bbox 930 2490 1096 2546; x_wconf 82' lang='lat' dir='ltr'><strong>dixit:</strong></span> <span class='ocrx_word' id='word_1_342' title='bbox 1124 2487 1259 2546; x_wconf 90' lang='lat' dir='ltr'><strong>Cum</strong></span> <span class='ocrx_word' id='word_1_343' title='bbox 1298 2490 1426 2546; x_wconf 90' lang='lat' dir='ltr'><strong>hinc</strong></span> <span class='ocrx_word' id='word_1_344' title='bbox 1458 2504 1710 2561; x_wconf 84' lang='lat' dir='ltr'><strong>perrexe-</strong></span> 
     </span>
    </p>
   </div>
   <div class='ocr_carea' id='block_1_41' title="bbox 108 2582 1709 2655">
    <p class='ocr_par' dir='ltr' id='par_1_41' title="bbox 108 2582 1709 2655">
     <span class='ocr_line' id='line_1_41' title="bbox 108 2582 1709 2655; baseline 0.003 -21"><span class='ocrx_word' id='word_1_345' title='bbox 108 2582 199 2649; x_wconf 88' lang='lat' dir='ltr'><strong>ris,</strong></span> <span class='ocrx_word' id='word_1_346' title='bbox 230 2583 486 2639; x_wconf 82' lang='lat' dir='ltr'><strong>invenies</strong></span> <span class='ocrx_word' id='word_1_347' title='bbox 510 2598 603 2641; x_wconf 81' lang='lat' dir='ltr'><strong>eos</strong></span> <span class='ocrx_word' id='word_1_348' title='bbox 644 2583 698 2639; x_wconf 88' lang='lat' dir='ltr'><strong>in</strong></span> <span class='ocrx_word' id='word_1_349' title='bbox 731 2584 837 2640; x_wconf 88' lang='lat' dir='ltr'><strong>via.</strong></span> <span class='ocrx_word' id='word_1_350' title='bbox 892 2584 959 2638; x_wconf 88' lang='lat' dir='ltr'><strong>Et</strong></span> <span class='ocrx_word' id='word_1_351' title='bbox 982 2583 1088 2639; x_wconf 92' lang='lat' dir='ltr'><strong>vidi</strong></span> <span class='ocrx_word' id='word_1_352' title='bbox 1120 2583 1282 2654; x_wconf 87' lang='lat' dir='ltr'><strong>juxta</strong></span> <span class='ocrx_word' id='word_1_353' title='bbox 1325 2583 1473 2639; x_wconf 88' lang='lat' dir='ltr'><strong>illam</strong></span> <span class='ocrx_word' id='word_1_354' title='bbox 1497 2591 1709 2655; x_wconf 85' lang='lat' dir='ltr'><strong>petram</strong></span> 
     </span>
    </p>
   </div>
   <div class='ocr_carea' id='block_1_42' title="bbox 110 2673 1708 2745">
    <p class='ocr_par' dir='ltr' id='par_1_42' title="bbox 110 2673 1708 2745">
     <span class='ocr_line' id='line_1_42' title="bbox 110 2673 1708 2745; baseline -0.001 -17"><span class='ocrx_word' id='word_1_355' title='bbox 110 2689 366 2745; x_wconf 86' lang='lat' dir='ltr'><strong>magnam</strong></span> <span class='ocrx_word' id='word_1_356' title='bbox 409 2684 465 2730; x_wconf 91' lang='lat' dir='ltr'><strong>et</strong></span> <span class='ocrx_word' id='word_1_357' title='bbox 517 2675 703 2742; x_wconf 86' lang='lat' dir='ltr'><strong>altam,</strong></span> <span class='ocrx_word' id='word_1_358' title='bbox 746 2673 1075 2744; x_wconf 81' lang='lat' dir='ltr'><strong>profundam</strong></span> <span class='ocrx_word' id='word_1_359' title='bbox 1123 2673 1351 2738; x_wconf 86' lang='lat' dir='ltr'><strong>vallem,</strong></span> <span class='ocrx_word' id='word_1_360' title='bbox 1385 2682 1439 2727; x_wconf 90' lang='lat' dir='ltr'><strong>et</strong></span> <span class='ocrx_word' id='word_1_361' title='bbox 1487 2682 1708 2743; x_wconf 81' lang='lat' dir='ltr'><strong>puteum</strong></span> 
     </span>
    </p>
   </div>
   <div class='ocr_carea' id='block_1_43' title="bbox 112 2765 1713 2835">
    <p class='ocr_par' dir='ltr' id='par_1_43' title="bbox 112 2765 1713 2835">
     <span class='ocr_line' id='line_1_43' title="bbox 112 2765 1713 2835; baseline 0.001 -18"><span class='ocrx_word' id='word_1_362' title='bbox 112 2768 481 2830; x_wconf 79' lang='lat' dir='ltr'><strong>teterrimum,</strong></span> <span class='ocrx_word' id='word_1_363' title='bbox 507 2776 561 2821; x_wconf 90' lang='lat' dir='ltr'><strong>et</strong></span> <span class='ocrx_word' id='word_1_364' title='bbox 584 2781 779 2835; x_wconf 89' lang='lat' dir='ltr'><strong>aquam</strong></span> <span class='ocrx_word' id='word_1_365' title='bbox 809 2766 1019 2835; x_wconf 79' lang='lat' dir='ltr'><strong>nigram</strong></span> <span class='ocrx_word' id='word_1_366' title='bbox 1046 2766 1198 2834; x_wconf 86' lang='lat' dir='ltr'><strong>quasi</strong></span> <span class='ocrx_word' id='word_1_367' title='bbox 1232 2765 1325 2835; x_wconf 81' lang='lat' dir='ltr'><strong>pix</strong></span> <span class='ocrx_word' id='word_1_368' title='bbox 1355 2775 1517 2831; x_wconf 87' lang='lat' dir='ltr'><strong>esset,</strong></span> <span class='ocrx_word' id='word_1_369' title='bbox 1546 2773 1603 2819; x_wconf 84' lang='lat' dir='ltr'><strong>et</strong></span> <span class='ocrx_word' id='word_1_370' title='bbox 1628 2765 1713 2819; x_wconf 76' lang='lat' dir='ltr'><strong>in-</strong></span> 
     </span>
    </p>
   </div>
   <div class='ocr_carea' id='block_1_44' title="bbox 112 2853 1710 2929">
    <p class='ocr_par' dir='ltr' id='par_1_44' title="bbox 112 2853 1710 2929">
     <span class='ocr_line' id='line_1_44' title="bbox 112 2853 1710 2929; baseline 0.001 -19"><span class='ocrx_word' id='word_1_371' title='bbox 112 2857 390 2929; x_wconf 85' lang='lat' dir='ltr'><strong>terrogavi</strong></span> <span class='ocrx_word' id='word_1_372' title='bbox 441 2855 590 2910; x_wconf 87' lang='lat' dir='ltr'><strong>illum</strong></span> <span class='ocrx_word' id='word_1_373' title='bbox 626 2856 900 2910; x_wconf 87' lang='lat' dir='ltr'><strong>hominem</strong></span> <span class='ocrx_word' id='word_1_374' title='bbox 943 2855 1034 2925; x_wconf 89' lang='lat' dir='ltr'><strong>qui</strong></span> <span class='ocrx_word' id='word_1_375' title='bbox 1075 2869 1136 2910; x_wconf 89' lang='lat' dir='ltr'><strong>se</strong></span> <span class='ocrx_word' id='word_1_376' title='bbox 1179 2853 1335 2912; x_wconf 86' lang='lat' dir='ltr'><strong>Jesse</strong></span> <span class='ocrx_word' id='word_1_377' title='bbox 1384 2856 1710 2922; x_wconf 86' lang='lat' dir='ltr'><strong>nominavit,</strong></span> 
     </span>
    </p>
   </div>
   <div class='ocr_carea' id='block_1_45' title="bbox 111 2945 1715 3018">
    <p class='ocr_par' dir='ltr' id='par_1_45' title="bbox 111 2945 1715 3018">
     <span class='ocr_line' id='line_1_45' title="bbox 111 2945 1715 3018; baseline 0.004 -20"><span class='ocrx_word' id='word_1_378' title='bbox 111 2946 237 3016; x_wconf 88' lang='lat' dir='ltr'><strong>quid</strong></span> <span class='ocrx_word' id='word_1_379' title='bbox 268 2955 423 3002; x_wconf 78' lang='lat' dir='ltr'><strong>esset</strong></span> <span class='ocrx_word' id='word_1_380' title='bbox 462 2945 551 3000; x_wconf 91' lang='lat' dir='ltr'><strong>ille</strong></span> <span class='ocrx_word' id='word_1_381' title='bbox 580 2954 799 3016; x_wconf 89' lang='lat' dir='ltr'><strong>puteus.</strong></span> <span class='ocrx_word' id='word_1_382' title='bbox 833 2945 935 3013; x_wconf 91' lang='lat' dir='ltr'><strong>Qui</strong></span> <span class='ocrx_word' id='word_1_383' title='bbox 977 2947 1291 3018; x_wconf 86' lang='lat' dir='ltr'><strong>respondit:</strong></span> <span class='ocrx_word' id='word_1_384' title='bbox 1328 2947 1595 3018; x_wconf 84' lang='lat' dir='ltr'><strong>Exspecta</strong></span> <span class='ocrx_word' id='word_1_385' title='bbox 1625 2947 1715 3004; x_wconf 92' lang='lat' dir='ltr'><strong>hic</strong></span> 
     </span>
    </p>
   </div>
   <div class='ocr_carea' id='block_1_46' title="bbox 111 3038 1715 3110">
    <p class='ocr_par' dir='ltr' id='par_1_46' title="bbox 111 3038 1715 3110">
     <span class='ocr_line' id='line_1_46' title="bbox 111 3038 1715 3110; baseline 0.002 -16"><span class='ocrx_word' id='word_1_386' title='bbox 111 3056 328 3110; x_wconf 80' lang='lat' dir='ltr'><strong>parum,</strong></span> <span class='ocrx_word' id='word_1_387' title='bbox 358 3046 419 3094; x_wconf 89' lang='lat' dir='ltr'><strong>et</strong></span> <span class='ocrx_word' id='word_1_388' title='bbox 446 3046 501 3093; x_wconf 92' lang='lat' dir='ltr'><strong>tn</strong></span> <span class='ocrx_word' id='word_1_389' title='bbox 531 3038 645 3109; x_wconf 90' lang='lat' dir='ltr'><strong>ipse</strong></span> <span class='ocrx_word' id='word_1_390' title='bbox 680 3038 892 3094; x_wconf 85' lang='lat' dir='ltr'><strong>videbis</strong></span> <span class='ocrx_word' id='word_1_391' title='bbox 927 3039 1058 3109; x_wconf 88' lang='lat' dir='ltr'><strong>quid</strong></span> <span class='ocrx_word' id='word_1_392' title='bbox 1091 3039 1183 3095; x_wconf 90' lang='lat' dir='ltr'><strong>sit.</strong></span> <span class='ocrx_word' id='word_1_393' title='bbox 1216 3039 1354 3095; x_wconf 84' lang='lat' dir='ltr'><strong>Nam</strong></span> <span class='ocrx_word' id='word_1_394' title='bbox 1386 3054 1470 3095; x_wconf 90' lang='lat' dir='ltr'><strong>me</strong></span> <span class='ocrx_word' id='word_1_395' title='bbox 1501 3038 1715 3097; x_wconf 82' lang='lat' dir='ltr'><strong>tantum</strong></span> 
     </span>
    </p>
   </div>
   <div class='ocr_carea' id='block_1_47' title="bbox 117 3129 1707 3204">
    <p class='ocr_par' dir='ltr' id='par_1_47' title="bbox 117 3129 1707 3204">
     <span class='ocr_line' id='line_1_47' title="bbox 117 3129 1707 3204; baseline 0.003 -20"><span class='ocrx_word' id='word_1_396' title='bbox 117 3147 221 3189; x_wconf 87' lang='lat' dir='ltr'><strong>non</strong></span> <span class='ocrx_word' id='word_1_397' title='bbox 250 3138 451 3202; x_wconf 90' lang='lat' dir='ltr'><strong>gravat</strong></span> <span class='ocrx_word' id='word_1_398' title='bbox 477 3129 579 3185; x_wconf 88' lang='lat' dir='ltr'><strong>ista</strong></span> <span class='ocrx_word' id='word_1_399' title='bbox 603 3144 760 3200; x_wconf 60' lang='lat' dir='ltr'><strong>paena</strong></span> <span class='ocrx_word' id='word_1_400' title='bbox 792 3145 931 3196; x_wconf 89' lang='lat' dir='ltr'><strong>mea,</strong></span> <span class='ocrx_word' id='word_1_401' title='bbox 962 3146 1122 3201; x_wconf 87' lang='lat' dir='ltr'><strong>quam</strong></span> <span class='ocrx_word' id='word_1_402' title='bbox 1149 3132 1412 3197; x_wconf 89' lang='lat' dir='ltr'><strong>sustineo,</strong></span> <span class='ocrx_word' id='word_1_403' title='bbox 1444 3143 1707 3204; x_wconf 86' lang='lat' dir='ltr'><strong>quantum</strong></span> 
     </span>
    </p>
   </div>
   <div class='ocr_carea' id='block_1_48' title="bbox 122 3220 1710 3291">
    <p class='ocr_par' dir='ltr' id='par_1_48' title="bbox 122 3220 1710 3291">
     <span class='ocr_line' id='line_1_48' title="bbox 122 3220 1710 3291; baseline 0.003 -17"><span class='ocrx_word' id='word_1_404' title='bbox 122 3221 289 3276; x_wconf 90' lang='lat' dir='ltr'><strong>timor</strong></span> <span class='ocrx_word' id='word_1_405' title='bbox 314 3221 383 3277; x_wconf 89' lang='lat' dir='ltr'><strong>de</strong></span> <span class='ocrx_word' id='word_1_406' title='bbox 413 3220 516 3276; x_wconf 92' lang='lat' dir='ltr'><strong>hoc</strong></span> <span class='ocrx_word' id='word_1_407' title='bbox 543 3221 688 3291; x_wconf 89' lang='lat' dir='ltr'><strong>quod</strong></span> <span class='ocrx_word' id='word_1_408' title='bbox 720 3220 951 3277; x_wconf 87' lang='lat' dir='ltr'><strong>videbis.</strong></span> <span class='ocrx_word' id='word_1_409' title='bbox 976 3221 1046 3276; x_wconf 90' lang='lat' dir='ltr'><strong>Et</strong></span> <span class='ocrx_word' id='word_1_410' title='bbox 1089 3220 1271 3277; x_wconf 92' lang='lat' dir='ltr'><strong>subito</strong></span> <span class='ocrx_word' id='word_1_411' title='bbox 1294 3220 1510 3279; x_wconf 86' lang='lat' dir='ltr'><strong>ﬂamma</strong></span> <span class='ocrx_word' id='word_1_412' title='bbox 1542 3232 1598 3279; x_wconf 92' lang='lat' dir='ltr'><strong>et</strong></span> <span class='ocrx_word' id='word_1_413' title='bbox 1624 3220 1710 3278; x_wconf 88' lang='lat' dir='ltr'><strong>fu-</strong></span> 
     </span>
    </p>
   </div>
   <div class='ocr_carea' id='block_1_49' title="bbox 120 3315 1708 3388">
    <p class='ocr_par' dir='ltr' id='par_1_49' title="bbox 120 3315 1708 3388">
     <span class='ocr_line' id='line_1_49' title="bbox 120 3315 1708 3388; baseline 0.001 -19"><span class='ocrx_word' id='word_1_414' title='bbox 120 3330 239 3370; x_wconf 86' lang='lat' dir='ltr'><strong>mus</strong></span> <span class='ocrx_word' id='word_1_415' title='bbox 258 3315 537 3387; x_wconf 88' lang='lat' dir='ltr'><strong>processit</strong></span> <span class='ocrx_word' id='word_1_416' title='bbox 564 3315 632 3371; x_wconf 90' lang='lat' dir='ltr'><strong>de</strong></span> <span class='ocrx_word' id='word_1_417' title='bbox 658 3315 778 3386; x_wconf 89' lang='lat' dir='ltr'><strong>ipso</strong></span> <span class='ocrx_word' id='word_1_418' title='bbox 800 3324 965 3385; x_wconf 93' lang='lat' dir='ltr'><strong>puteo</strong></span> <span class='ocrx_word' id='word_1_419' title='bbox 990 3316 1146 3387; x_wconf 87' lang='lat' dir='ltr'><strong>quasi</strong></span> <span class='ocrx_word' id='word_1_420' title='bbox 1184 3332 1356 3388; x_wconf 90' lang='lat' dir='ltr'><strong>usque</strong></span> <span class='ocrx_word' id='word_1_421' title='bbox 1391 3318 1457 3372; x_wconf 91' lang='lat' dir='ltr'><strong>ad</strong></span> <span class='ocrx_word' id='word_1_422' title='bbox 1485 3316 1708 3373; x_wconf 67' lang='lat' dir='ltr'><strong>coelum.</strong></span> 
     </span>
    </p>
   </div>
   <div class='ocr_carea' id='block_1_50' title="bbox 123 3405 1712 3481">
    <p class='ocr_par' dir='ltr' id='par_1_50' title="bbox 123 3405 1712 3481">
     <span class='ocr_line' id='line_1_50' title="bbox 123 3405 1712 3481; baseline 0.002 -19"><span class='ocrx_word' id='word_1_423' title='bbox 123 3405 188 3462; x_wconf 82' lang='lat' dir='ltr'><strong>Et</strong></span> <span class='ocrx_word' id='word_1_424' title='bbox 234 3407 513 3465; x_wconf 87' lang='lat' dir='ltr'><strong>residente</strong></span> <span class='ocrx_word' id='word_1_425' title='bbox 551 3406 770 3473; x_wconf 80' lang='lat' dir='ltr'><strong>flamma</strong></span> <span class='ocrx_word' id='word_1_426' title='bbox 815 3409 869 3464; x_wconf 91' lang='lat' dir='ltr'><strong>in</strong></span> <span class='ocrx_word' id='word_1_427' title='bbox 921 3416 1147 3481; x_wconf 86' lang='lat' dir='ltr'><strong>puteum</strong></span> <span class='ocrx_word' id='word_1_428' title='bbox 1174 3450 1191 3477; x_wconf 90' lang='lat'><strong>,</strong></span> <span class='ocrx_word' id='word_1_429' title='bbox 1241 3419 1298 3467; x_wconf 91' lang='lat' dir='ltr'><strong>et</strong></span> <span class='ocrx_word' id='word_1_430' title='bbox 1348 3416 1712 3467; x_wconf 84' lang='lat' dir='ltr'><strong>evanescente</strong></span> 
     </span>
    </p>
   </div>
   <div class='ocr_carea' id='block_1_51' title="bbox 122 3497 1712 3573">
    <p class='ocr_par' dir='ltr' id='par_1_51' title="bbox 122 3497 1712 3573">
     <span class='ocr_line' id='line_1_51' title="bbox 122 3497 1712 3573; baseline 0.009 -24"><span class='ocrx_word' id='word_1_431' title='bbox 122 3497 289 3565; x_wconf 81' lang='lat' dir='ltr'><strong>fumo,</strong></span> <span class='ocrx_word' id='word_1_432' title='bbox 344 3506 503 3554; x_wconf 86' lang='lat' dir='ltr'><strong>erant</strong></span> <span class='ocrx_word' id='word_1_433' title='bbox 543 3508 777 3569; x_wconf 78' lang='lat' dir='ltr'><strong>quatuor</strong></span> <span class='ocrx_word' id='word_1_434' title='bbox 819 3500 1125 3570; x_wconf 75' lang='lat' dir='ltr'><strong>daemones,</strong></span> <span class='ocrx_word' id='word_1_435' title='bbox 1170 3502 1263 3573; x_wconf 90' lang='lat' dir='ltr'><strong>qui</strong></span> <span class='ocrx_word' id='word_1_436' title='bbox 1300 3502 1712 3565; x_wconf 72' lang='lat' dir='ltr'><strong>multitudinem</strong></span> 
     </span>
    </p>
   </div>
   <div class='ocr_carea' id='block_1_52' title="bbox 122 3587 1711 3666">
    <p class='ocr_par' dir='ltr' id='par_1_52' title="bbox 122 3587 1711 3666">
     <span class='ocr_line' id='line_1_52' title="bbox 122 3587 1711 3666; baseline 0.001 -17"><span class='ocrx_word' id='word_1_437' title='bbox 122 3587 452 3655; x_wconf 71' lang='lat' dir='ltr'><strong>animarum,</strong></span> <span class='ocrx_word' id='word_1_438' title='bbox 492 3603 591 3660; x_wconf 86' lang='lat' dir='ltr'><strong>per</strong></span> <span class='ocrx_word' id='word_1_439' title='bbox 636 3599 872 3660; x_wconf 86' lang='lat' dir='ltr'><strong>quatuor</strong></span> <span class='ocrx_word' id='word_1_440' title='bbox 916 3600 1102 3662; x_wconf 89' lang='lat' dir='ltr'><strong>partes</strong></span> <span class='ocrx_word' id='word_1_441' title='bbox 1151 3592 1374 3659; x_wconf 88' lang='lat' dir='ltr'><strong>divisas,</strong></span> <span class='ocrx_word' id='word_1_442' title='bbox 1410 3608 1508 3664; x_wconf 88' lang='lat' dir='ltr'><strong>per</strong></span> <span class='ocrx_word' id='word_1_443' title='bbox 1535 3594 1711 3666; x_wconf 88' lang='lat' dir='ltr'><strong>ipsum</strong></span> 
     </span>
    </p>
   </div>
   <div class='ocr_carea' id='block_1_53' title="bbox 121 3681 1715 3756">
    <p class='ocr_par' dir='ltr' id='par_1_53' title="bbox 121 3681 1715 3756">
     <span class='ocr_line' id='line_1_53' title="bbox 121 3681 1715 3756; baseline 0.006 -20"><span class='ocrx_word' id='word_1_444' title='bbox 121 3689 337 3749; x_wconf 84' lang='lat' dir='ltr'><strong>puteum</strong></span> <span class='ocrx_word' id='word_1_445' title='bbox 375 3681 657 3736; x_wconf 86' lang='lat' dir='ltr'><strong>minabaut</strong></span> <span class='ocrx_word' id='word_1_446' title='bbox 682 3698 853 3752; x_wconf 85' lang='lat' dir='ltr'><strong>usque</strong></span> <span class='ocrx_word' id='word_1_447' title='bbox 881 3685 948 3739; x_wconf 85' lang='lat' dir='ltr'><strong>ad</strong></span> <span class='ocrx_word' id='word_1_448' title='bbox 977 3687 1271 3755; x_wconf 83' lang='lat' dir='ltr'><strong>quamdam</strong></span> <span class='ocrx_word' id='word_1_449' title='bbox 1305 3702 1503 3756; x_wconf 79' lang='lat' dir='ltr'><strong>aquam</strong></span> <span class='ocrx_word' id='word_1_450' title='bbox 1547 3688 1715 3745; x_wconf 81' lang='lat' dir='ltr'><strong>nimis</strong></span> 
     </span>
    </p>
   </div>
   <div class='ocr_carea' id='block_1_54' title="bbox 123 3770 1712 3844">
    <p class='ocr_par' dir='ltr' id='par_1_54' title="bbox 123 3770 1712 3844">
     <span class='ocr_line' id='line_1_54' title="bbox 123 3770 1712 3844; baseline 0.008 -20"><span class='ocrx_word' id='word_1_451' title='bbox 123 3770 550 3844; x_wconf 79' lang='lat' dir='ltr'><strong>frigidissimam.</strong></span> <span class='ocrx_word' id='word_1_452' title='bbox 577 3772 719 3831; x_wconf 76' lang='lat' dir='ltr'><strong>sicut</strong></span> <span class='ocrx_word' id='word_1_453' title='bbox 748 3773 1006 3831; x_wconf 87' lang='lat' dir='ltr'><strong>animalia</strong></span> <span class='ocrx_word' id='word_1_454' title='bbox 1051 3775 1249 3833; x_wconf 83' lang='lat' dir='ltr'><strong>minari</strong></span> <span class='ocrx_word' id='word_1_455' title='bbox 1280 3776 1456 3833; x_wconf 81' lang='lat' dir='ltr'><strong>solent</strong></span> <span class='ocrx_word' id='word_1_456' title='bbox 1496 3787 1556 3832; x_wconf 95' lang='lat' dir='ltr'><strong>nt</strong></span> <span class='ocrx_word' id='word_1_457' title='bbox 1576 3780 1712 3836; x_wconf 80' lang='lat' dir='ltr'><strong>ada-</strong></span> 
     </span>
    </p>
   </div>
   <div class='ocr_carea' id='block_1_55' title="bbox 125 3863 1717 3937">
    <p class='ocr_par' dir='ltr' id='par_1_55' title="bbox 125 3863 1717 3937">
     <span class='ocr_line' id='line_1_55' title="bbox 125 3863 1717 3937; baseline 0.003 -16"><span class='ocrx_word' id='word_1_458' title='bbox 125 3873 378 3933; x_wconf 79' lang='lat' dir='ltr'><strong>queatur.</strong></span> <span class='ocrx_word' id='word_1_459' title='bbox 415 3864 481 3919; x_wconf 87' lang='lat' dir='ltr'><strong>Et</strong></span> <span class='ocrx_word' id='word_1_460' title='bbox 508 3863 647 3921; x_wconf 77' lang='lat' dir='ltr'><strong>dixit</strong></span> <span class='ocrx_word' id='word_1_461' title='bbox 682 3863 806 3935; x_wconf 83' lang='lat' dir='ltr'><strong>ipse</strong></span> <span class='ocrx_word' id='word_1_462' title='bbox 845 3863 1039 3922; x_wconf 82' lang='lat' dir='ltr'><strong>Jesse:</strong></span> <span class='ocrx_word' id='word_1_463' title='bbox 1073 3865 1185 3922; x_wconf 84' lang='lat' dir='ltr'><strong>Hoc</strong></span> <span class='ocrx_word' id='word_1_464' title='bbox 1219 3868 1462 3937; x_wconf 87' lang='lat' dir='ltr'><strong>quotidie</strong></span> <span class='ocrx_word' id='word_1_465' title='bbox 1509 3869 1717 3926; x_wconf 89' lang='lat' dir='ltr'><strong>faciunt</strong></span> 
     </span>
    </p>
   </div>
   <div class='ocr_carea' id='block_1_56' title="bbox 127 3954 1714 4022">
    <p class='ocr_par' dir='ltr' id='par_1_56' title="bbox 127 3954 1714 4022">
     <span class='ocr_line' id='line_1_56' title="bbox 127 3954 1714 4022; baseline 0.006 -14"><span class='ocrx_word' id='word_1_466' title='bbox 127 3954 211 4021; x_wconf 86' lang='lat' dir='ltr'><strong>isti</strong></span> <span class='ocrx_word' id='word_1_467' title='bbox 230 3957 538 4022; x_wconf 64' lang='lat' dir='ltr'><strong>daemones,</strong></span> <span class='ocrx_word' id='word_1_468' title='bbox 565 3963 621 4012; x_wconf 89' lang='lat' dir='ltr'><strong>et</strong></span> <span class='ocrx_word' id='word_1_469' title='bbox 659 3955 932 4013; x_wconf 89' lang='lat' dir='ltr'><strong>sustinent</strong></span> <span class='ocrx_word' id='word_1_470' title='bbox 970 3956 1092 4013; x_wconf 77' lang='lat' dir='ltr'><strong>ista:</strong></span> <span class='ocrx_word' id='word_1_471' title='bbox 1137 3958 1352 4015; x_wconf 78' lang='lat' dir='ltr'><strong>misera:</strong></span> <span class='ocrx_word' id='word_1_472' title='bbox 1380 3959 1576 4015; x_wconf 77' lang='lat' dir='ltr'><strong>anima:</strong></span> <span class='ocrx_word' id='word_1_473' title='bbox 1608 3975 1714 4017; x_wconf 88' lang='lat' dir='ltr'><strong>una</strong></span> 
     </span>
    </p>
   </div>
   <div class='ocr_carea' id='block_1_57' title="bbox 128 4047 1711 4119">
    <p class='ocr_par' dir='ltr' id='par_1_57' title="bbox 128 4047 1711 4119">
     <span class='ocr_line' id='line_1_57' title="bbox 128 4047 1711 4119; baseline -0.001 -12"><span class='ocrx_word' id='word_1_474' title='bbox 128 4049 243 4111; x_wconf 74' lang='lat' dir='ltr'><strong>vice</strong></span> <span class='ocrx_word' id='word_1_475' title='bbox 268 4051 327 4107; x_wconf 87' lang='lat' dir='ltr'><strong>in</strong></span> <span class='ocrx_word' id='word_1_476' title='bbox 352 4050 593 4119; x_wconf 79' lang='lat' dir='ltr'><strong>die.prn</strong></span> <span class='ocrx_word' id='word_1_477' title='bbox 623 4047 820 4119; x_wconf 88' lang='lat' dir='ltr'><strong>quibus</strong></span> <span class='ocrx_word' id='word_1_478' title='bbox 858 4048 994 4104; x_wconf 86' lang='lat' dir='ltr'><strong>nulli</strong></span> <span class='ocrx_word' id='word_1_479' title='bbox 1035 4049 1342 4107; x_wconf 83' lang='lat' dir='ltr'><strong>amicorum</strong></span> <span class='ocrx_word' id='word_1_480' title='bbox 1380 4050 1593 4107; x_wconf 86' lang='lat' dir='ltr'><strong>illorum</strong></span> <span class='ocrx_word' id='word_1_481' title='bbox 1632 4052 1711 4105; x_wconf 83' lang='lat' dir='ltr'><strong>la-</strong></span> 
     </span>
    </p>
   </div>
   <div class='ocr_carea' id='block_1_58' title="bbox 130 4126 1716 4213">
    <p class='ocr_par' dir='ltr' id='par_1_58' title="bbox 130 4126 1716 4213">
     <span class='ocr_line' id='line_1_58' title="bbox 130 4126 1716 4213; baseline -0.001 -13"><span class='ocrx_word' id='word_1_482' title='bbox 130 4141 339 4200; x_wconf 81' lang='lat' dir='ltr'><strong>burant.</strong></span> <span class='ocrx_word' id='word_1_483' title='bbox 368 4141 507 4199; x_wconf 78' lang='lat' dir='ltr'><strong>Nam</strong></span> <span class='ocrx_word' id='word_1_484' title='bbox 548 4140 595 4198; x_wconf 89' lang='lat' dir='ltr'><strong>si</strong></span> <span class='ocrx_word' id='word_1_485' title='bbox 643 4139 810 4213; x_wconf 76' lang='lat' dir='ltr'><strong>aliqui</strong></span> <span class='ocrx_word' id='word_1_486' title='bbox 853 4138 1196 4197; x_wconf 78' lang='lat' dir='ltr'><strong>laborassem</strong></span> <span class='ocrx_word' id='word_1_487' title='bbox 1240 4126 1339 4212; x_wconf 75' lang='lat' dir='ltr'><strong>pro</strong></span> <span class='ocrx_word' id='word_1_488' title='bbox 1378 4141 1506 4207; x_wconf 90' lang='lat' dir='ltr'><strong>illis,</strong></span> <span class='ocrx_word' id='word_1_489' title='bbox 1553 4142 1716 4199; x_wconf 86' lang='lat' dir='ltr'><strong>istam</strong></span> 
     </span>
    </p>
   </div>
   <div class='ocr_carea' id='block_1_59' title="bbox 131 4237 1716 4308">
    <p class='ocr_par' dir='ltr' id='par_1_59' title="bbox 131 4237 1716 4308">
     <span class='ocr_line' id='line_1_59' title="bbox 131 4237 1716 4308; baseline -0.001 -14"><span class='ocrx_word' id='word_1_490' title='bbox 131 4250 345 4306; x_wconf 59' lang='lat' dir='ltr'><strong>pinnam</strong></span> <span class='ocrx_word' id='word_1_491' title='bbox 391 4254 502 4293; x_wconf 89' lang='lat' dir='ltr'><strong>non</strong></span> <span class='ocrx_word' id='word_1_492' title='bbox 548 4237 906 4297; x_wconf 74' lang='lat' dir='ltr'><strong>sustinerent.</strong></span> <span class='ocrx_word' id='word_1_493' title='bbox 956 4237 1087 4293; x_wconf 82' lang='lat' dir='ltr'><strong>Inde</strong></span> <span class='ocrx_word' id='word_1_494' title='bbox 1132 4237 1451 4308; x_wconf 84' lang='lat' dir='ltr'><strong>procedens,</strong></span> <span class='ocrx_word' id='word_1_495' title='bbox 1500 4238 1716 4295; x_wconf 84' lang='lat' dir='ltr'><strong>obviam</strong></span> 
     </span>
    </p>
   </div>
   <div class='ocr_carea' id='block_1_60' title="bbox 131 4327 1720 4401">
    <p class='ocr_par' dir='ltr' id='par_1_60' title="bbox 131 4327 1720 4401">
     <span class='ocr_line' id='line_1_60' title="bbox 131 4327 1720 4401; baseline 0.004 -20"><span class='ocrx_word' id='word_1_496' title='bbox 131 4328 289 4387; x_wconf 83' lang='lat' dir='ltr'><strong>habui</strong></span> <span class='ocrx_word' id='word_1_497' title='bbox 326 4330 584 4389; x_wconf 76' lang='lat' dir='ltr'><strong>homines</strong></span> <span class='ocrx_word' id='word_1_498' title='bbox 634 4329 1006 4401; x_wconf 70' lang='lat' dir='ltr'><strong>colloquentes</strong></span> <span class='ocrx_word' id='word_1_499' title='bbox 1048 4328 1116 4386; x_wconf 87' lang='lat' dir='ltr'><strong>de</strong></span> <span class='ocrx_word' id='word_1_500' title='bbox 1167 4328 1391 4400; x_wconf 65' lang='lat' dir='ltr'><strong>praefato</strong></span> <span class='ocrx_word' id='word_1_501' title='bbox 1440 4327 1615 4395; x_wconf 79' lang='lat' dir='ltr'><strong>lesse,</strong></span> <span class='ocrx_word' id='word_1_502' title='bbox 1662 4336 1720 4387; x_wconf 80' lang='lat' dir='ltr'><strong>et</strong></span> 
     </span>
    </p>
   </div>
   <div class='ocr_carea' id='block_1_61' title="bbox 135 4422 1718 4496">
    <p class='ocr_par' dir='ltr' id='par_1_61' title="bbox 135 4422 1718 4496">
     <span class='ocr_line' id='line_1_61' title="bbox 135 4422 1718 4496; baseline 0.001 -19"><span class='ocrx_word' id='word_1_503' title='bbox 135 4423 238 4479; x_wconf 80' lang='lat' dir='ltr'><strong>dixi</strong></span> <span class='ocrx_word' id='word_1_504' title='bbox 266 4424 376 4482; x_wconf 81' lang='lat' dir='ltr'><strong>illis</strong></span> <span class='ocrx_word' id='word_1_505' title='bbox 402 4440 530 4496; x_wconf 75' lang='lat' dir='ltr'><strong>qua:</strong></span> <span class='ocrx_word' id='word_1_506' title='bbox 554 4424 674 4495; x_wconf 67' lang='lat' dir='ltr'><strong>ipse</strong></span> <span class='ocrx_word' id='word_1_507' title='bbox 686 4422 841 4481; x_wconf 86' lang='lat' dir='ltr'><strong>Jesse</strong></span> <span class='ocrx_word' id='word_1_508' title='bbox 869 4423 951 4481; x_wconf 87' lang='lat' dir='ltr'><strong>eis</strong></span> <span class='ocrx_word' id='word_1_509' title='bbox 972 4422 1271 4479; x_wconf 82' lang='lat' dir='ltr'><strong>mandavit.</strong></span> <span class='ocrx_word' id='word_1_510' title='bbox 1319 4422 1449 4479; x_wconf 84' lang='lat' dir='ltr'><strong>Inde</strong></span> <span class='ocrx_word' id='word_1_511' title='bbox 1481 4422 1615 4481; x_wconf 78' lang='lat' dir='ltr'><strong>redii</strong></span> <span class='ocrx_word' id='word_1_512' title='bbox 1647 4422 1718 4479; x_wconf 89' lang='lat' dir='ltr'><strong>ad</strong></span> 
     </span>
    </p>
   </div>
   <div class='ocr_carea' id='block_1_62' title="bbox 134 4516 1798 4619">
    <p class='ocr_par' dir='ltr' id='par_1_62' title="bbox 134 4516 1798 4619">
     <span class='ocr_line' id='line_1_62' title="bbox 134 4516 1798 4619; baseline -0.001 -46"><span class='ocrx_word' id='word_1_513' title='bbox 134 4517 409 4619; x_wconf 65' lang='lat' dir='ltr'><strong>prnfatam</strong></span> <span class='ocrx_word' id='word_1_514' title='bbox 460 4527 704 4619; x_wconf 63' lang='lat' dir='ltr'><strong>petram,</strong></span> <span class='ocrx_word' id='word_1_515' title='bbox 726 4525 785 4575; x_wconf 89' lang='lat' dir='ltr'><strong>et</strong></span> <span class='ocrx_word' id='word_1_516' title='bbox 832 4517 1012 4619; x_wconf 76' lang='lat' dir='ltr'><strong>inveni</strong></span> <span class='ocrx_word' id='word_1_517' title='bbox 1042 4516 1530 4619; x_wconf 45' lang='lat' dir='ltr'><strong>ipsunpbomiuem</strong></span> <span class='ocrx_word' id='word_1_518' title='bbox 1561 4516 1718 4572; x_wconf 85' lang='lat' dir='ltr'><strong>indn-</strong></span> <span class='ocrx_word' id='word_1_519' title='bbox 1748 4559 1798 4619; x_wconf 66' lang='grc' dir='ltr'><strong>Β</strong></span> 
     </span>
    </p>
   </div>
   <div class='ocr_carea' id='block_1_63' title="bbox 138 4606 1709 4674">
    <p class='ocr_par' dir='ltr' id='par_1_63' title="bbox 138 4606 1709 4674">
     <span class='ocr_line' id='line_1_63' title="bbox 138 4606 1709 4674; baseline -0.001 -10"><span class='ocrx_word' id='word_1_520' title='bbox 138 4613 244 4664; x_wconf 72' lang='lat' dir='ltr'><strong>tum</strong></span> <span class='ocrx_word' id='word_1_521' title='bbox 268 4608 414 4667; x_wconf 74' lang='lat' dir='ltr'><strong>albis</strong></span> <span class='ocrx_word' id='word_1_522' title='bbox 462 4607 740 4674; x_wconf 72' lang='lat' dir='ltr'><strong>vestibus,</strong></span> <span class='ocrx_word' id='word_1_523' title='bbox 781 4616 837 4664; x_wconf 86' lang='lat' dir='ltr'><strong>et</strong></span> <span class='ocrx_word' id='word_1_524' title='bbox 880 4607 1162 4664; x_wconf 83' lang='lat' dir='ltr'><strong>sedentem</strong></span> <span class='ocrx_word' id='word_1_525' title='bbox 1210 4607 1268 4667; x_wconf 81' lang='lat' dir='ltr'><strong>in</strong></span> <span class='ocrx_word' id='word_1_526' title='bbox 1296 4607 1424 4665; x_wconf 85' lang='lat' dir='ltr'><strong>sede</strong></span> <span class='ocrx_word' id='word_1_527' title='bbox 1460 4606 1709 4665; x_wconf 83' lang='lat' dir='ltr'><strong>honesta.</strong></span> 
     </span>
    </p>
   </div>
   <div class='ocr_carea' id='block_1_64' title="bbox 136 4698 1713 4771">
    <p class='ocr_par' dir='ltr' id='par_1_64' title="bbox 136 4698 1713 4771">
     <span class='ocr_line' id='line_1_64' title="bbox 136 4698 1713 4771; baseline 0.001 -12"><span class='ocrx_word' id='word_1_528' title='bbox 136 4698 388 4766; x_wconf 59' lang='lat' dir='ltr'><strong>Qiimibi</strong></span> <span class='ocrx_word' id='word_1_529' title='bbox 422 4700 623 4756; x_wconf 80' lang='lat' dir='ltr'><strong>multas</strong></span> <span class='ocrx_word' id='word_1_530' title='bbox 662 4699 875 4771; x_wconf 82' lang='lat' dir='ltr'><strong>gratias</strong></span> <span class='ocrx_word' id='word_1_531' title='bbox 925 4698 1110 4755; x_wconf 86' lang='lat' dir='ltr'><strong>retulit</strong></span> <span class='ocrx_word' id='word_1_532' title='bbox 1140 4699 1209 4754; x_wconf 85' lang='lat' dir='ltr'><strong>de</strong></span> <span class='ocrx_word' id='word_1_533' title='bbox 1244 4699 1713 4770; x_wconf 68' lang='lat' dir='ltr'><strong>missatbzoquem</strong></span> 
     </span>
    </p>
   </div>
   <div class='ocr_carea' id='block_1_65' title="bbox 139 4790 1715 4862">
    <p class='ocr_par' dir='ltr' id='par_1_65' title="bbox 139 4790 1715 4862">
     <span class='ocr_line' id='line_1_65' title="bbox 139 4790 1715 4862; baseline 0.003 -19"><span class='ocrx_word' id='word_1_534' title='bbox 139 4790 465 4859; x_wconf 70' lang='lat' dir='ltr'><strong>iqitmxerat.</strong></span> <span class='ocrx_word' id='word_1_535' title='bbox 500 4794 630 4848; x_wconf 83' lang='lat' dir='ltr'><strong>inde</strong></span> <span class='ocrx_word' id='word_1_536' title='bbox 658 4793 783 4849; x_wconf 83' lang='lat' dir='ltr'><strong>veni</strong></span> <span class='ocrx_word' id='word_1_537' title='bbox 813 4792 881 4849; x_wconf 78' lang='lat' dir='ltr'><strong>ad</strong></span> <span class='ocrx_word' id='word_1_538' title='bbox 902 4793 1195 4862; x_wconf 79' lang='lat' dir='ltr'><strong>quemdam</strong></span> <span class='ocrx_word' id='word_1_539' title='bbox 1220 4792 1421 4859; x_wconf 88' lang='lat' dir='ltr'><strong>locum,</strong></span> <span class='ocrx_word' id='word_1_540' title='bbox 1451 4800 1507 4848; x_wconf 83' lang='lat' dir='ltr'><strong>et</strong></span> <span class='ocrx_word' id='word_1_541' title='bbox 1533 4793 1715 4850; x_wconf 85' lang='lat' dir='ltr'><strong>inveni</strong></span> 
     </span>
    </p>
   </div>
   <div class='ocr_carea' id='block_1_66' title="bbox 140 4882 1715 4956">
    <p class='ocr_par' dir='ltr' id='par_1_66' title="bbox 140 4882 1715 4956">
     <span class='ocr_line' id='line_1_66' title="bbox 140 4882 1715 4956; baseline 0.003 -18"><span class='ocrx_word' id='word_1_542' title='bbox 140 4882 420 4943; x_wconf 76' lang='lat' dir='ltr'><strong>Otbarium</strong></span> <span class='ocrx_word' id='word_1_543' title='bbox 448 4887 726 4953; x_wconf 85' lang='lat' dir='ltr'><strong>comitem,</strong></span> <span class='ocrx_word' id='word_1_544' title='bbox 766 4884 995 4956; x_wconf 73' lang='lat' dir='ltr'><strong>capillos</strong></span> <span class='ocrx_word' id='word_1_545' title='bbox 1038 4893 1095 4940; x_wconf 90' lang='lat' dir='ltr'><strong>et</strong></span> <span class='ocrx_word' id='word_1_546' title='bbox 1140 4884 1369 4941; x_wconf 88' lang='lat' dir='ltr'><strong>barbam</strong></span> <span class='ocrx_word' id='word_1_547' title='bbox 1400 4884 1715 4951; x_wconf 85' lang='lat' dir='ltr'><strong>habentem,</strong></span> 
     </span>
    </p>
   </div>
   <div class='ocr_carea' id='block_1_67' title="bbox 142 4978 1718 5053">
    <p class='ocr_par' dir='ltr' id='par_1_67' title="bbox 142 4978 1718 5053">
     <span class='ocr_line' id='line_1_67' title="bbox 142 4978 1718 5053; baseline 0.001 -17"><span class='ocrx_word' id='word_1_548' title='bbox 142 4982 230 5038; x_wconf 70' lang='lat' dir='ltr'><strong>sed</strong></span> <span class='ocrx_word' id='word_1_549' title='bbox 254 4992 311 5038; x_wconf 83' lang='lat' dir='ltr'><strong>et</strong></span> <span class='ocrx_word' id='word_1_550' title='bbox 340 4994 520 5041; x_wconf 79' lang='lat' dir='ltr'><strong>totum</strong></span> <span class='ocrx_word' id='word_1_551' title='bbox 540 4996 739 5053; x_wconf 84' lang='lat' dir='ltr'><strong>corpus</strong></span> <span class='ocrx_word' id='word_1_552' title='bbox 765 4981 987 5040; x_wconf 70' lang='lat' dir='ltr'><strong>miseria</strong></span> <span class='ocrx_word' id='word_1_553' title='bbox 1004 4989 1068 5041; x_wconf 72' lang='lat' dir='ltr'><strong>iet</strong></span> <span class='ocrx_word' id='word_1_554' title='bbox 1091 4980 1345 5050; x_wconf 79' lang='lat' dir='ltr'><strong>squalore</strong></span> <span class='ocrx_word' id='word_1_555' title='bbox 1375 4978 1636 5035; x_wconf 75' lang='lat' dir='ltr'><strong>infectum</strong></span> <span class='ocrx_word' id='word_1_556' title='bbox 1661 4988 1718 5037; x_wconf 84' lang='lat' dir='ltr'><strong>et</strong></span> 
     </span>
    </p>
   </div>
   <div class='ocr_carea' id='block_1_68' title="bbox 145 5069 1712 5143">
    <p class='ocr_par' dir='ltr' id='par_1_68' title="bbox 145 5069 1712 5143">
     <span class='ocr_line' id='line_1_68' title="bbox 145 5069 1712 5143; baseline -0.001 -14"><span class='ocrx_word' id='word_1_557' title='bbox 145 5069 367 5143; x_wconf 58' lang='lat' dir='ltr'><strong>nigrum.</strong></span> <span class='ocrx_word' id='word_1_558' title='bbox 397 5074 500 5142; x_wconf 86' lang='lat' dir='ltr'><strong>Qui</strong></span> <span class='ocrx_word' id='word_1_559' title='bbox 530 5089 593 5129; x_wconf 87' lang='lat' dir='ltr'><strong>se</strong></span> <span class='ocrx_word' id='word_1_560' title='bbox 622 5073 960 5135; x_wconf 74' lang='lat' dir='ltr'><strong>abscondere</strong></span> <span class='ocrx_word' id='word_1_561' title='bbox 982 5071 1153 5128; x_wconf 80' lang='lat' dir='ltr'><strong>voluit</strong></span> <span class='ocrx_word' id='word_1_562' title='bbox 1178 5087 1246 5127; x_wconf 87' lang='lat' dir='ltr'><strong>ne</strong></span> <span class='ocrx_word' id='word_1_563' title='bbox 1266 5070 1418 5126; x_wconf 78' lang='lat' dir='ltr'><strong>illuni</strong></span> <span class='ocrx_word' id='word_1_564' title='bbox 1448 5071 1712 5127; x_wconf 88' lang='lat' dir='ltr'><strong>viderem.</strong></span> 
     </span>
    </p>
   </div>
   <div class='ocr_carea' id='block_1_69' title="bbox 148 5159 1717 5234">
    <p class='ocr_par' dir='ltr' id='par_1_69' title="bbox 148 5159 1717 5234">
     <span class='ocr_line' id='line_1_69' title="bbox 148 5159 1717 5234; baseline 0.001 -19"><span class='ocrx_word' id='word_1_565' title='bbox 148 5159 237 5216; x_wconf 73' lang='lat' dir='ltr'><strong>Qui</strong></span> <span class='ocrx_word' id='word_1_566' title='bbox 262 5164 370 5219; x_wconf 81' lang='lat' dir='ltr'><strong>dixi</strong></span> <span class='ocrx_word' id='word_1_567' title='bbox 397 5183 412 5218; x_wconf 89' lang='lat'><strong>:</strong></span> <span class='ocrx_word' id='word_1_568' title='bbox 436 5165 647 5227; x_wconf 79' lang='lat' dir='ltr'><strong>Domne</strong></span> <span class='ocrx_word' id='word_1_569' title='bbox 672 5177 876 5227; x_wconf 72' lang='lat' dir='ltr'><strong>omnes,</strong></span> <span class='ocrx_word' id='word_1_570' title='bbox 892 5161 1026 5234; x_wconf 89' lang='lat' dir='ltr'><strong>quid</strong></span> <span class='ocrx_word' id='word_1_571' title='bbox 1050 5162 1140 5217; x_wconf 89' lang='lat' dir='ltr'><strong>hic</strong></span> <span class='ocrx_word' id='word_1_572' title='bbox 1166 5159 1344 5216; x_wconf 82' lang='lat' dir='ltr'><strong>facis?</strong></span> <span class='ocrx_word' id='word_1_573' title='bbox 1368 5160 1471 5227; x_wconf 88' lang='lat' dir='ltr'><strong>Qui</strong></span> <span class='ocrx_word' id='word_1_574' title='bbox 1493 5175 1717 5232; x_wconf 85' lang='lat' dir='ltr'><strong>respon-</strong></span> 
     </span>
    </p>
   </div>
   <div class='ocr_carea' id='block_1_70' title="bbox 150 5251 1737 5327">
    <p class='ocr_par' dir='ltr' id='par_1_70' title="bbox 150 5251 1737 5327">
     <span class='ocr_line' id='line_1_70' title="bbox 150 5251 1737 5327; baseline 0.003 -23"><span class='ocrx_word' id='word_1_575' title='bbox 150 5251 223 5307; x_wconf 74' lang='lat' dir='ltr'><strong>dit</strong></span> <span class='ocrx_word' id='word_1_576' title='bbox 248 5272 262 5308; x_wconf 88' lang='lat'><strong>:</strong></span> <span class='ocrx_word' id='word_1_577' title='bbox 292 5253 520 5327; x_wconf 75' lang='lat' dir='ltr'><strong>Propter</strong></span> <span class='ocrx_word' id='word_1_578' title='bbox 546 5269 667 5312; x_wconf 89' lang='lat' dir='ltr'><strong>mea</strong></span> <span class='ocrx_word' id='word_1_579' title='bbox 693 5260 924 5325; x_wconf 76' lang='lat' dir='ltr'><strong>peccata</strong></span> <span class='ocrx_word' id='word_1_580' title='bbox 954 5252 1044 5307; x_wconf 89' lang='lat' dir='ltr'><strong>hic</strong></span> <span class='ocrx_word' id='word_1_581' title='bbox 1076 5267 1220 5317; x_wconf 89' lang='lat' dir='ltr'><strong>sum,</strong></span> <span class='ocrx_word' id='word_1_582' title='bbox 1250 5259 1305 5308; x_wconf 90' lang='lat' dir='ltr'><strong>et</strong></span> <span class='ocrx_word' id='word_1_583' title='bbox 1326 5252 1570 5308; x_wconf 80' lang='lat' dir='ltr'><strong>sustineo</strong></span> <span class='ocrx_word' id='word_1_584' title='bbox 1594 5267 1737 5321; x_wconf 11' lang='lat' dir='ltr'><strong>quas,</strong></span> 
     </span>
    </p>
   </div>
   <div class='ocr_carea' id='block_1_71' title="bbox 152 5341 1715 5413">
    <p class='ocr_par' dir='ltr' id='par_1_71' title="bbox 152 5341 1715 5413">
     <span class='ocr_line' id='line_1_71' title="bbox 152 5341 1715 5413; baseline -0.001 -13"><span class='ocrx_word' id='word_1_585' title='bbox 152 5341 310 5401; x_wconf 73' lang='lat' dir='ltr'><strong>vides.</strong></span> <span class='ocrx_word' id='word_1_586' title='bbox 344 5349 411 5403; x_wconf 78' lang='lat' dir='ltr'><strong>Et</strong></span> <span class='ocrx_word' id='word_1_587' title='bbox 439 5348 543 5405; x_wconf 86' lang='lat' dir='ltr'><strong>iste</strong></span> <span class='ocrx_word' id='word_1_588' title='bbox 564 5362 722 5405; x_wconf 75' lang='lat' dir='ltr'><strong>mens</strong></span> <span class='ocrx_word' id='word_1_589' title='bbox 752 5353 960 5408; x_wconf 82' lang='lat' dir='ltr'><strong>custos,</strong></span> <span class='ocrx_word' id='word_1_590' title='bbox 1006 5344 1097 5413; x_wconf 88' lang='lat' dir='ltr'><strong>qui</strong></span> <span class='ocrx_word' id='word_1_591' title='bbox 1145 5359 1232 5399; x_wconf 87' lang='lat' dir='ltr'><strong>me</strong></span> <span class='ocrx_word' id='word_1_592' title='bbox 1266 5344 1516 5399; x_wconf 87' lang='lat' dir='ltr'><strong>hortatus</strong></span> <span class='ocrx_word' id='word_1_593' title='bbox 1549 5343 1715 5398; x_wconf 88' lang='lat' dir='ltr'><strong>estin</strong></span> 
     </span>
    </p>
   </div>
   <div class='ocr_carea' id='block_1_72' title="bbox 154 5434 1718 5507">
    <p class='ocr_par' dir='ltr' id='par_1_72' title="bbox 154 5434 1718 5507">
     <span class='ocr_line' id='line_1_72' title="bbox 154 5434 1718 5507; baseline 0.001 -18"><span class='ocrx_word' id='word_1_594' title='bbox 154 5434 253 5492; x_wconf 82' lang='lat' dir='ltr'><strong>vita</strong></span> <span class='ocrx_word' id='word_1_595' title='bbox 276 5455 390 5501; x_wconf 77' lang='lat' dir='ltr'><strong>mea</strong></span> <span class='ocrx_word' id='word_1_596' title='bbox 422 5440 510 5496; x_wconf 83' lang='lat' dir='ltr'><strong>illa</strong></span> <span class='ocrx_word' id='word_1_597' title='bbox 556 5439 696 5495; x_wconf 84' lang='lat' dir='ltr'><strong>mala</strong></span> <span class='ocrx_word' id='word_1_598' title='bbox 741 5437 924 5494; x_wconf 85' lang='lat' dir='ltr'><strong>facere</strong></span> <span class='ocrx_word' id='word_1_599' title='bbox 950 5451 1075 5507; x_wconf 72' lang='lat' dir='ltr'><strong>qua:</strong></span> <span class='ocrx_word' id='word_1_600' title='bbox 1113 5435 1238 5501; x_wconf 90' lang='lat' dir='ltr'><strong>feci,</strong></span> <span class='ocrx_word' id='word_1_601' title='bbox 1261 5436 1439 5493; x_wconf 80' lang='lat' dir='ltr'><strong>adhuc</strong></span> <span class='ocrx_word' id='word_1_602' title='bbox 1461 5436 1718 5493; x_wconf 90' lang='lat' dir='ltr'><strong>hortaba-</strong></span> 
     </span>
    </p>
   </div>
   <div class='ocr_carea' id='block_1_73' title="bbox 158 5523 1723 5595">
    <p class='ocr_par' dir='ltr' id='par_1_73' title="bbox 158 5523 1723 5595">
     <span class='ocr_line' id='line_1_73' title="bbox 158 5523 1723 5595; baseline 0.001 -15"><span class='ocrx_word' id='word_1_603' title='bbox 158 5531 237 5580; x_wconf 84' lang='lat' dir='ltr'><strong>tur</strong></span> <span class='ocrx_word' id='word_1_604' title='bbox 257 5536 317 5583; x_wconf 87' lang='lat' dir='ltr'><strong>ut</strong></span> <span class='ocrx_word' id='word_1_605' title='bbox 334 5545 423 5587; x_wconf 86' lang='lat' dir='ltr'><strong>me</strong></span> <span class='ocrx_word' id='word_1_606' title='bbox 448 5531 836 5587; x_wconf 86' lang='lat' dir='ltr'><strong>absconderem</strong></span> <span class='ocrx_word' id='word_1_607' title='bbox 860 5541 933 5583; x_wconf 89' lang='lat' dir='ltr'><strong>ne</strong></span> <span class='ocrx_word' id='word_1_608' title='bbox 971 5535 1025 5582; x_wconf 93' lang='lat' dir='ltr'><strong>tu</strong></span> <span class='ocrx_word' id='word_1_609' title='bbox 1068 5541 1156 5582; x_wconf 87' lang='lat' dir='ltr'><strong>me</strong></span> <span class='ocrx_word' id='word_1_610' title='bbox 1194 5524 1428 5581; x_wconf 87' lang='lat' dir='ltr'><strong>videres.</strong></span> <span class='ocrx_word' id='word_1_611' title='bbox 1460 5523 1567 5581; x_wconf 87' lang='lat' dir='ltr'><strong>Sed</strong></span> <span class='ocrx_word' id='word_1_612' title='bbox 1598 5540 1723 5595; x_wconf 86' lang='lat' dir='ltr'><strong>pre-</strong></span> 
     </span>
    </p>
   </div>
   <div class='ocr_carea' id='block_1_74' title="bbox 157 5615 1720 5683">
    <p class='ocr_par' dir='ltr' id='par_1_74' title="bbox 157 5615 1720 5683">
     <span class='ocr_line' id='line_1_74' title="bbox 157 5615 1720 5683; baseline 0.001 -14"><span class='ocrx_word' id='word_1_613' title='bbox 157 5627 244 5669; x_wconf 81' lang='lat' dir='ltr'><strong>cor</strong></span> <span class='ocrx_word' id='word_1_614' title='bbox 280 5619 404 5674; x_wconf 85' lang='lat' dir='ltr'><strong>tein</strong></span> <span class='ocrx_word' id='word_1_615' title='bbox 431 5636 619 5677; x_wconf 82' lang='lat' dir='ltr'><strong>amore</strong></span> <span class='ocrx_word' id='word_1_616' title='bbox 645 5620 758 5683; x_wconf 86' lang='lat' dir='ltr'><strong>Dei,</strong></span> <span class='ocrx_word' id='word_1_617' title='bbox 799 5618 934 5674; x_wconf 86' lang='lat' dir='ltr'><strong>vade</strong></span> <span class='ocrx_word' id='word_1_618' title='bbox 963 5617 1030 5672; x_wconf 88' lang='lat' dir='ltr'><strong>ad</strong></span> <span class='ocrx_word' id='word_1_619' title='bbox 1075 5630 1300 5670; x_wconf 81' lang='lat' dir='ltr'><strong>uxorem</strong></span> <span class='ocrx_word' id='word_1_620' title='bbox 1343 5630 1544 5682; x_wconf 85' lang='lat' dir='ltr'><strong>meam,</strong></span> <span class='ocrx_word' id='word_1_621' title='bbox 1568 5624 1625 5671; x_wconf 92' lang='lat' dir='ltr'><strong>et</strong></span> <span class='ocrx_word' id='word_1_622' title='bbox 1652 5615 1720 5670; x_wconf 91' lang='lat' dir='ltr'><strong>ad</strong></span> 
     </span>
    </p>
   </div>
   <div class='ocr_carea' id='block_1_75' title="bbox 160 5701 1717 5786">
    <p class='ocr_par' dir='ltr' id='par_1_75' title="bbox 160 5701 1717 5786">
     <span class='ocr_line' id='line_1_75' title="bbox 160 5701 1717 5786; baseline 0 -23"><span class='ocrx_word' id='word_1_623' title='bbox 160 5701 393 5769; x_wconf 77' lang='lat' dir='ltr'><strong>homines</strong></span> <span class='ocrx_word' id='word_1_624' title='bbox 414 5721 475 5770; x_wconf 87' lang='lat' dir='ltr'><strong>et</strong></span> <span class='ocrx_word' id='word_1_625' title='bbox 494 5712 702 5769; x_wconf 86' lang='lat' dir='ltr'><strong>amicos</strong></span> <span class='ocrx_word' id='word_1_626' title='bbox 726 5724 894 5775; x_wconf 86' lang='lat' dir='ltr'><strong>meos,</strong></span> <span class='ocrx_word' id='word_1_627' title='bbox 922 5716 980 5764; x_wconf 90' lang='lat' dir='ltr'><strong>et</strong></span> <span class='ocrx_word' id='word_1_628' title='bbox 1002 5708 1090 5786; x_wconf 84' lang='lat' dir='ltr'><strong>die</strong></span> <span class='ocrx_word' id='word_1_629' title='bbox 1125 5706 1231 5762; x_wconf 86' lang='lat' dir='ltr'><strong>illis</strong></span> <span class='ocrx_word' id='word_1_630' title='bbox 1253 5713 1311 5760; x_wconf 91' lang='lat' dir='ltr'><strong>ut</strong></span> <span class='ocrx_word' id='word_1_631' title='bbox 1344 5722 1442 5777; x_wconf 89' lang='lat' dir='ltr'><strong>pro</strong></span> <span class='ocrx_word' id='word_1_632' title='bbox 1463 5720 1551 5761; x_wconf 90' lang='lat' dir='ltr'><strong>me</strong></span> <span class='ocrx_word' id='word_1_633' title='bbox 1571 5706 1717 5764; x_wconf 61' lang='lat' dir='ltr'><strong>eleeo</strong></span> 
     </span>
    </p>
   </div>
   <div class='ocr_carea' id='block_1_76' title="bbox 162 5794 1715 5883">
    <p class='ocr_par' dir='ltr' id='par_1_76' title="bbox 162 5794 1715 5883">
     <span class='ocr_line' id='line_1_76' title="bbox 162 5794 1715 5883; baseline 0 -26"><span class='ocrx_word' id='word_1_634' title='bbox 162 5794 400 5876; x_wconf 47' lang='lat' dir='ltr'><strong>stosynas</strong></span> <span class='ocrx_word' id='word_1_635' title='bbox 430 5805 659 5883; x_wconf 65' lang='lat' dir='ltr'><strong>faciant,</strong></span> <span class='ocrx_word' id='word_1_636' title='bbox 686 5814 740 5861; x_wconf 88' lang='lat' dir='ltr'><strong>et</strong></span> <span class='ocrx_word' id='word_1_637' title='bbox 778 5803 1053 5862; x_wconf 78' lang='lat' dir='ltr'><strong>orationes</strong></span> <span class='ocrx_word' id='word_1_638' title='bbox 1090 5799 1209 5866; x_wconf 76' lang='lat' dir='ltr'><strong>ﬁeri</strong></span> <span class='ocrx_word' id='word_1_639' title='bbox 1228 5800 1531 5871; x_wconf 87' lang='lat' dir='ltr'><strong>obtineant,</strong></span> <span class='ocrx_word' id='word_1_640' title='bbox 1563 5809 1624 5858; x_wconf 90' lang='lat' dir='ltr'><strong>nt</strong></span> <span class='ocrx_word' id='word_1_641' title='bbox 1645 5801 1715 5857; x_wconf 87' lang='lat' dir='ltr'><strong>de</strong></span> 
     </span>
    </p>
   </div>
   <div class='ocr_carea' id='block_1_77' title="bbox 1814 1930 3392 2011">
    <p class='ocr_par' dir='ltr' id='par_1_77' title="bbox 1814 1930 3392 2011">
     <span class='ocr_line' id='line_1_77' title="bbox 1814 1930 3392 2011; baseline -0.008 -15"><span class='ocrx_word' id='word_1_642' title='bbox 1814 1941 1948 1997; x_wconf 90' lang='lat' dir='ltr'><strong>mihi</strong></span> <span class='ocrx_word' id='word_1_643' title='bbox 1993 1939 2231 2011; x_wconf 89' lang='lat' dir='ltr'><strong>qualiter</strong></span> <span class='ocrx_word' id='word_1_644' title='bbox 2274 1952 2545 2011; x_wconf 88' lang='lat' dir='ltr'><strong>pauperes</strong></span> <span class='ocrx_word' id='word_1_645' title='bbox 2579 1951 2876 2007; x_wconf 82' lang='lat' dir='ltr'><strong>.pasccrent</strong></span> <span class='ocrx_word' id='word_1_646' title='bbox 2906 1942 2962 1990; x_wconf 91' lang='lat' dir='ltr'><strong>et</strong></span> <span class='ocrx_word' id='word_1_647' title='bbox 2998 1930 3254 1989; x_wconf 85' lang='lat' dir='ltr'><strong>vestirem</strong></span> <span class='ocrx_word' id='word_1_648' title='bbox 3301 1943 3392 1985; x_wconf 88' lang='lat' dir='ltr'><strong>se-</strong></span> 
     </span>
    </p>
   </div>
   <div class='ocr_carea' id='block_1_78' title="bbox 1810 2020 3394 2099">
    <p class='ocr_par' dir='ltr' id='par_1_78' title="bbox 1810 2020 3394 2099">
     <span class='ocr_line' id='line_1_78' title="bbox 1810 2020 3394 2099; baseline -0.009 -10"><span class='ocrx_word' id='word_1_649' title='bbox 1810 2032 2053 2089; x_wconf 90' lang='lat' dir='ltr'><strong>cundum</strong></span> <span class='ocrx_word' id='word_1_650' title='bbox 2081 2044 2259 2099; x_wconf 78' lang='lat' dir='ltr'><strong>meam</strong></span> <span class='ocrx_word' id='word_1_651' title='bbox 2288 2028 2725 2099; x_wconf 86' lang='lat' dir='ltr'><strong>possibilitatem.</strong></span> <span class='ocrx_word' id='word_1_652' title='bbox 2749 2027 2808 2080; x_wconf 84' lang='lat' dir='ltr'><strong>Et</strong></span> <span class='ocrx_word' id='word_1_653' title='bbox 2837 2025 2976 2080; x_wconf 91' lang='lat' dir='ltr'><strong>alius</strong></span> <span class='ocrx_word' id='word_1_654' title='bbox 2995 2025 3159 2079; x_wconf 91' lang='lat' dir='ltr'><strong>homo</strong></span> <span class='ocrx_word' id='word_1_655' title='bbox 3190 2020 3394 2075; x_wconf 88' lang='lat' dir='ltr'><strong>rustica</strong></span> 
     </span>
    </p>
   </div>
   <div class='ocr_carea' id='block_1_79' title="bbox 1813 2114 3395 2189">
    <p class='ocr_par' dir='ltr' id='par_1_79' title="bbox 1813 2114 3395 2189">
     <span class='ocr_line' id='line_1_79' title="bbox 1813 2114 3395 2189; baseline -0.006 -11"><span class='ocrx_word' id='word_1_656' title='bbox 1813 2124 1951 2179; x_wconf 85' lang='lat' dir='ltr'><strong>facie</strong></span> <span class='ocrx_word' id='word_1_657' title='bbox 1991 2132 2046 2177; x_wconf 93' lang='lat' dir='ltr'><strong>et</strong></span> <span class='ocrx_word' id='word_1_658' title='bbox 2086 2132 2240 2176; x_wconf 84' lang='lat' dir='ltr'><strong>torvo</strong></span> <span class='ocrx_word' id='word_1_659' title='bbox 2283 2121 2434 2175; x_wconf 82' lang='lat' dir='ltr'><strong>vultu</strong></span> <span class='ocrx_word' id='word_1_660' title='bbox 2480 2128 2601 2175; x_wconf 88' lang='lat' dir='ltr'><strong>erat</strong></span> <span class='ocrx_word' id='word_1_661' title='bbox 2650 2119 2750 2184; x_wconf 84' lang='lat' dir='ltr'><strong>ibi,</strong></span> <span class='ocrx_word' id='word_1_662' title='bbox 2794 2122 2885 2189; x_wconf 85' lang='lat' dir='ltr'><strong>qui</strong></span> <span class='ocrx_word' id='word_1_663' title='bbox 2928 2114 3243 2173; x_wconf 80' lang='lat' dir='ltr'><strong>dixitzNon</strong></span> <span class='ocrx_word' id='word_1_664' title='bbox 3266 2115 3395 2169; x_wconf 91' lang='lat' dir='ltr'><strong>hinc</strong></span> 
     </span>
    </p>
   </div>
   <div class='ocr_carea' id='block_1_80' title="bbox 1813 2203 3392 2280">
    <p class='ocr_par' dir='ltr' id='par_1_80' title="bbox 1813 2203 3392 2280">
     <span class='ocr_line' id='line_1_80' title="bbox 1813 2203 3392 2280; baseline -0.008 -9"><span class='ocrx_word' id='word_1_665' title='bbox 1813 2216 1932 2271; x_wconf 87' lang='lat' dir='ltr'><strong>ibit.</strong></span> <span class='ocrx_word' id='word_1_666' title='bbox 1961 2214 2058 2270; x_wconf 87' lang='lat' dir='ltr'><strong>Cui</strong></span> <span class='ocrx_word' id='word_1_667' title='bbox 2092 2213 2181 2268; x_wconf 90' lang='lat' dir='ltr'><strong>ille</strong></span> <span class='ocrx_word' id='word_1_668' title='bbox 2228 2213 2391 2269; x_wconf 92' lang='lat' dir='ltr'><strong>homo</strong></span> <span class='ocrx_word' id='word_1_669' title='bbox 2436 2212 2696 2267; x_wconf 89' lang='lat' dir='ltr'><strong>honestus</strong></span> <span class='ocrx_word' id='word_1_670' title='bbox 2742 2208 3050 2280; x_wconf 86' lang='lat' dir='ltr'><strong>respondit:</strong></span> <span class='ocrx_word' id='word_1_671' title='bbox 3088 2206 3181 2262; x_wconf 86' lang='lat' dir='ltr'><strong>Sic</strong></span> <span class='ocrx_word' id='word_1_672' title='bbox 3208 2203 3392 2269; x_wconf 79' lang='lat' dir='ltr'><strong>faciet,</strong></span> 
     </span>
    </p>
   </div>
   <div class='ocr_carea' id='block_1_81' title="bbox 1811 2296 3391 2377">
    <p class='ocr_par' dir='ltr' id='par_1_81' title="bbox 1811 2296 3391 2377">
     <span class='ocr_line' id='line_1_81' title="bbox 1811 2296 3391 2377; baseline -0.008 -15"><span class='ocrx_word' id='word_1_673' title='bbox 1811 2316 1865 2362; x_wconf 85' lang='lat' dir='ltr'><strong>et</strong></span> <span class='ocrx_word' id='word_1_674' title='bbox 1908 2322 2006 2376; x_wconf 87' lang='lat' dir='ltr'><strong>per</strong></span> <span class='ocrx_word' id='word_1_675' title='bbox 2036 2304 2448 2377; x_wconf 90' lang='lat' dir='ltr'><strong>quatuordecim</strong></span> <span class='ocrx_word' id='word_1_676' title='bbox 2492 2318 2667 2359; x_wconf 90' lang='lat' dir='ltr'><strong>annos</strong></span> <span class='ocrx_word' id='word_1_677' title='bbox 2704 2300 2884 2356; x_wconf 89' lang='lat' dir='ltr'><strong>adhuc</strong></span> <span class='ocrx_word' id='word_1_678' title='bbox 2923 2300 2977 2354; x_wconf 91' lang='lat' dir='ltr'><strong>in</strong></span> <span class='ocrx_word' id='word_1_679' title='bbox 3004 2312 3236 2369; x_wconf 87' lang='lat' dir='ltr'><strong>corpore</strong></span> <span class='ocrx_word' id='word_1_680' title='bbox 3266 2296 3391 2361; x_wconf 89' lang='lat' dir='ltr'><strong>erit,</strong></span> 
     </span>
    </p>
   </div>
   <div class='ocr_carea' id='block_1_82' title="bbox 1813 2386 3394 2465">
    <p class='ocr_par' dir='ltr' id='par_1_82' title="bbox 1813 2386 3394 2465">
     <span class='ocr_line' id='line_1_82' title="bbox 1813 2386 3394 2465; baseline -0.008 -9"><span class='ocrx_word' id='word_1_681' title='bbox 1813 2408 1867 2456; x_wconf 89' lang='lat' dir='ltr'><strong>et</strong></span> <span class='ocrx_word' id='word_1_682' title='bbox 1897 2401 2021 2454; x_wconf 85' lang='lat' dir='ltr'><strong>inde</strong></span> <span class='ocrx_word' id='word_1_683' title='bbox 2044 2399 2150 2454; x_wconf 92' lang='lat' dir='ltr'><strong>huc</strong></span> <span class='ocrx_word' id='word_1_684' title='bbox 2173 2397 2373 2465; x_wconf 82' lang='lat' dir='ltr'><strong>veniet.</strong></span> <span class='ocrx_word' id='word_1_685' title='bbox 2405 2395 2500 2451; x_wconf 90' lang='lat' dir='ltr'><strong>Cui</strong></span> <span class='ocrx_word' id='word_1_686' title='bbox 2525 2394 2617 2450; x_wconf 90' lang='lat' dir='ltr'><strong>ille</strong></span> <span class='ocrx_word' id='word_1_687' title='bbox 2641 2394 2877 2449; x_wconf 91' lang='lat' dir='ltr'><strong>rusticus</strong></span> <span class='ocrx_word' id='word_1_688' title='bbox 2907 2390 3212 2461; x_wconf 89' lang='lat' dir='ltr'><strong>respondit:</strong></span> <span class='ocrx_word' id='word_1_689' title='bbox 3247 2386 3394 2454; x_wconf 85' lang='lat' dir='ltr'><strong>Quos</strong></span> 
     </span>
    </p>
   </div>
   <div class='ocr_carea' id='block_1_83' title="bbox 1814 2480 3396 2561">
    <p class='ocr_par' dir='ltr' id='par_1_83' title="bbox 1814 2480 3396 2561">
     <span class='ocr_line' id='line_1_83' title="bbox 1814 2480 3396 2561; baseline -0.007 -14"><span class='ocrx_word' id='word_1_690' title='bbox 1814 2501 1869 2547; x_wconf 90' lang='lat' dir='ltr'><strong>tu</strong></span> <span class='ocrx_word' id='word_1_691' title='bbox 1897 2489 2305 2561; x_wconf 67' lang='lat' dir='ltr'><strong>quattuordecim</strong></span> <span class='ocrx_word' id='word_1_692' title='bbox 2340 2502 2509 2542; x_wconf 88' lang='lat' dir='ltr'><strong>annos</strong></span> <span class='ocrx_word' id='word_1_693' title='bbox 2531 2486 2687 2551; x_wconf 85' lang='lat' dir='ltr'><strong>dicis,</strong></span> <span class='ocrx_word' id='word_1_694' title='bbox 2718 2499 2818 2555; x_wconf 87' lang='lat' dir='ltr'><strong>ego</strong></span> <span class='ocrx_word' id='word_1_695' title='bbox 2842 2482 3253 2554; x_wconf 87' lang='lat' dir='ltr'><strong>quatuordecim</strong></span> <span class='ocrx_word' id='word_1_696' title='bbox 3280 2480 3396 2536; x_wconf 88' lang='lat' dir='ltr'><strong>dies</strong></span> 
     </span>
    </p>
   </div>
   <div class='ocr_carea' id='block_1_84' title="bbox 1812 2574 3397 2648">
    <p class='ocr_par' dir='ltr' id='par_1_84' title="bbox 1812 2574 3397 2648">
     <span class='ocr_line' id='line_1_84' title="bbox 1812 2574 3397 2648; baseline -0.009 -7"><span class='ocrx_word' id='word_1_697' title='bbox 1812 2586 2033 2648; x_wconf 80' lang='lat' dir='ltr'><strong>faciam,</strong></span> <span class='ocrx_word' id='word_1_698' title='bbox 2072 2591 2124 2638; x_wconf 90' lang='lat' dir='ltr'><strong>et</strong></span> <span class='ocrx_word' id='word_1_699' title='bbox 2156 2596 2262 2637; x_wconf 91' lang='lat' dir='ltr'><strong>non</strong></span> <span class='ocrx_word' id='word_1_700' title='bbox 2290 2580 2437 2635; x_wconf 89' lang='lat' dir='ltr'><strong>vivet</strong></span> <span class='ocrx_word' id='word_1_701' title='bbox 2466 2577 2697 2646; x_wconf 89' lang='lat' dir='ltr'><strong>amplius</strong></span> <span class='ocrx_word' id='word_1_702' title='bbox 2728 2591 2902 2645; x_wconf 90' lang='lat' dir='ltr'><strong>usque</strong></span> <span class='ocrx_word' id='word_1_703' title='bbox 2946 2575 3073 2630; x_wconf 89' lang='lat' dir='ltr'><strong>dum</strong></span> <span class='ocrx_word' id='word_1_704' title='bbox 3105 2574 3212 2629; x_wconf 91' lang='lat' dir='ltr'><strong>huc</strong></span> <span class='ocrx_word' id='word_1_705' title='bbox 3241 2586 3397 2629; x_wconf 90' lang='lat' dir='ltr'><strong>reve-</strong></span> 
     </span>
    </p>
   </div>
   <div class='ocr_carea' id='block_1_85' title="bbox 1815 2663 3393 2735">
    <p class='ocr_par' dir='ltr' id='par_1_85' title="bbox 1815 2663 3393 2735">
     <span class='ocr_line' id='line_1_85' title="bbox 1815 2663 3393 2735; baseline -0.006 -6"><span class='ocrx_word' id='word_1_706' title='bbox 1815 2676 1946 2729; x_wconf 85' lang='lat' dir='ltr'><strong>niat.</strong></span> <span class='ocrx_word' id='word_1_707' title='bbox 1972 2674 2039 2727; x_wconf 83' lang='lat' dir='ltr'><strong>Et</strong></span> <span class='ocrx_word' id='word_1_708' title='bbox 2066 2673 2154 2727; x_wconf 89' lang='lat' dir='ltr'><strong>ille</strong></span> <span class='ocrx_word' id='word_1_709' title='bbox 2190 2672 2352 2725; x_wconf 93' lang='lat' dir='ltr'><strong>homo</strong></span> <span class='ocrx_word' id='word_1_710' title='bbox 2381 2669 2672 2724; x_wconf 91' lang='lat' dir='ltr'><strong>honestus:</strong></span> <span class='ocrx_word' id='word_1_711' title='bbox 2698 2666 2793 2722; x_wconf 90' lang='lat' dir='ltr'><strong>Sic</strong></span> <span class='ocrx_word' id='word_1_712' title='bbox 2826 2665 2933 2721; x_wconf 91' lang='lat' dir='ltr'><strong>erit</strong></span> <span class='ocrx_word' id='word_1_713' title='bbox 2962 2665 3104 2720; x_wconf 90' lang='lat' dir='ltr'><strong>sicut</strong></span> <span class='ocrx_word' id='word_1_714' title='bbox 3128 2678 3227 2735; x_wconf 85' lang='lat' dir='ltr'><strong>ego</strong></span> <span class='ocrx_word' id='word_1_715' title='bbox 3249 2663 3393 2731; x_wconf 90' lang='lat' dir='ltr'><strong>dico,</strong></span> 
     </span>
    </p>
   </div>
   <div class='ocr_carea' id='block_1_86' title="bbox 1816 2760 3399 2837">
    <p class='ocr_par' dir='ltr' id='par_1_86' title="bbox 1816 2760 3399 2837">
     <span class='ocr_line' id='line_1_86' title="bbox 1816 2760 3399 2837; baseline -0.008 -10"><span class='ocrx_word' id='word_1_716' title='bbox 1816 2787 1923 2827; x_wconf 89' lang='lat' dir='ltr'><strong>non</strong></span> <span class='ocrx_word' id='word_1_717' title='bbox 1978 2769 2120 2824; x_wconf 77' lang='lat' dir='ltr'><strong>sicut</strong></span> <span class='ocrx_word' id='word_1_718' title='bbox 2168 2777 2245 2832; x_wconf 93' lang='lat' dir='ltr'><strong>tu,</strong></span> <span class='ocrx_word' id='word_1_719' title='bbox 2294 2764 2420 2837; x_wconf 89' lang='lat' dir='ltr'><strong>quia</strong></span> <span class='ocrx_word' id='word_1_720' title='bbox 2457 2779 2585 2821; x_wconf 90' lang='lat' dir='ltr'><strong>ecce</strong></span> <span class='ocrx_word' id='word_1_721' title='bbox 2627 2763 2717 2818; x_wconf 87' lang='lat' dir='ltr'><strong>hic</strong></span> <span class='ocrx_word' id='word_1_722' title='bbox 2744 2770 2828 2818; x_wconf 91' lang='lat' dir='ltr'><strong>est</strong></span> <span class='ocrx_word' id='word_1_723' title='bbox 2858 2776 2991 2817; x_wconf 92' lang='lat' dir='ltr'><strong>suns</strong></span> <span class='ocrx_word' id='word_1_724' title='bbox 3023 2760 3320 2816; x_wconf 87' lang='lat' dir='ltr'><strong>advocatus</strong></span> <span class='ocrx_word' id='word_1_725' title='bbox 3341 2765 3399 2815; x_wconf 87' lang='lat' dir='ltr'><strong>et</strong></span> 
     </span>
    </p>
   </div>
   <div class='ocr_carea' id='block_1_87' title="bbox 1817 2846 3398 2933">
    <p class='ocr_par' dir='ltr' id='par_1_87' title="bbox 1817 2846 3398 2933">
     <span class='ocr_line' id='line_1_87' title="bbox 1817 2846 3398 2933; baseline -0.006 -17"><span class='ocrx_word' id='word_1_726' title='bbox 1817 2861 2120 2933; x_wconf 84' lang='lat' dir='ltr'><strong>fidejussor,</strong></span> <span class='ocrx_word' id='word_1_727' title='bbox 2170 2867 2226 2914; x_wconf 92' lang='lat' dir='ltr'><strong>et</strong></span> <span class='ocrx_word' id='word_1_728' title='bbox 2279 2846 2335 2912; x_wconf 83' lang='lat' dir='ltr'><strong>tu</strong></span> <span class='ocrx_word' id='word_1_729' title='bbox 2375 2855 2488 2912; x_wconf 86' lang='lat' dir='ltr'><strong>eris</strong></span> <span class='ocrx_word' id='word_1_730' title='bbox 2518 2854 2592 2911; x_wconf 91' lang='lat' dir='ltr'><strong>ibi</strong></span> <span class='ocrx_word' id='word_1_731' title='bbox 2632 2869 2867 2910; x_wconf 86' lang='lat' dir='ltr'><strong>meeum.</strong></span> <span class='ocrx_word' id='word_1_732' title='bbox 2904 2852 3105 2924; x_wconf 89' lang='lat' dir='ltr'><strong>Sicque</strong></span> <span class='ocrx_word' id='word_1_733' title='bbox 3122 2851 3284 2924; x_wconf 86' lang='lat' dir='ltr'><strong>petiit</strong></span> <span class='ocrx_word' id='word_1_734' title='bbox 3308 2865 3398 2907; x_wconf 83' lang='lat' dir='ltr'><strong>sa-</strong></span> 
     </span>
    </p>
   </div>
   <div class='ocr_carea' id='block_1_88' title="bbox 1817 2942 3400 3017">
    <p class='ocr_par' dir='ltr' id='par_1_88' title="bbox 1817 2942 3400 3017">
     <span class='ocr_line' id='line_1_88' title="bbox 1817 2942 3400 3017; baseline -0.008 -4"><span class='ocrx_word' id='word_1_735' title='bbox 1817 2969 1964 3013; x_wconf 87' lang='lat' dir='ltr'><strong>cram</strong></span> <span class='ocrx_word' id='word_1_736' title='bbox 1985 2950 2442 3009; x_wconf 89' lang='lat' dir='ltr'><strong>communionem.</strong></span> <span class='ocrx_word' id='word_1_737' title='bbox 2475 2948 2594 3016; x_wconf 84' lang='lat' dir='ltr'><strong>Qua</strong></span> <span class='ocrx_word' id='word_1_738' title='bbox 2618 2955 2862 3017; x_wconf 87' lang='lat' dir='ltr'><strong>accepta,</strong></span> <span class='ocrx_word' id='word_1_739' title='bbox 2888 2944 3026 3000; x_wconf 88' lang='lat' dir='ltr'><strong>bibit</strong></span> <span class='ocrx_word' id='word_1_740' title='bbox 3053 2944 3208 3014; x_wconf 86' lang='lat' dir='ltr'><strong>quasi</strong></span> <span class='ocrx_word' id='word_1_741' title='bbox 3237 2942 3400 3001; x_wconf 88' lang='lat' dir='ltr'><strong>dimi-</strong></span> 
     </span>
    </p>
   </div>
   <div class='ocr_carea' id='block_1_89' title="bbox 1817 3036 3400 3117">
    <p class='ocr_par' dir='ltr' id='par_1_89' title="bbox 1817 3036 3400 3117">
     <span class='ocr_line' id='line_1_89' title="bbox 1817 3036 3400 3117; baseline -0.006 -14"><span class='ocrx_word' id='word_1_742' title='bbox 1817 3047 1965 3107; x_wconf 87' lang='lat' dir='ltr'><strong>dium</strong></span> <span class='ocrx_word' id='word_1_743' title='bbox 1989 3056 2238 3117; x_wconf 86' lang='lat' dir='ltr'><strong>stauputu</strong></span> <span class='ocrx_word' id='word_1_744' title='bbox 2277 3042 2344 3098; x_wconf 89' lang='lat' dir='ltr'><strong>de</strong></span> <span class='ocrx_word' id='word_1_745' title='bbox 2369 3042 2518 3105; x_wconf 86' lang='lat' dir='ltr'><strong>vino,</strong></span> <span class='ocrx_word' id='word_1_746' title='bbox 2569 3048 2627 3095; x_wconf 89' lang='lat' dir='ltr'><strong>et</strong></span> <span class='ocrx_word' id='word_1_747' title='bbox 2653 3040 2791 3095; x_wconf 84' lang='lat' dir='ltr'><strong>dixit</strong></span> <span class='ocrx_word' id='word_1_748' title='bbox 2820 3056 2833 3092; x_wconf 91' lang='lat'><strong>:</strong></span> <span class='ocrx_word' id='word_1_749' title='bbox 2873 3037 3031 3094; x_wconf 79' lang='lat' dir='ltr'><strong>Modo</strong></span> <span class='ocrx_word' id='word_1_750' title='bbox 3072 3036 3400 3093; x_wconf 78' lang='lat' dir='ltr'><strong>manducare</strong></span> 
     </span>
    </p>
   </div>
   <div class='ocr_carea' id='block_1_90' title="bbox 1816 3129 3401 3210">
    <p class='ocr_par' dir='ltr' id='par_1_90' title="bbox 1816 3129 3401 3210">
     <span class='ocr_line' id='line_1_90' title="bbox 1816 3129 3401 3210; baseline -0.006 -16"><span class='ocrx_word' id='word_1_751' title='bbox 1816 3153 2055 3210; x_wconf 83' lang='lat' dir='ltr'><strong>possem,</strong></span> <span class='ocrx_word' id='word_1_752' title='bbox 2086 3137 2132 3191; x_wconf 89' lang='lat' dir='ltr'><strong>si</strong></span> <span class='ocrx_word' id='word_1_753' title='bbox 2155 3135 2434 3193; x_wconf 88' lang='lat' dir='ltr'><strong>haberem.</strong></span> <span class='ocrx_word' id='word_1_754' title='bbox 2459 3134 2528 3188; x_wconf 86' lang='lat' dir='ltr'><strong>Et</strong></span> <span class='ocrx_word' id='word_1_755' title='bbox 2550 3133 2709 3188; x_wconf 89' lang='lat' dir='ltr'><strong>datus</strong></span> <span class='ocrx_word' id='word_1_756' title='bbox 2729 3142 2812 3188; x_wconf 91' lang='lat' dir='ltr'><strong>est</strong></span> <span class='ocrx_word' id='word_1_757' title='bbox 2842 3130 2917 3185; x_wconf 85' lang='lat' dir='ltr'><strong>illi</strong></span> <span class='ocrx_word' id='word_1_758' title='bbox 2945 3129 3123 3196; x_wconf 90' lang='lat' dir='ltr'><strong>cibus,</strong></span> <span class='ocrx_word' id='word_1_759' title='bbox 3154 3137 3210 3183; x_wconf 92' lang='lat' dir='ltr'><strong>et</strong></span> <span class='ocrx_word' id='word_1_760' title='bbox 3241 3143 3401 3185; x_wconf 83' lang='lat' dir='ltr'><strong>man-</strong></span> 
     </span>
    </p>
   </div>
   <div class='ocr_carea' id='block_1_91' title="bbox 1814 3221 3399 3295">
    <p class='ocr_par' dir='ltr' id='par_1_91' title="bbox 1814 3221 3399 3295">
     <span class='ocr_line' id='line_1_91' title="bbox 1814 3221 3399 3295; baseline -0.006 -8"><span class='ocrx_word' id='word_1_761' title='bbox 1814 3230 2048 3291; x_wconf 89' lang='lat' dir='ltr'><strong>ducavit,</strong></span> <span class='ocrx_word' id='word_1_762' title='bbox 2076 3238 2141 3283; x_wconf 87' lang='lat' dir='ltr'><strong>et</strong></span> <span class='ocrx_word' id='word_1_763' title='bbox 2184 3227 2254 3283; x_wconf 89' lang='lat' dir='ltr'><strong>ab</strong></span> <span class='ocrx_word' id='word_1_764' title='bbox 2305 3226 2430 3283; x_wconf 92' lang='lat' dir='ltr'><strong>inde</strong></span> <span class='ocrx_word' id='word_1_765' title='bbox 2468 3224 2770 3282; x_wconf 88' lang='lat' dir='ltr'><strong>convaluit.</strong></span> <span class='ocrx_word' id='word_1_766' title='bbox 2824 3223 2938 3295; x_wconf 82' lang='lat' dir='ltr'><strong>Ego</strong></span> <span class='ocrx_word' id='word_1_767' title='bbox 2986 3236 3088 3293; x_wconf 88' lang='lat' dir='ltr'><strong>per</strong></span> <span class='ocrx_word' id='word_1_768' title='bbox 3134 3221 3399 3292; x_wconf 70' lang='lat' dir='ltr'><strong>quosdam</strong></span> 
     </span>
    </p>
   </div>
   <div class='ocr_carea' id='block_1_92' title="bbox 1811 3313 3399 3392">
    <p class='ocr_par' dir='ltr' id='par_1_92' title="bbox 1811 3313 3399 3392">
     <span class='ocr_line' id='line_1_92' title="bbox 1811 3313 3399 3392; baseline -0.002 -18"><span class='ocrx_word' id='word_1_769' title='bbox 1811 3318 2081 3392; x_wconf 81' lang='lat' dir='ltr'><strong>divulgari</strong></span> <span class='ocrx_word' id='word_1_770' title='bbox 2126 3319 2245 3375; x_wconf 57' lang='lat' dir='ltr'><strong>hac</strong></span> <span class='ocrx_word' id='word_1_771' title='bbox 2270 3318 2518 3384; x_wconf 84' lang='lat' dir='ltr'><strong>audiens,</strong></span> <span class='ocrx_word' id='word_1_772' title='bbox 2562 3316 2688 3387; x_wconf 88' lang='lat' dir='ltr'><strong>quia</strong></span> <span class='ocrx_word' id='word_1_773' title='bbox 2735 3314 2826 3371; x_wconf 92' lang='lat' dir='ltr'><strong>ille</strong></span> <span class='ocrx_word' id='word_1_774' title='bbox 2872 3313 3150 3369; x_wconf 88' lang='lat' dir='ltr'><strong>redivivus</strong></span> <span class='ocrx_word' id='word_1_775' title='bbox 3199 3313 3268 3369; x_wconf 85' lang='lat' dir='ltr'><strong>ad</strong></span> <span class='ocrx_word' id='word_1_776' title='bbox 3313 3326 3399 3371; x_wconf 83' lang='lat' dir='ltr'><strong>me</strong></span> 
     </span>
    </p>
   </div>
   <div class='ocr_carea' id='block_1_93' title="bbox 1810 3405 3403 3484">
    <p class='ocr_par' dir='ltr' id='par_1_93' title="bbox 1810 3405 3403 3484">
     <span class='ocr_line' id='line_1_93' title="bbox 1810 3405 3403 3484; baseline -0.005 -13"><span class='ocrx_word' id='word_1_777' title='bbox 1810 3416 2001 3473; x_wconf 83' lang='lat' dir='ltr'><strong>venire</strong></span> <span class='ocrx_word' id='word_1_778' title='bbox 2027 3429 2134 3469; x_wconf 89' lang='lat' dir='ltr'><strong>non</strong></span> <span class='ocrx_word' id='word_1_779' title='bbox 2162 3412 2360 3484; x_wconf 89' lang='lat' dir='ltr'><strong>potuit,</strong></span> <span class='ocrx_word' id='word_1_780' title='bbox 2390 3408 2679 3482; x_wconf 68' lang='lat' dir='ltr'><strong>praefatum</strong></span> <span class='ocrx_word' id='word_1_781' title='bbox 2712 3409 3094 3479; x_wconf 82' lang='lat' dir='ltr'><strong>presbyterum</strong></span> <span class='ocrx_word' id='word_1_782' title='bbox 3121 3405 3280 3463; x_wconf 79' lang='lat' dir='ltr'><strong>bona:</strong></span> <span class='ocrx_word' id='word_1_783' title='bbox 3317 3405 3403 3463; x_wconf 78' lang='lat' dir='ltr'><strong>in-</strong></span> 
     </span>
    </p>
   </div>
   <div class='ocr_carea' id='block_1_94' title="bbox 1813 3498 3403 3584">
    <p class='ocr_par' dir='ltr' id='par_1_94' title="bbox 1813 3498 3403 3584">
     <span class='ocr_line' id='line_1_94' title="bbox 1813 3498 3403 3584; baseline -0.008 -17"><span class='ocrx_word' id='word_1_784' title='bbox 1813 3508 2121 3582; x_wconf 70' lang='lat' dir='ltr'><strong>telligentia:</strong></span> <span class='ocrx_word' id='word_1_785' title='bbox 2144 3522 2211 3564; x_wconf 89' lang='lat' dir='ltr'><strong>ac</strong></span> <span class='ocrx_word' id='word_1_786' title='bbox 2240 3506 2397 3584; x_wconf 72' lang='lat' dir='ltr'><strong>bona:</strong></span> <span class='ocrx_word' id='word_1_787' title='bbox 2421 3505 2570 3570; x_wconf 67' lang='lat' dir='ltr'><strong>vita),</strong></span> <span class='ocrx_word' id='word_1_788' title='bbox 2599 3504 2689 3559; x_wconf 87' lang='lat' dir='ltr'><strong>cui</strong></span> <span class='ocrx_word' id='word_1_789' title='bbox 2719 3502 2837 3559; x_wconf 68' lang='lat' dir='ltr'><strong>haec</strong></span> <span class='ocrx_word' id='word_1_790' title='bbox 2860 3499 3068 3565; x_wconf 84' lang='lat' dir='ltr'><strong>retulit,</strong></span> <span class='ocrx_word' id='word_1_791' title='bbox 3093 3498 3157 3556; x_wconf 86' lang='lat' dir='ltr'><strong>ad</strong></span> <span class='ocrx_word' id='word_1_792' title='bbox 3182 3514 3278 3559; x_wconf 76' lang='lat' dir='ltr'><strong>me</strong></span> <span class='ocrx_word' id='word_1_793' title='bbox 3307 3514 3403 3555; x_wconf 85' lang='lat' dir='ltr'><strong>ae-</strong></span> 
     </span>
    </p>
   </div>
   <div class='ocr_carea' id='block_1_95' title="bbox 1813 3593 3402 3676">
    <p class='ocr_par' dir='ltr' id='par_1_95' title="bbox 1813 3593 3402 3676">
     <span class='ocr_line' id='line_1_95' title="bbox 1813 3593 3402 3676; baseline -0.009 -13"><span class='ocrx_word' id='word_1_794' title='bbox 1813 3606 2074 3665; x_wconf 83' lang='lat' dir='ltr'><strong>cersitum</strong></span> <span class='ocrx_word' id='word_1_795' title='bbox 2100 3619 2227 3676; x_wconf 80' lang='lat' dir='ltr'><strong>qua:</strong></span> <span class='ocrx_word' id='word_1_796' title='bbox 2252 3602 2458 3674; x_wconf 85' lang='lat' dir='ltr'><strong>scripta</strong></span> <span class='ocrx_word' id='word_1_797' title='bbox 2484 3607 2612 3656; x_wconf 91' lang='lat' dir='ltr'><strong>sunt</strong></span> <span class='ocrx_word' id='word_1_798' title='bbox 2642 3598 2773 3655; x_wconf 88' lang='lat' dir='ltr'><strong>mihi</strong></span> <span class='ocrx_word' id='word_1_799' title='bbox 2802 3613 2871 3654; x_wconf 84' lang='lat' dir='ltr'><strong>ex</strong></span> <span class='ocrx_word' id='word_1_800' title='bbox 2916 3595 3106 3653; x_wconf 82' lang='lat' dir='ltr'><strong>ordine</strong></span> <span class='ocrx_word' id='word_1_801' title='bbox 3139 3593 3243 3650; x_wconf 89' lang='lat' dir='ltr'><strong>feci</strong></span> <span class='ocrx_word' id='word_1_802' title='bbox 3272 3607 3402 3648; x_wconf 86' lang='lat' dir='ltr'><strong>nar-</strong></span> 
     </span>
    </p>
   </div>
   <div class='ocr_carea' id='block_1_96' title="bbox 1814 3684 3402 3763">
    <p class='ocr_par' dir='ltr' id='par_1_96' title="bbox 1814 3684 3402 3763">
     <span class='ocr_line' id='line_1_96' title="bbox 1814 3684 3402 3763; baseline -0.005 -8"><span class='ocrx_word' id='word_1_803' title='bbox 1814 3713 1961 3763; x_wconf 88' lang='lat' dir='ltr'><strong>rare,</strong></span> <span class='ocrx_word' id='word_1_804' title='bbox 1988 3711 2117 3751; x_wconf 84' lang='lat' dir='ltr'><strong>vera</strong></span> <span class='ocrx_word' id='word_1_805' title='bbox 2152 3695 2243 3750; x_wconf 88' lang='lat' dir='ltr'><strong>illa</strong></span> <span class='ocrx_word' id='word_1_806' title='bbox 2284 3709 2404 3751; x_wconf 86' lang='lat' dir='ltr'><strong>esse</strong></span> <span class='ocrx_word' id='word_1_807' title='bbox 2453 3693 2706 3756; x_wconf 85' lang='lat' dir='ltr'><strong>credens,</strong></span> <span class='ocrx_word' id='word_1_808' title='bbox 2734 3690 2865 3761; x_wconf 89' lang='lat' dir='ltr'><strong>quia</strong></span> <span class='ocrx_word' id='word_1_809' title='bbox 2899 3685 3227 3758; x_wconf 69' lang='lat' dir='ltr'><strong>huiusmodi,</strong></span> <span class='ocrx_word' id='word_1_810' title='bbox 3258 3692 3315 3743; x_wconf 77' lang='lat' dir='ltr'><strong>et</strong></span> <span class='ocrx_word' id='word_1_811' title='bbox 3342 3684 3402 3747; x_wconf 75' lang='lat' dir='ltr'><strong>iu</strong></span> 
     </span>
    </p>
   </div>
   <div class='ocr_carea' id='block_1_97' title="bbox 1814 3768 3402 3858">
    <p class='ocr_par' dir='ltr' id='par_1_97' title="bbox 1814 3768 3402 3858">
     <span class='ocr_line' id='line_1_97' title="bbox 1814 3768 3402 3858; baseline -0.007 -14"><span class='ocrx_word' id='word_1_812' title='bbox 1814 3791 1954 3846; x_wconf 86' lang='lat' dir='ltr'><strong>libro</strong></span> <span class='ocrx_word' id='word_1_813' title='bbox 2006 3768 2359 3858; x_wconf 81' lang='lat' dir='ltr'><strong>Dialogorum</strong></span> <span class='ocrx_word' id='word_1_814' title='bbox 2405 3784 2582 3841; x_wconf 87' lang='lat' dir='ltr'><strong>sancti</strong></span> <span class='ocrx_word' id='word_1_815' title='bbox 2633 3783 2905 3854; x_wconf 81' lang='lat' dir='ltr'><strong>Gregorii,</strong></span> <span class='ocrx_word' id='word_1_816' title='bbox 2956 3789 3012 3837; x_wconf 85' lang='lat' dir='ltr'><strong>et</strong></span> <span class='ocrx_word' id='word_1_817' title='bbox 3060 3782 3117 3838; x_wconf 90' lang='lat' dir='ltr'><strong>iu</strong></span> <span class='ocrx_word' id='word_1_818' title='bbox 3168 3778 3402 3843; x_wconf 76' lang='lat' dir='ltr'><strong>historia</strong></span> 
     </span>
    </p>
   </div>
   <div class='ocr_carea' id='block_1_98' title="bbox 1813 3867 3406 3952">
    <p class='ocr_par' dir='ltr' id='par_1_98' title="bbox 1813 3867 3406 3952">
     <span class='ocr_line' id='line_1_98' title="bbox 1813 3867 3406 3952; baseline -0.006 -17"><span class='ocrx_word' id='word_1_819' title='bbox 1813 3879 2134 3952; x_wconf 76' lang='lat' dir='ltr'><strong>Anglorum,</strong></span> <span class='ocrx_word' id='word_1_820' title='bbox 2169 3884 2227 3931; x_wconf 90' lang='lat' dir='ltr'><strong>et</strong></span> <span class='ocrx_word' id='word_1_821' title='bbox 2264 3876 2319 3931; x_wconf 90' lang='lat' dir='ltr'><strong>in</strong></span> <span class='ocrx_word' id='word_1_822' title='bbox 2362 3874 2583 3945; x_wconf 84' lang='lat' dir='ltr'><strong>scriptis</strong></span> <span class='ocrx_word' id='word_1_823' title='bbox 2623 3874 2796 3930; x_wconf 87' lang='lat' dir='ltr'><strong>sancti</strong></span> <span class='ocrx_word' id='word_1_824' title='bbox 2848 3871 3114 3929; x_wconf 81' lang='lat' dir='ltr'><strong>Bonifacii</strong></span> <span class='ocrx_word' id='word_1_825' title='bbox 3160 3867 3406 3941; x_wconf 79' lang='lat' dir='ltr'><strong>episcopi</strong></span> 
     </span>
    </p>
   </div>
   <div class='ocr_carea' id='block_1_99' title="bbox 1815 3962 3388 4042">
    <p class='ocr_par' dir='ltr' id='par_1_99' title="bbox 1815 3962 3388 4042">
     <span class='ocr_line' id='line_1_99' title="bbox 1815 3962 3388 4042; baseline -0.006 -14"><span class='ocrx_word' id='word_1_826' title='bbox 1815 3982 1873 4028; x_wconf 82' lang='lat' dir='ltr'><strong>et</strong></span> <span class='ocrx_word' id='word_1_827' title='bbox 1899 3970 2184 4042; x_wconf 85' lang='lat' dir='ltr'><strong>martyris,</strong></span> <span class='ocrx_word' id='word_1_828' title='bbox 2239 3968 2333 4023; x_wconf 91' lang='lat' dir='ltr'><strong>sed</strong></span> <span class='ocrx_word' id='word_1_829' title='bbox 2380 3974 2437 4022; x_wconf 90' lang='lat' dir='ltr'><strong>et</strong></span> <span class='ocrx_word' id='word_1_830' title='bbox 2466 3977 2711 4035; x_wconf 87' lang='lat' dir='ltr'><strong>tempore</strong></span> <span class='ocrx_word' id='word_1_831' title='bbox 2734 3964 2919 4020; x_wconf 86' lang='lat' dir='ltr'><strong>domui</strong></span> <span class='ocrx_word' id='word_1_832' title='bbox 2950 3962 3210 4019; x_wconf 78' lang='lat' dir='ltr'><strong>Ludovici</strong></span> <span class='ocrx_word' id='word_1_833' title='bbox 3240 3963 3388 4032; x_wconf 82' lang='lat' dir='ltr'><strong>impe</strong></span> 
     </span>
    </p>
   </div>
   <div class='ocr_carea' id='block_1_100' title="bbox 1817 4052 3406 4124">
    <p class='ocr_par' dir='ltr' id='par_1_100' title="bbox 1817 4052 3406 4124">
     <span class='ocr_line' id='line_1_100' title="bbox 1817 4052 3406 4124; baseline -0.004 -6"><span class='ocrx_word' id='word_1_834' title='bbox 1817 4062 2018 4119; x_wconf 85' lang='lat' dir='ltr'><strong>ratoris</strong></span> <span class='ocrx_word' id='word_1_835' title='bbox 2061 4068 2224 4117; x_wconf 62' lang='lat' dir='ltr'><strong>attate</strong></span> <span class='ocrx_word' id='word_1_836' title='bbox 2268 4065 2457 4114; x_wconf 86' lang='lat' dir='ltr'><strong>nostra</strong></span> <span class='ocrx_word' id='word_1_837' title='bbox 2498 4056 2712 4113; x_wconf 86' lang='lat' dir='ltr'><strong>cuidam</strong></span> <span class='ocrx_word' id='word_1_838' title='bbox 2759 4054 2969 4112; x_wconf 87' lang='lat' dir='ltr'><strong>Witino</strong></span> <span class='ocrx_word' id='word_1_839' title='bbox 3004 4055 3123 4110; x_wconf 84' lang='lat' dir='ltr'><strong>viro</strong></span> <span class='ocrx_word' id='word_1_840' title='bbox 3149 4052 3406 4124; x_wconf 80' lang='lat' dir='ltr'><strong>religioso</strong></span> 
     </span>
    </p>
   </div>
   <div class='ocr_carea' id='block_1_101' title="bbox 1817 4144 3404 4221">
    <p class='ocr_par' dir='ltr' id='par_1_101' title="bbox 1817 4144 3404 4221">
     <span class='ocr_line' id='line_1_101' title="bbox 1817 4144 3404 4221; baseline -0.006 -11"><span class='ocrx_word' id='word_1_841' title='bbox 1817 4153 2054 4210; x_wconf 82' lang='lat' dir='ltr'><strong>revelata</strong></span> <span class='ocrx_word' id='word_1_842' title='bbox 2092 4150 2281 4221; x_wconf 83' lang='lat' dir='ltr'><strong>relegi.</strong></span> <span class='ocrx_word' id='word_1_843' title='bbox 2317 4148 2489 4214; x_wconf 90' lang='lat' dir='ltr'><strong>Unde,</strong></span> <span class='ocrx_word' id='word_1_844' title='bbox 2544 4148 2745 4205; x_wconf 86' lang='lat' dir='ltr'><strong>fratres</strong></span> <span class='ocrx_word' id='word_1_845' title='bbox 2794 4145 3133 4211; x_wconf 83' lang='lat' dir='ltr'><strong>charissimi,</strong></span> <span class='ocrx_word' id='word_1_846' title='bbox 3171 4144 3289 4203; x_wconf 61' lang='lat' dir='ltr'><strong>haec</strong></span> <span class='ocrx_word' id='word_1_847' title='bbox 3314 4158 3404 4201; x_wconf 82' lang='lat' dir='ltr'><strong>re-</strong></span> 
     </span>
    </p>
   </div>
   <div class='ocr_carea' id='block_1_102' title="bbox 1818 4234 3407 4315">
    <p class='ocr_par' dir='ltr' id='par_1_102' title="bbox 1818 4234 3407 4315">
     <span class='ocr_line' id='line_1_102' title="bbox 1818 4234 3407 4315; baseline -0.004 -16"><span class='ocrx_word' id='word_1_848' title='bbox 1818 4244 2059 4315; x_wconf 86' lang='lat' dir='ltr'><strong>legentes</strong></span> <span class='ocrx_word' id='word_1_849' title='bbox 2086 4250 2303 4312; x_wconf 86' lang='lat' dir='ltr'><strong>semper</strong></span> <span class='ocrx_word' id='word_1_850' title='bbox 2326 4238 2514 4310; x_wconf 83' lang='lat' dir='ltr'><strong>pavidi</strong></span> <span class='ocrx_word' id='word_1_851' title='bbox 2532 4252 2860 4308; x_wconf 85' lang='lat' dir='ltr'><strong>semperque</strong></span> <span class='ocrx_word' id='word_1_852' title='bbox 2888 4236 3149 4308; x_wconf 86' lang='lat' dir='ltr'><strong>suspecti,</strong></span> <span class='ocrx_word' id='word_1_853' title='bbox 3184 4236 3311 4293; x_wconf 86' lang='lat' dir='ltr'><strong>dum</strong></span> <span class='ocrx_word' id='word_1_854' title='bbox 3344 4234 3407 4293; x_wconf 72' lang='lat' dir='ltr'><strong>in</strong></span> 
     </span>
    </p>
   </div>
   <div class='ocr_carea' id='block_1_103' title="bbox 1817 4315 3405 4407">
    <p class='ocr_par' dir='ltr' id='par_1_103' title="bbox 1817 4315 3405 4407">
     <span class='ocr_line' id='line_1_103' title="bbox 1817 4315 3405 4407; baseline -0.004 -14"><span class='ocrx_word' id='word_1_855' title='bbox 1817 4339 1922 4393; x_wconf 74' lang='lat' dir='ltr'><strong>hoc</strong></span> <span class='ocrx_word' id='word_1_856' title='bbox 1976 4315 2213 4407; x_wconf 65' lang='lat' dir='ltr'><strong>corpore</strong></span> <span class='ocrx_word' id='word_1_857' title='bbox 2253 4350 2473 4399; x_wconf 85' lang='lat' dir='ltr'><strong>sumus,</strong></span> <span class='ocrx_word' id='word_1_858' title='bbox 2529 4334 2598 4390; x_wconf 88' lang='lat' dir='ltr'><strong>de</strong></span> <span class='ocrx_word' id='word_1_859' title='bbox 2646 4325 3027 4391; x_wconf 70' lang='lat' dir='ltr'><strong>mansionibus</strong></span> <span class='ocrx_word' id='word_1_860' title='bbox 3070 4346 3209 4402; x_wconf 81' lang='lat' dir='ltr'><strong>quas</strong></span> <span class='ocrx_word' id='word_1_861' title='bbox 3251 4331 3405 4388; x_wconf 73' lang='lat' dir='ltr'><strong>exuti</strong></span> 
     </span>
    </p>
   </div>
   <div class='ocr_carea' id='block_1_104' title="bbox 1818 4421 3429 4498">
    <p class='ocr_par' dir='ltr' id='par_1_104' title="bbox 1818 4421 3429 4498">
     <span class='ocr_line' id='line_1_104' title="bbox 1818 4421 3429 4498; baseline -0.002 -16"><span class='ocrx_word' id='word_1_862' title='bbox 1818 4427 2137 4498; x_wconf 83' lang='lat' dir='ltr'><strong>corporibus</strong></span> <span class='ocrx_word' id='word_1_863' title='bbox 2162 4425 2403 4482; x_wconf 86' lang='lat' dir='ltr'><strong>habituri</strong></span> <span class='ocrx_word' id='word_1_864' title='bbox 2447 4439 2661 4489; x_wconf 82' lang='lat' dir='ltr'><strong>sumus,</strong></span> <span class='ocrx_word' id='word_1_865' title='bbox 2688 4423 3014 4495; x_wconf 84' lang='lat' dir='ltr'><strong>cogitantes,</strong></span> <span class='ocrx_word' id='word_1_866' title='bbox 3044 4421 3285 4479; x_wconf 78' lang='lat' dir='ltr'><strong>remedia</strong></span> <span class='ocrx_word' id='word_1_867' title='bbox 3304 4436 3392 4479; x_wconf 81' lang='lat' dir='ltr'><strong>ne</strong></span> <span class='ocrx_word' id='word_1_868' title='bbox 3418 4450 3429 4469; x_wconf 54' lang='grc' dir='ltr'><em>κ</em></span> 
     </span>
    </p>
   </div>
   <div class='ocr_carea' id='block_1_105' title="bbox 1820 4501 3477 4586">
    <p class='ocr_par' dir='ltr' id='par_1_105' title="bbox 1820 4501 3477 4586">
     <span class='ocr_line' id='line_1_105' title="bbox 1820 4501 3477 4586; baseline -0.001 -11"><span class='ocrx_word' id='word_1_869' title='bbox 1820 4518 1907 4575; x_wconf 87' lang='lat' dir='ltr'><strong>his</strong></span> <span class='ocrx_word' id='word_1_870' title='bbox 1928 4536 1961 4575; x_wconf 72' lang='grc' dir='ltr'>ει</span> <span class='ocrx_word' id='word_1_871' title='bbox 1989 4518 2099 4573; x_wconf 89' lang='lat' dir='ltr'><strong>Deo</strong></span> <span class='ocrx_word' id='word_1_872' title='bbox 2129 4518 2402 4575; x_wconf 83' lang='lat' dir='ltr'><strong>insinuata</strong></span> <span class='ocrx_word' id='word_1_873' title='bbox 2420 4525 2586 4586; x_wconf 81' lang='lat' dir='ltr'><strong>atque</strong></span> <span class='ocrx_word' id='word_1_874' title='bbox 2608 4514 2806 4573; x_wconf 69' lang='lat' dir='ltr'><strong>collata</strong></span> <span class='ocrx_word' id='word_1_875' title='bbox 2830 4530 2941 4573; x_wconf 82' lang='lat' dir='ltr'><strong>non</strong></span> <span class='ocrx_word' id='word_1_876' title='bbox 2964 4511 3324 4585; x_wconf 66' lang='lat' dir='ltr'><strong>negligemus.</strong></span> <span class='ocrx_word' id='word_1_877' title='bbox 3350 4519 3404 4573; x_wconf 70' lang='lat' dir='ltr'><strong>at</strong></span> <span class='ocrx_word' id='word_1_878' title='bbox 3459 4501 3477 4519; x_wconf 81' lang='grc'><em>’</em></span> 
     </span>
    </p>
   </div>
   <div class='ocr_carea' id='block_1_106' title="bbox 1827 4603 3404 4677">
    <p class='ocr_par' dir='ltr' id='par_1_106' title="bbox 1827 4603 3404 4677">
     <span class='ocr_line' id='line_1_106' title="bbox 1827 4603 3404 4677; baseline 0 -12"><span class='ocrx_word' id='word_1_879' title='bbox 1827 4610 2155 4665; x_wconf 85' lang='lat' dir='ltr'><strong>commissos</strong></span> <span class='ocrx_word' id='word_1_880' title='bbox 2183 4608 2357 4673; x_wconf 90' lang='lat' dir='ltr'><strong>nobis,</strong></span> <span class='ocrx_word' id='word_1_881' title='bbox 2402 4622 2468 4662; x_wconf 86' lang='lat' dir='ltr'><strong>ac</strong></span> <span class='ocrx_word' id='word_1_882' title='bbox 2490 4620 2845 4677; x_wconf 86' lang='lat' dir='ltr'><strong>quoscunque</strong></span> <span class='ocrx_word' id='word_1_883' title='bbox 2884 4605 3036 4663; x_wconf 76' lang='lat' dir='ltr'><strong>adire</strong></span> <span class='ocrx_word' id='word_1_884' title='bbox 3082 4603 3404 4675; x_wconf 72' lang='lat' dir='ltr'><strong>poterimus,</strong></span> 
     </span>
    </p>
   </div>
   <div class='ocr_carea' id='block_1_107' title="bbox 1822 4697 3401 4773">
    <p class='ocr_par' dir='ltr' id='par_1_107' title="bbox 1822 4697 3401 4773">
     <span class='ocr_line' id='line_1_107' title="bbox 1822 4697 3401 4773; baseline 0.001 -15"><span class='ocrx_word' id='word_1_885' title='bbox 1822 4718 1929 4759; x_wconf 88' lang='lat' dir='ltr'><strong>non</strong></span> <span class='ocrx_word' id='word_1_886' title='bbox 1967 4701 2238 4773; x_wconf 74' lang='lat' dir='ltr'><strong>negligere</strong></span> <span class='ocrx_word' id='word_1_887' title='bbox 2284 4714 2767 4765; x_wconf 81' lang='lat' dir='ltr'><strong>eommoneamns,</strong></span> <span class='ocrx_word' id='word_1_888' title='bbox 2809 4699 2939 4768; x_wconf 86' lang='lat' dir='ltr'><strong>quia</strong></span> <span class='ocrx_word' id='word_1_889' title='bbox 2988 4697 3071 4755; x_wconf 87' lang='lat' dir='ltr'><strong>sic</strong></span> <span class='ocrx_word' id='word_1_890' title='bbox 3097 4712 3246 4755; x_wconf 82' lang='lat' dir='ltr'><strong>mors</strong></span> <span class='ocrx_word' id='word_1_891' title='bbox 3272 4712 3401 4759; x_wconf 68' lang='lat' dir='ltr'><strong>cum</strong></span> 
     </span>
    </p>
   </div>
   <div class='ocr_carea' id='block_1_108' title="bbox 1822 4792 3427 4864">
    <p class='ocr_par' dir='ltr' id='par_1_108' title="bbox 1822 4792 3427 4864">
     <span class='ocr_line' id='line_1_108' title="bbox 1822 4792 3427 4864; baseline -0.003 -10"><span class='ocrx_word' id='word_1_892' title='bbox 1822 4797 2032 4854; x_wconf 82' lang='lat' dir='ltr'><strong>venerit</strong></span> <span class='ocrx_word' id='word_1_893' title='bbox 2072 4795 2333 4858; x_wconf 83' lang='lat' dir='ltr'><strong>vincitur,</strong></span> <span class='ocrx_word' id='word_1_894' title='bbox 2355 4794 2401 4850; x_wconf 88' lang='lat' dir='ltr'><strong>si</strong></span> <span class='ocrx_word' id='word_1_895' title='bbox 2444 4802 2735 4863; x_wconf 84' lang='lat' dir='ltr'><strong>antequam</strong></span> <span class='ocrx_word' id='word_1_896' title='bbox 2764 4794 2945 4851; x_wconf 88' lang='lat' dir='ltr'><strong>veniat</strong></span> <span class='ocrx_word' id='word_1_897' title='bbox 2971 4807 3190 4864; x_wconf 76' lang='lat' dir='ltr'><strong>semper</strong></span> <span class='ocrx_word' id='word_1_898' title='bbox 3216 4792 3383 4849; x_wconf 66' lang='lat' dir='ltr'><strong>times</strong></span> <span class='ocrx_word' id='word_1_899' title='bbox 3424 4830 3427 4835; x_wconf 59' lang='grc' dir='ltr'><em>α</em></span> 
     </span>
    </p>
   </div>
   <div class='ocr_carea' id='block_1_109' title="bbox 1827 4882 3417 4957">
    <p class='ocr_par' dir='ltr' id='par_1_109' title="bbox 1827 4882 3417 4957">
     <span class='ocr_line' id='line_1_109' title="bbox 1827 4882 3417 4957; baseline -0.003 -12"><span class='ocrx_word' id='word_1_900' title='bbox 1827 4898 1932 4945; x_wconf 83' lang='lat' dir='ltr'><strong>tur.</strong></span> <span class='ocrx_word' id='word_1_901' title='bbox 1950 4888 2062 4947; x_wconf 80' lang='lat' dir='ltr'><strong>Pro</strong></span> <span class='ocrx_word' id='word_1_902' title='bbox 2090 4887 2291 4943; x_wconf 85' lang='lat' dir='ltr'><strong>domno</strong></span> <span class='ocrx_word' id='word_1_903' title='bbox 2329 4901 2549 4957; x_wconf 83' lang='lat' dir='ltr'><strong>quoque</strong></span> <span class='ocrx_word' id='word_1_904' title='bbox 2588 4894 2780 4945; x_wconf 82' lang='lat' dir='ltr'><strong>nostro</strong></span> <span class='ocrx_word' id='word_1_905' title='bbox 2808 4884 3084 4956; x_wconf 82' lang='lat' dir='ltr'><strong>qttondam</strong></span> <span class='ocrx_word' id='word_1_906' title='bbox 3137 4897 3265 4954; x_wconf 81' lang='lat' dir='ltr'><strong>rege</strong></span> <span class='ocrx_word' id='word_1_907' title='bbox 3290 4882 3417 4941; x_wconf 81' lang='lat' dir='ltr'><strong>CII--</strong></span> 
     </span>
    </p>
   </div>
   <div class='ocr_carea' id='block_1_110' title="bbox 1824 4972 3423 5044">
    <p class='ocr_par' dir='ltr' id='par_1_110' title="bbox 1824 4972 3423 5044">
     <span class='ocr_line' id='line_1_110' title="bbox 1824 4972 3423 5044; baseline -0.004 -7"><span class='ocrx_word' id='word_1_908' title='bbox 1824 4980 1962 5044; x_wconf 86' lang='lat' dir='ltr'><strong>rolo,</strong></span> <span class='ocrx_word' id='word_1_909' title='bbox 1999 4987 2059 5034; x_wconf 89' lang='lat' dir='ltr'><strong>ut</strong></span> <span class='ocrx_word' id='word_1_910' title='bbox 2086 4979 2136 5035; x_wconf 86' lang='lat' dir='ltr'><strong>ei</strong></span> <span class='ocrx_word' id='word_1_911' title='bbox 2168 4978 2432 5035; x_wconf 78' lang='lat' dir='ltr'><strong>Dominus</strong></span> <span class='ocrx_word' id='word_1_912' title='bbox 2474 4977 2616 5037; x_wconf 85' lang='lat' dir='ltr'><strong>bona</strong></span> <span class='ocrx_word' id='word_1_913' title='bbox 2658 4985 2862 5036; x_wconf 61' lang='lat' dir='ltr'><strong>eterna</strong></span> <span class='ocrx_word' id='word_1_914' title='bbox 2908 4973 3176 5038; x_wconf 70' lang='lat' dir='ltr'><strong>conferat.</strong></span> <span class='ocrx_word' id='word_1_915' title='bbox 3207 4972 3423 5031; x_wconf 59' lang='lat' dir='ltr'><strong>studi».-~</strong></span> 
     </span>
    </p>
   </div>
   <div class='ocr_carea' id='block_1_111' title="bbox 1820 5064 3411 5141">
    <p class='ocr_par' dir='ltr' id='par_1_111' title="bbox 1820 5064 3411 5141">
     <span class='ocr_line' id='line_1_111' title="bbox 1820 5064 3411 5141; baseline -0.003 -15"><span class='ocrx_word' id='word_1_916' title='bbox 1820 5071 2033 5127; x_wconf 86' lang='lat' dir='ltr'><strong>sissime</strong></span> <span class='ocrx_word' id='word_1_917' title='bbox 2087 5069 2478 5139; x_wconf 84' lang='lat' dir='ltr'><strong>imploremns,</strong></span> <span class='ocrx_word' id='word_1_918' title='bbox 2528 5085 2628 5141; x_wconf 88' lang='lat' dir='ltr'><strong>per</strong></span> <span class='ocrx_word' id='word_1_919' title='bbox 2677 5068 2833 5141; x_wconf 69' lang='lat' dir='ltr'><strong>cuius</strong></span> <span class='ocrx_word' id='word_1_920' title='bbox 2872 5072 3203 5138; x_wconf 74' lang='lat' dir='ltr'><strong>potesme</strong></span> <span class='ocrx_word' id='word_1_921' title='bbox 3244 5064 3411 5122; x_wconf 77' lang='lat' dir='ltr'><strong>nobis</strong></span> 
     </span>
    </p>
   </div>
   <div class='ocr_carea' id='block_1_112' title="bbox 1820 5155 3421 5241">
    <p class='ocr_par' dir='ltr' id='par_1_112' title="bbox 1820 5155 3421 5241">
     <span class='ocr_line' id='line_1_112' title="bbox 1820 5155 3421 5241; baseline -0.004 -24"><span class='ocrx_word' id='word_1_922' title='bbox 1820 5162 1961 5217; x_wconf 92' lang='lat' dir='ltr'><strong>bona</strong></span> <span class='ocrx_word' id='word_1_923' title='bbox 1988 5160 2305 5231; x_wconf 85' lang='lat' dir='ltr'><strong>temporalia</strong></span> <span class='ocrx_word' id='word_1_924' title='bbox 2329 5160 2581 5218; x_wconf 84' lang='lat' dir='ltr'><strong>contulit.</strong></span> <span class='ocrx_word' id='word_1_925' title='bbox 2612 5159 2672 5214; x_wconf 85' lang='lat' dir='ltr'><strong>In</strong></span> <span class='ocrx_word' id='word_1_926' title='bbox 2697 5173 2812 5241; x_wconf 68' lang='lat' dir='ltr'><strong>quo</strong></span> <span class='ocrx_word' id='word_1_927' title='bbox 2832 5171 2902 5214; x_wconf 79' lang='lat' dir='ltr'><strong>ex</strong></span> <span class='ocrx_word' id='word_1_928' title='bbox 2934 5157 3036 5212; x_wconf 77' lang='lat' dir='ltr'><strong>hac</strong></span> <span class='ocrx_word' id='word_1_929' title='bbox 3059 5155 3269 5215; x_wconf 81' lang='lat' dir='ltr'><strong>visione</strong></span> <span class='ocrx_word' id='word_1_930' title='bbox 3296 5155 3421 5217; x_wconf 73' lang='lat' dir='ltr'><strong>dno.</strong></span> 
     </span>
    </p>
   </div>
   <div class='ocr_carea' id='block_1_113' title="bbox 1814 5247 3402 5323">
    <p class='ocr_par' dir='ltr' id='par_1_113' title="bbox 1814 5247 3402 5323">
     <span class='ocr_line' id='line_1_113' title="bbox 1814 5247 3402 5323; baseline -0.002 -16"><span class='ocrx_word' id='word_1_931' title='bbox 1814 5250 2019 5321; x_wconf 86' lang='lat' dir='ltr'><strong>judicia</strong></span> <span class='ocrx_word' id='word_1_932' title='bbox 2054 5252 2269 5308; x_wconf 89' lang='lat' dir='ltr'><strong>Domini</strong></span> <span class='ocrx_word' id='word_1_933' title='bbox 2307 5253 2646 5323; x_wconf 81' lang='lat' dir='ltr'><strong>perpendere</strong></span> <span class='ocrx_word' id='word_1_934' title='bbox 2696 5264 2985 5321; x_wconf 75' lang='lat' dir='ltr'><strong>possumus</strong></span> <span class='ocrx_word' id='word_1_935' title='bbox 3020 5267 3035 5302; x_wconf 88' lang='lat'><strong>:</strong></span> <span class='ocrx_word' id='word_1_936' title='bbox 3065 5247 3322 5304; x_wconf 84' lang='lat' dir='ltr'><strong>videlicet</strong></span> <span class='ocrx_word' id='word_1_937' title='bbox 3342 5257 3402 5304; x_wconf 85' lang='lat' dir='ltr'><strong>ut</strong></span> 
     </span>
    </p>
   </div>
   <div class='ocr_carea' id='block_1_114' title="bbox 1820 5337 3419 5413">
    <p class='ocr_par' dir='ltr' id='par_1_114' title="bbox 1820 5337 3419 5413">
     <span class='ocr_line' id='line_1_114' title="bbox 1820 5337 3419 5413; baseline -0.002 -15"><span class='ocrx_word' id='word_1_938' title='bbox 1820 5358 1944 5398; x_wconf 86' lang='lat' dir='ltr'><strong>cum</strong></span> <span class='ocrx_word' id='word_1_939' title='bbox 1968 5342 2146 5413; x_wconf 63' lang='lat' dir='ltr'><strong>paruis</strong></span> <span class='ocrx_word' id='word_1_940' title='bbox 2169 5358 2306 5413; x_wconf 82' lang='lat' dir='ltr'><strong>quas</strong></span> <span class='ocrx_word' id='word_1_941' title='bbox 2328 5341 2653 5406; x_wconf 86' lang='lat' dir='ltr'><strong>sustinebat,</strong></span> <span class='ocrx_word' id='word_1_942' title='bbox 2675 5340 2843 5395; x_wconf 75' lang='lat' dir='ltr'><strong>etiam</strong></span> <span class='ocrx_word' id='word_1_943' title='bbox 2865 5354 2933 5396; x_wconf 78' lang='lat' dir='ltr'><strong>ex</strong></span> <span class='ocrx_word' id='word_1_944' title='bbox 2950 5337 3165 5411; x_wconf 67' lang='lat' dir='ltr'><strong>objecta</strong></span> <span class='ocrx_word' id='word_1_945' title='bbox 3193 5346 3419 5395; x_wconf 62' lang='lat' dir='ltr'><strong>eam</strong></span> 
     </span>
    </p>
   </div>
   <div class='ocr_carea' id='block_1_115' title="bbox 1828 5429 3407 5504">
    <p class='ocr_par' dir='ltr' id='par_1_115' title="bbox 1828 5429 3407 5504">
     <span class='ocr_line' id='line_1_115' title="bbox 1828 5429 3407 5504; baseline -0.004 -17"><span class='ocrx_word' id='word_1_946' title='bbox 1828 5448 1952 5487; x_wconf 80' lang='lat' dir='ltr'><strong>runt</strong></span> <span class='ocrx_word' id='word_1_947' title='bbox 1976 5433 2165 5504; x_wconf 87' lang='lat' dir='ltr'><strong>requie</strong></span> <span class='ocrx_word' id='word_1_948' title='bbox 2208 5440 2270 5486; x_wconf 91' lang='lat' dir='ltr'><strong>ut</strong></span> <span class='ocrx_word' id='word_1_949' title='bbox 2303 5431 2425 5488; x_wconf 89' lang='lat' dir='ltr'><strong>luce</strong></span> <span class='ocrx_word' id='word_1_950' title='bbox 2457 5430 2834 5500; x_wconf 84' lang='lat' dir='ltr'><strong>resplendente</strong></span> <span class='ocrx_word' id='word_1_951' title='bbox 2872 5446 2906 5486; x_wconf 83' lang='lat' dir='ltr'><strong>a</strong></span> <span class='ocrx_word' id='word_1_952' title='bbox 2933 5429 3112 5502; x_wconf 82' lang='lat' dir='ltr'><strong>longe,</strong></span> <span class='ocrx_word' id='word_1_953' title='bbox 3148 5429 3245 5501; x_wconf 83' lang='lat' dir='ltr'><strong>qui</strong></span> <span class='ocrx_word' id='word_1_954' title='bbox 3274 5442 3407 5499; x_wconf 65' lang='lat' dir='ltr'><strong>pater</strong></span> 
     </span>
    </p>
   </div>
   <div class='ocr_carea' id='block_1_116' title="bbox 1828 5524 3419 5596">
    <p class='ocr_par' dir='ltr' id='par_1_116' title="bbox 1828 5524 3419 5596">
     <span class='ocr_line' id='line_1_116' title="bbox 1828 5524 3419 5596; baseline -0.003 -13"><span class='ocrx_word' id='word_1_955' title='bbox 1828 5528 2027 5583; x_wconf 86' lang='lat' dir='ltr'><strong>mereri</strong></span> <span class='ocrx_word' id='word_1_956' title='bbox 2079 5527 2135 5581; x_wconf 89' lang='lat' dir='ltr'><strong>in</strong></span> <span class='ocrx_word' id='word_1_957' title='bbox 2163 5539 2391 5595; x_wconf 86' lang='lat' dir='ltr'><strong>corpore</strong></span> <span class='ocrx_word' id='word_1_958' title='bbox 2417 5524 2626 5596; x_wconf 75' lang='lat' dir='ltr'><strong>positus</strong></span> <span class='ocrx_word' id='word_1_959' title='bbox 2666 5533 2882 5594; x_wconf 88' lang='lat' dir='ltr'><strong>poterat</strong></span> <span class='ocrx_word' id='word_1_960' title='bbox 2906 5533 2964 5581; x_wconf 93' lang='lat' dir='ltr'><strong>et</strong></span> <span class='ocrx_word' id='word_1_961' title='bbox 3004 5524 3238 5581; x_wconf 80' lang='lat' dir='ltr'><strong>necdum</strong></span> <span class='ocrx_word' id='word_1_962' title='bbox 3284 5538 3419 5595; x_wconf 68' lang='lat' dir='ltr'><strong>pro-</strong></span> 
     </span>
    </p>
   </div>
   <div class='ocr_carea' id='block_1_117' title="bbox 1829 5613 3411 5688">
    <p class='ocr_par' dir='ltr' id='par_1_117' title="bbox 1829 5613 3411 5688">
     <span class='ocr_line' id='line_1_117' title="bbox 1829 5613 3411 5688; baseline -0.001 -14"><span class='ocrx_word' id='word_1_963' title='bbox 1829 5620 2042 5682; x_wconf 88' lang='lat' dir='ltr'><strong>meruit,</strong></span> <span class='ocrx_word' id='word_1_964' title='bbox 2093 5619 2428 5673; x_wconf 88' lang='lat' dir='ltr'><strong>conseieutia</strong></span> <span class='ocrx_word' id='word_1_965' title='bbox 2481 5613 2868 5687; x_wconf 83' lang='lat' dir='ltr'><strong>torqueretur:</strong></span> <span class='ocrx_word' id='word_1_966' title='bbox 2921 5631 3192 5688; x_wconf 72' lang='lat' dir='ltr'><strong>quemque</strong></span> <span class='ocrx_word' id='word_1_967' title='bbox 3228 5615 3411 5673; x_wconf 75' lang='lat' dir='ltr'><strong>futura</strong></span> 
     </span>
    </p>
   </div>
   <div class='ocr_carea' id='block_1_118' title="bbox 1829 5709 3411 5781">
    <p class='ocr_par' dir='ltr' id='par_1_118' title="bbox 1829 5709 3411 5781">
     <span class='ocr_line' id='line_1_118' title="bbox 1829 5709 3411 5781; baseline -0.001 -15"><span class='ocrx_word' id='word_1_968' title='bbox 1829 5728 1951 5781; x_wconf 85' lang='lat' dir='ltr'><strong>spes</strong></span> <span class='ocrx_word' id='word_1_969' title='bbox 1998 5709 2388 5780; x_wconf 90' lang='lat' dir='ltr'><strong>aliquantulum</strong></span> <span class='ocrx_word' id='word_1_970' title='bbox 2424 5711 2727 5777; x_wconf 83' lang='lat' dir='ltr'><strong>refovebat,</strong></span> <span class='ocrx_word' id='word_1_971' title='bbox 2751 5711 2896 5767; x_wconf 81' lang='lat' dir='ltr'><strong>sicut</strong></span> <span class='ocrx_word' id='word_1_972' title='bbox 2919 5721 3095 5767; x_wconf 90' lang='lat' dir='ltr'><strong>etnos</strong></span> <span class='ocrx_word' id='word_1_973' title='bbox 3121 5709 3411 5765; x_wconf 78' lang='lat' dir='ltr'><strong>hortantur</strong></span> 
     </span>
    </p>
   </div>
   <div class='ocr_carea' id='block_1_119' title="bbox 1830 5798 3415 5875">
    <p class='ocr_par' dir='ltr' id='par_1_119' title="bbox 1830 5798 3415 5875">
     <span class='ocr_line' id='line_1_119' title="bbox 1830 5798 3415 5875; baseline 0.001 -15"><span class='ocrx_word' id='word_1_974' title='bbox 1830 5802 2145 5875; x_wconf 67' lang='lat' dir='ltr'><strong>Scriptum,</strong></span> <span class='ocrx_word' id='word_1_975' title='bbox 2174 5810 2234 5856; x_wconf 84' lang='lat' dir='ltr'><strong>ut</strong></span> <span class='ocrx_word' id='word_1_976' title='bbox 2274 5801 2353 5858; x_wconf 87' lang='lat' dir='ltr'><strong>sic.</strong></span> <span class='ocrx_word' id='word_1_977' title='bbox 2394 5810 2615 5873; x_wconf 90' lang='lat' dir='ltr'><strong>peccata</strong></span> <span class='ocrx_word' id='word_1_978' title='bbox 2653 5810 2833 5861; x_wconf 86' lang='lat' dir='ltr'><strong>nostra</strong></span> <span class='ocrx_word' id='word_1_979' title='bbox 2860 5798 3204 5874; x_wconf 83' lang='lat' dir='ltr'><strong>perturbent.</strong></span> <span class='ocrx_word' id='word_1_980' title='bbox 3229 5807 3415 5875; x_wconf 68' lang='lat' dir='ltr'><strong>quate-</strong></span> 
     </span>
    </p>
   </div>
  </div>
