4010 6330
526 345 676 409 1119

1354 339 1684 401 maenaa!
1720 334 1930 400 nam
1970 327 2289 400 ARCHIEP.
2328 332 2696 399 causeam
2731 326 2962 395 vatus;

3682 338 3811 395 ΝΞΟ

545 479 649 523 nus
688 477 841 519 mens
878 461 931 515 in
972 457 1405 531 desperationem
1462 472 1567 512 non
1612 465 1859 528 proruat,
1899 455 1978 510 sic
2022 454 2116 509 Dei
2148 460 2195 520 Α
2228 455 2410 519 terito,
2442 468 2604 510 causa
2641 450 2983 507 certitudinis
3011 446 3155 505 dicta
3193 444 3449 520 legimus,
3489 458 3550 505 et
3580 450 3813 521 visiones

536 554 916 623 misericordia
942 566 1042 607 nos
1073 550 1331 615 refoveat,
1363 559 1422 604 ut
1461 548 1609 604 nullo
1656 549 1816 603 modo
1851 547 2125 619 negligen—

543 657 628 703 tes
659 646 872 702 reddat.
924 643 1030 698 Sed
1079 650 1135 698 et
1175 658 1275 713 pro
1324 641 1582 697 fratribus
1630 641 1848 704 nostris,
1896 639 1987 710 qui
2028 652 2126 693 nos

545 752 668 794 cum
697 738 853 806 signo
896 733 1015 788 ﬁdei
1052 733 1104 786 in
1139 734 1347 787 mutate
1385 740 1585 786 sanctae
1622 730 1875 785 Ecclesize
1892 718 2151 799 prteces-V

545 837 755 890 serunt,
788 821 1092 880 dilectionis
1116 824 1418 878 visceribus
1456 822 1666 878 Domini
1700 820 2124 877 misericordiam

544 920 916 988 deprecemur,
953 927 1010 968 ut
1055 929 1155 984 pro
1201 914 1395 969 solatio
1437 914 1542 969 illis
1592 914 1841 984 impenso
1886 911 2124 967 fraterna

544 1022 645 1063 nos
663 1007 730 1060 ad
748 1007 978 1061 invicem
1003 1006 1270 1062 charitate
1292 1005 1660 1071 consolemur,
1689 1006 1830 1061 sicut
1860 1005 2125 1075 scriptum

541 1109 646 1165 est,
691 1099 856 1167 frater
888 1100 1107 1169 fratrem
1148 1098 1366 1168 adjuvat
1396 1095 1579 1170 (Prov.
1634 1098 1811 1167 xvut),
1856 1104 1912 1152 et
1968 1095 2130 1151 ambo

541 1191 909 1250 consolentur.
962 1192 1037 1248 llli
1079 1192 1296 1262 quidem
1342 1192 1433 1263 qui
1465 1207 1563 1247 nos
1610 1198 2027 1262 prtecesserunt,
2063 1190 2131 1245 de

542 1282 829 1339 charitatis
856 1281 1054 1337 solatio
1093 1282 1196 1338 sibi
1236 1297 1268 1336 a
1318 1281 1477 1337 nobis
1528 1282 1793 1352 impenso,
1835 1290 1891 1336 et
1934 1296 2035 1336 nos
2062 1280 2130 1335 de

545 1371 801 1427 fraternae
840 1372 1144 1428 dilectionis
1178 1373 1375 1429 merito
1419 1390 1451 1428 a
1496 1373 1606 1429 Deo
1654 1374 1810 1429 nobis
1847 1373 2126 1429 reddendo

543 1463 907 1518 consolemur.
957 1462 1223 1519 Czeterum
1284 1465 1428 1536 quod
1498 1464 1771 1520 redivivus
1818 1464 1908 1519 ille
1952 1464 2129 1530 dixit,

547 1555 809 1625 quosdam
838 1571 896 1610 se
924 1557 1075 1624 prius
1114 1557 1167 1611 in
1205 1556 1401 1627 pcenis,
1439 1564 1495 1612 et
1544 1556 1943 1626 subsequenter
1976 1555 2131 1625 quasi

513 1646 806 1705 .liberatos
849 1648 1077 1714 vidisse,
1117 1648 1519 1720 intelligendum
1552 1649 1783 1713 aestimo,
1820 1647 1947 1718 quia
1987 1648 2031 1702 si
2064 1662 2129 1702 ea

544 1728 651 1810 pro
674 1736 784 1796 illis
803 1750 955 1812 gesta
994 1740 1195 1798 fuerint
1221 1758 1342 1812 quae
1390 1742 1684 1812 petiemnt,
1716 1741 1971 1797 liberatio
2001 1740 2129 1795 sub-

2227 549 2613 620 prophetarum
2648 556 2701 602 et
2728 544 2954 600 aliorum
3000 552 3333 606 sanctorum,
3363 560 3465 616 per
3492 545 3715 615 species
3745 546 3820 599 di-

2228 656 2416 698 versas
2459 649 2704 696 ostensas
2732 638 2899 693 fuisse
2945 636 3345 707 cognoscimus.
3387 636 3530 704 Quia
3580 638 3819 692 nonduin

2229 734 2297 789 ad
2329 734 2432 789 hoc
2458 731 2807 803 pervenimus
2834 728 2977 801 quod
3030 728 3292 797 scriptum
3319 736 3424 791 est,
3461 727 3610 796 facie
3641 726 3718 779 ad
3744 724 3823 795 fs-

2229 827 2358 881 ciem
2410 824 2620 879 Domini
2657 823 2881 894 gloriam
2925 819 3250 892 speculantes
3280 818 3331 891 (I
3353 818 3476 874 Cor.
3500 820 3657 887 xm).
3684 815 3822 873 Nm-

2230 918 2357 973 dum
2393 917 2537 972 enim
2588 922 2814 985 apparet
2846 912 2976 983 quid
3006 912 3211 967 erimus
3244 929 3257 965 :
3297 919 3353 966 et
3402 909 3536 966 licet
3584 910 3819 964 nondum

2231 1016 2491 1077 appareat
2517 1006 2645 1077 quid
2677 1006 2900 1071 erimus,
2932 1018 3030 1075 spe
3055 1013 3235 1059 tamen
3280 1001 3413 1057 salvi
3443 1001 3579 1057 facti
3615 1015 3820 1057 sumus.

2233 1097 2435 1165 Verum
2474 1098 2601 1167 quia
2644 1111 2792 1153 mors
2844 1105 2995 1151 certa
3038 1103 3095 1151 et
3126 1094 3306 1150 exitus
3349 1093 3526 1148 nostri
3566 1093 3706 1148 hora
3732 1108 3824 1146 no—

2231 1193 2315 1248 bis
2348 1201 2433 1247 est
2470 1192 2711 1257 incerta,
2758 1191 3019 1247 debemus
3062 1187 3247 1245 sedula
3305 1197 3487 1243 mente
3547 1187 3824 1241 ruminare

2234 1282 2555 1339 sententiam
2579 1281 2723 1338 beati
2757 1281 3008 1352 Prosperi
3039 1281 3106 1337 de
3128 1280 3311 1335 verbis
3337 1279 3515 1334 sancti
3539 1279 3823 1347 Augustini

2233 1388 2302 1430 ex
2342 1372 2634 1441 Scriptum
2664 1372 2880 1427 tramite
2924 1372 3256 1435 adnotatam,
3302 1383 3424 1440 qute
3453 1369 3533 1422 ita
3575 1385 3638 1423 se
3668 1368 3825 1423 habet

2235 1465 2375 1538 (cap.
2407 1464 2499 1534 20)
2525 1483 2538 1518 :
2569 1484 2587 1516 ι
2624 1463 2855 1520 Peccata
2880 1465 2994 1519 sive
3026 1474 3212 1535 parva,
3240 1462 3355 1518 sive
3382 1476 3612 1533 magna,
3654 1461 3827 1529 impu-

2234 1561 2347 1616 nita
2374 1573 2495 1616 esse
2521 1574 2627 1614 non
2652 1564 2897 1630 possunt,
2945 1558 3070 1627 quia
3103 1564 3197 1611 aut
3234 1555 3459 1610 homine
3504 1554 3826 1623 pmnitente,

2234 1662 2328 1708 aut
2350 1653 2460 1707 Deo
2480 1651 2762 1723 iudicante
2789 1649 3115 1721 plectuntur.
3146 1648 3334 1703 Cessat
3365 1656 3557 1700 autem
3588 1645 3824 1700 vindicta

2235 1744 2438 1809 divina,
2480 1744 2525 1798 si
2548 1743 2833 1799 conversio
2857 1749 3156 1812 praecurrat
3190 1742 3447 1797 humana.
3480 1740 3650 1793 Amat
3685 1738 3826 1793 estita

547 1841 823 1900 sequetur,
888 1848 1011 1902 qua:
1051 1834 1393 1904 specietenus
1440 1834 1760 1889 ostenditur.
1827 1831 1961 1888 Nam
1992 1843 2047 1889 et
2077 1836 2130 1888 in
2169 1822 2217 1882 Β
2246 1835 2387 1889 Deus
2422 1832 2807 1889 conﬁtentibus
2847 1847 3073 1902 parcere
3099 1873 3114 1899 ,
3163 1841 3216 1887 et
3242 1844 3339 1886 eos
3366 1831 3463 1901 qui
3500 1829 3826 1899 semetipsos

548 1919 849 2011 Scripturis
867 1939 1015 1996 saepe
1038 1924 1239 1993 futura,
1257 1926 1415 1997 quasi
1438 1925 1551 1997 iam
1569 1925 1709 1981 facta
1733 1932 1975 1997 tempore
1997 1940 2134 1995 prae-

2237 1923 2503 1995 iudicant,
2529 1939 2634 1979 non
2652 1920 2921 1991 judicare.
2952 1942 2970 1974 ι

553 2090 3830 2123 —-—-—-—-———-——————-—-—-—-—-—-————————————————-——-————-—o——

2031 2230 2329 2312 XVIII.

1039 2408 1437 2474 HINCMARI
1492 2409 1936 2477 CONSILIUM
1992 2413 2102 2475 DE
2151 2413 2685 2477 POENITENTIA
2735 2415 3016 2477 PIPPINI
3072 2413 3327 2477 REGIS.

1413 2539 1416 2543 ἢ
1477 2583 1640 2647 (Apud
1666 2582 1914 2645 eumdem,
1940 2594 2006 2634 ex
2026 2581 2197 2634 codice
2218 2585 2270 2635 S.
2294 2582 2546 2635 Laurentii
2570 2580 2902 2647 Lcodlensis.)

626 2839 866 2899 Sanctus
895 2853 1033 2911 papa
1084 2838 1379 2911 Gregorius
1424 2840 1480 2894 in
1521 2840 1755 2897 decretis
1803 2841 1870 2896 ad
1898 2840 2143 2897 Felicem

553 2930 893 2987 Siciliensem
942 2929 1255 2998 episcopum
1306 2927 1552 2984 dilliuivit
1604 2930 1791 2986 dicens
1845 2929 1979 3001 (lib.
2031 2946 2143 2995 xu,

552 3023 704 3090 epist.
735 3020 827 3091 '52)
855 3037 868 3072 :
905 3039 923 3070 ‹
958 3017 1275 3088 Progeniem
1319 3034 1473 3073 suam
1500 3033 1943 3090 unumquemque
1967 3022 2032 3076 de
2062 3021 2147 3077 his

555 3114 649 3184 qui
681 3113 916 3167 ﬁdeliter
953 3112 1152 3176 edocti,
1184 3120 1240 3165 et
1283 3110 1399 3181 iam
1443 3111 1651 3167 ﬁrmata
1690 3113 1872 3168 radice
1918 3113 2147 3184 plantati

500 3218 515 3225 '
553 3215 701 3263 stant
722 3204 1044 3269 inconvulsi,
1061 3220 1231 3274 usque
1245 3204 1311 3258 ad
1340 3194 1622 3275 septimam
1643 3205 1937 3260 observare
1955 3206 2142 3262 decer-

554 3299 733 3354 nimus
766 3297 1269 3369 generationem,et
1317 3295 1556 3366 quandiu
1587 3310 1646 3351 se
1686 3284 2145 3367 cognoscunt‘aﬂl-

553 3390 725 3445 nitate
750 3388 1098 3457 propinquos,
1123 3386 1190 3440 ad
1217 3384 1378 3455 huius
1404 3385 1610 3454 copulae
1638 3401 1744 3441 non
1774 3387 2037 3441 accedere
2059 3401 2144 3441 so-

553 3478 803 3535 cietatem
825 3494 837 3531 :
855 3492 956 3532 nec
965 3489 1275 3545 eam,quam
1289 3473 1487 3544 aliquis
1505 3489 1573 3527 ex
1583 3474 1804 3544 propria
1821 3474 2162 3544 consangui-‘

554 3569 724 3625 nitate
754 3566 1037 3638 coniugem
1074 3565 1284 3631 habuit,
1307 3565 1389 3618 vel
1428 3564 1608 3632 aliqua
1638 3564 1823 3619 illicita
1847 3564 2143 3634 pollutione

555 3661 923 3725 maculavit,in
940 3657 1249 3730 coniugium
1267 3658 1467 3712 ducere
1478 3656 1570 3711 ulli
1589 3657 1832 3727 proiecto
1854 3657 1977 3713 licet
1992 3658 2142 3714 Chri-

2248 2849 2482 2896 mortem
2532 2839 2722 2896 saltem
2746 2881 2762 2906 ,
2797 2837 2965 2894 solius
2993 2821 3411 2895 misericordiae
3458 2838 3653 2896 intuitu
3680 2879 3700 2902 .
3738 2853 3836 2910 per

2246 2937 2644 2993 communionis
2671 2935 2900 3006 gratiam
2927 2935 3099 3005 possit
3128 2933 3469 3005 indulgentia
3497 2932 3827 2990 subveniri.»

2243 3026 2301 3081 ln
2331 3026 2435 3081 hoc
2459 3025 2696 3096 capitulo
2721 3034 2832 3081 stat
2863 3024 3023 3079 modo
3048 3023 3336 3094 Pippinus,
3368 3033 3429 3079 et
3454 3025 3508 3079 in
3548 3024 3654 3079 alio
3686 3025 3835 3094 capio

2245 3119 2357 3173 tnlo
2382 3119 2525 3190 quod
2557 3119 2625 3174 de
2669 3117 2931 3188 apostatis
2960 3117 3103 3173 idem
3149 3115 3380 3172 Siricius
3420 3117 3659 3172 decrevit
3693 3117 3831 3186 (cap.

2243 3209 2303 3279 '5)
2338 3227 2351 3263 :
2387 3227 2407 3260 ι
2440 3208 2575 3276 Quia
2613 3223 2743 3264 vero
2787 3223 2931 3263 nunc
2960 3207 3091 3263 dicit
3136 3222 3194 3262 se
3222 3208 3494 3277 poenitere
3541 3209 3605 3263 de
3631 3216 3836 3278 praete-

2247 3303 2369 3357 ritis
2396 3302 2568 3368 malis,
2597 3302 2725 3371 quia
2753 3301 2999 3357 habitum
3026 3308 3081 3355 et
3108 3299 3504 3371 professionem
3554 3315 3714 3354 suam
3745 3298 3836 3354 de-

2243 3393 2435 3456 seruit,
2464 3401 2519 3448 et
2559 3400 2959 3447 sacramentum
2989 3406 3097 3460 quo
3129 3406 3190 3446 se
3238 3391 3567 3446 constrinxit
3596 3389 3838 3462 graviter

2241 3483 2481 3551 violavit,
2505 3495 2561 3540 et
2585 3484 2712 3555 quia
2742 3499 2866 3539 cum
2900 3483 3128 3555 paganis
3157 3498 3217 3538 se
3235 3481 3425 3551 iunxit,
3451 3491 3510 3537 et
3536 3482 3837 3552 proﬁtetur

2242 3591 2302 3633 se
2345 3576 2411 3631 ad
2457 3592 2610 3631 suam
2637 3575 3031 3646 professionem
3072 3584 3128 3629 et
3159 3574 3398 3629 habitum
3424 3572 3573 3629 velle
3608 3575 3833 3630 redire:

2241 3670 2497 3740 quoniam
2526 3669 2670 3724 illius
2697 3684 2862 3724 causa
2888 3667 3132 3740 synodali
3160 3665 3475 3722 dillinitione
3505 3675 3676 3736 atque
3690 3666 3835 3738 iudi-

556 3755 878 3818 stianorum,
900 3752 982 3808 vel
1012 3751 1216 3815 licebit,
1239 3750 1365 3820 quia
1398 3750 1737 3806 incestuosus
1775 3759 1863 3806 est
1895 3750 2143 3807 taliscoi-
2241 3762 2327 3817 cio
2349 3765 2563 3817 decreta
2604 3760 2728 3825 fuit,
2751 3760 2796 3815 si
2825 3768 3040 3830 tempus
3069 3768 3125 3814 el,
3162 3758 3314 3814 locus
3343 3759 3719 3828 ρει-πιαιίιιρινειν
3748 3774 3834 3830 3’.

559 3855 664 3910 tus,
683 3854 737 3900 et
759 3843 1135 3900 abominabilis
1160 3843 1288 3907 Deo,
1314 3849 1371 3897 et
1388 3842 1600 3897 cunctis
1631 3842 1958 3897 hominibus.
1987 3842 2138 3898 lnce-
2240 3852 2417 3907 nodali
2448 3850 2654 3920 judicio
2679 3850 2951 3906 immutari
2977 3850 3257 3904 debacmt,
3285 3847 3441 3904 Nunc
3467 3859 3681 3915 autem,
3708 3847 3831 3919 quia

558 3947 775 3992 stuosos
802 3952 935 3992 vero
984 3935 1133 3991 nullo
1189 3932 1424 4004 coniugii
1481 3934 1699 3989 nomine
1740 3934 2077 4004 deputandos
2106 3948 2138 3989 a
2241 3941 2368 3996 huic
2391 3941 2678 4011 judicium,
2708 3948 2764 3995 et
2802 3939 2929 3994 hinc
2958 3954 3056 3994 nos
3087 3940 3409 3994 circumstat
3434 3939 3830 4003 misericordia,

557 4029 763 4085 sam-tis
808 4027 1062 4082 Patribus
1112 4027 1311 4091 dudum
1366 4035 1628 4080 statutum
1662 4041 1784 4082 esse
1834 4025 2081 4098 legimus.
2113 4047 2132 4080 ι
2239 4048 2341 4105 pro
2362 4034 2568 4105 judicio
2594 4032 2833 4105 synodali
2860 4032 3133 4103 sequenda
3158 4032 3313 4088 nobis
3335 4043 3463 4088 sunt
3489 4048 3615 4103 qua:
3636 4048 3671 4087 a
3701 4032 3830 4088 sedc

558 4120 626 4177 Et
656 4122 784 4177 item
815 4136 948 4190 papa
998 4118 1294 4189 Gregorius
1321 4119 1448 4174 hinc
1492 4118 1634 4173 inter
1680 4118 1786 4172 alia
1834 4119 1888 4173 in
1920 4118 2140 4178 decreto
2241 4127 2533 4197 apostolica
2582 4138 2638 4181 et
2683 4141 2780 4196 per
2818 4126 3097 4198 synodalia
3142 4127 3346 4197 iudicia
3395 4137 3530 4183 sunt
3573 4111 3824 4194 dillinita,

559 4210 799 4285 synodali
831 4220 954 4265 ante
984 4210 1124 4266 beati
1150 4209 1297 4265 Petri
1325 4223 1525 4279 corpus
1556 4206 1803 4263 dil'ﬁnivit
1831 4208 1934 4265 hoc
1975 4210 2159 4268 modo'
2241 4220 2455 4276 dicente
2499 4219 2661 4275 beato
2703 4218 2883 4275 Leone
2924 4217 3095 4291 (epist.
3129 4219 3198 4273 59
3220 4219 3297 4272 nd
3335 4217 3585 4288 Πηρώ),
3617 4222 3749 4289 quia
3779 4220 3830 4274 in

560 4302 745 4375 (Greg.
778 4300 840 4362 ll.
869 4319 992 4356 can.
1021 4299 1076 4371 9)
1110 4317 1124 4355 :
1162 4321 1181 4354 ‹
1221 4300 1279 4356 Si
1309 4300 1432 4371 quis
1460 4300 1526 4356 de
1548 4300 2135 4372 propria'cognatione,
2240 4312 2618 4389 dispensandi;
2665 4311 2757 4367 Dei
2783 4311 2941 4367 donis
2967 4326 3073 4367 non
3114 4310 3378 4367 debemus
3411 4326 3538 4367 esse
3566 4309 3830 4372 diﬁcit-,5,

555 4407 612 4454 et
645 4414 808 4468 quam
850 4406 1112 4467 cognatus
1138 4397 1350 4462 habuit,
1382 4399 1598 4453 duxerit
1648 4397 1704 4451 in
1733 4411 1980 4462 uxorem,
2009 4413 2140 4453 ana—
2239 4417 2342 4459 nec
2369 4402 2740 4459 accusantium
2766 4416 2826 4457 se
2848 4402 3083 4471 gemitus
3112 4400 3498 4472 lacrymasque
3532 4403 3829 4475 negligere,

558 4491 741 4545 thema
768 4491 858 4544 sit.
883 4490 953 4544 Et
986 4490 1378 4559 responderunt
1401 4505 1591 4544 omnes
1622 4490 1803 4553 tertio,
1833 4489 2137 4546 Anathema
2240 4508 2363 4549 cum
2408 4494 2579 4563 ipsam
2613 4493 2908 4563 ptenitendi
2942 4489 3282 4547 all‘ectionem
3316 4505 3384 4546 ex
3417 4492 3515 4547 Dei
3540 4495 3829 4548 credamus

556 4580 647 4635 sit.
697 4599 717 4631 ι
756 4580 823 4633 Ει
853 4579 979 4634 hinc
1021 4580 1162 4634 sacri
1214 4594 1451 4635 canones
1499 4579 1685 4633 dicunt
1738 4579 1907 4648 (conc.
1958 4577 2133 4648 Epau.
2164 4596 2217 4656 Ῑ)
2243 4583 2594 4653 inspiratione
2617 4589 2955 4652 conceptam,
2985 4580 3200 4636 dicente
3232 4580 3494 4651 Apostolo
3528 4599 3544 4633 :
3580 4580 3668 4635 Ne
3704 4582 3833 4651 forte

554 4688 676 4729 can.
715 4673 807 4742 ’50)
840 4688 857 4727 :
902 4692 920 4724 ε
959 4671 1032 4727 De
1056 4672 1274 4727 incestis
1303 4670 1776 4739 coniunctionibus
1818 4670 1953 4725 nihil
1978 4685 2137 4740 pror-
2242 4672 2328 4725 det
2373 4670 2481 4725 illis
2512 4670 2656 4725 Deus
2695 4671 3069 4741 paenitentiam,
3101 4679 3162 4723 ut
3202 4670 3516 4740 resipiscam
3558 4687 3594 4723 α
3634 4670 3833 4726 diuidi

555 4783 649 4825 sus
670 4768 843 4826 venia:
868 4779 1231 4829 reservamus,
1265 4764 1369 4819 nisi
1394 4769 1545 4820 cum’
1562 4763 1885 4820 adulterium
1913 4777 2134 4834 separa-
2241 4764 2465 4836 laqueis,
2488 4782 2520 4819 α
2547 4781 2649 4836 quo
2677 4765 2814 4835 capti
2833 4773 3074 4819 tenentur
3098 4765 3168 4818 ad
3192 4766 3360 4835 ipsis:
3388 4765 3719 4821 voluntate-
3742 4764 3828 4836 (ΙΙ

555 4861 703 4917 tione
756 4860 1085 4916 sanaverint.
1143 4849 1483 4914 Incestuosos
1529 4872 1658 4914 vero
1703 4856 1851 4913 nullo
1899 4855 2135 4928 coniugii
2244 4856 2378 4912 Tim.
2410 4856 2473 4932 ι).
2506 4878 2526 4911 ι
2561 4857 2629 4913 Et
2659 4857 2789 4913 item
2822 4856 2965 4913 idem
2997 4857 3051 4912 in
3079 4857 3316 4913 decretis
3343 4859 3460 4913 suis
3485 4859 3626 4914 dicit
3655 4860 3827 4931 (epist.

553 4954 775 5009 nomine
798 4952 1148 5024 deputandos,
1178 4966 1314 5022 quos
1340 4951 1505 5007 etiam
1541 4951 1823 5022 designare
1859 4949 2133 5006 funestum

556 5051 661 5098 est.
725 5042 868 5098 Sane
918 5041 1116 5112 quibus
1163 5040 1477 5113 coniunctio
1527 5040 1716 5096 illicita
1769 5040 2131 5106 interdicitur,

554 5130 830 5188 habebunt
858 5132 1077 5187 ineundi
1111 5130 1352 5187 melioris
1375 5129 1615 5201 coniugii
1641 5129 1968 5185 libertatem.
2004 5149 2022 5181 ι

627 5220 862 5277 Sanctus
900 5222 1130 5279 Siricius
1176 5222 1230 5276 in
1284 5220 1520 5276 decretis
1559 5220 1705 5280 suis,
1760 5219 1825 5273 de
1875 5220 2138 5289 apostatis

556 5313 841 5369 monachis
872 5312 1007 5382 (cap.
1050 5313 1105 5382 6)
1137 5329 1150 5366 :
1194 5330 1214 5363 ι
1245 5311 1375 5375 llas,
1408 5311 1601 5380 inquit,
1648 5309 1950 5379 impudicas
1989 5312 2140 5368 dete—

555 5406 884 5474 stabilesque
914 5420 1173 5476 personas
1217 5420 1246 5460 a
1295 5402 1744 5460 monasteriorum
1774 5415 1917 5458 coetu
1967 5405 2140 5461 eccle-

555 5499 866 5567 siarumque
885 5498 1240 5553 conventibus
1262 5496 1624 5551 eliminandas
1646 5511 1766 5551 esse
1790 5496 2130 5551 mandamus:

555 5600 823 5661 quatenus
867 5600 1093 5647 retrusa!
1122 5591 1175 5646 iu
1228 5592 1341 5646 suis
1389 5591 1702 5661 ergastulis,
1756 5599 1964 5646 tantum
2010 5590 2138 5645 faci-

558 5697 661 5735 nus
697 5684 950 5736 continua
998 5681 1383 5736 lamentatione
1433 5681 1692 5736 dellentes
1718 5720 1733 5745 ,
1772 5680 2140 5749 puriﬁeaturio

557 5771 767 5843 pOSsint
815 5773 1169 5841 plenitudinis
1198 5774 1320 5842 igne
1372 5772 1695 5842 decoquere,
1729 5779 1790 5825 ut
1815 5771 1897 5826 eis
1938 5770 2025 5827 vel
2072 5771 2142 5825 ad

2239 4948 2327 5011 95,
2357 4964 2479 5020 cap.
2513 4950 2602 5020 l3)
2629 4966 2642 5002 :
2683 4966 2704 5000 ‹
2741 4949 3081 5018 Propositum
3114 4949 3390 5015 monachi,
3421 4950 3651 5021 proprio
3680 4941 3830 5006 arb}-

2242 5041 2347 5095 trio
2370 5049 2463 5094 aut
2489 5040 2767 5096 voluntate
2785 5048 3115 5110 susceptum,
3138 5039 3315 5095 deseri
3352 5055 3460 5097 non
3493 5049 3680 5111 potest
3702 5041 3828 5095 abs-

2238 5146 2344 5201 que
2381 5140 2623 5201 pcccato.
2670 5130 2825 5198 Quod
2863 5132 3011 5187 enim
3037 5131 3161 5201 quis
3186 5131 3338 5187 vovit
3378 5132 3493 5188 Deo
3517 5174 3534 5199 ,
3574 5133 3730 5189 debet
3772 5133 3826 5187 ei

2241 5222 2486 5278 reddere.
2520 5219 2676 5277 Unde
2702 5222 2796 5291 qui
2823 5222 3007 5279 relicta
3035 5223 3433 5294 singularitatis
3464 5224 3827 5295 professione,

2243 5317 2309 5369 ad
2332 5315 2576 5370 militiam
2606 5316 2687 5370 vel
2714 5317 2935 5386 nuptias
2956 5315 3242 5371 devolutus
3267 5324 3371 5381 est,
3396 5317 3637 5386 publica
3660 5317 3835 5390 {xeni-

2245 5406 2424 5460 tentiae
2454 5405 2831 5461 satisfactione
2876 5406 3188 5478 purgandus
3210 5416 3333 5463 est:
3364 5407 3496 5477 quia
3543 5409 3651 5464 etsi
3679 5409 3835 5463 inno-

2244 5515 2373 5555 cens
2420 5501 2631 5565 militia,
2660 5511 2716 5554 et
2770 5501 3054 5555 honestum
3098 5509 3278 5570 potest
3328 5515 3453 5557 esse
3496 5500 3831 5571 coniugium,

2246 5589 2560 5644 electionem
2593 5590 2874 5644 meliorum
2906 5591 3210 5647 deseruisse
3252 5593 3619 5662 transgressio
3664 5601 3770 5646 est.
3810 5611 3829 5642 ι

2247 5681 2314 5734 Et
2340 5681 2466 5749 quia
2494 5681 2750 5750 Pippinus
2778 5695 2840 5735 se
2885 5682 3114 5752 paganis
3141 5682 3397 5747 sociavit,
3429 5697 3540 5751 qua
3566 5685 3832 5738 societate

2249 5772 2417 5826 multa
2446 5770 2588 5826 mala
2619 5771 2676 5827 in
2703 5769 3116 5831 Christianitati:
3142 5770 3390 5846 profecta
3417 5781 3570 5839 sunt,
3599 5787 3837 5844 sequen-
