4010 6330
110 357 249 414 1121

1375 361 1464 417 DE
1504 360 1708 418 VILLA
1769 359 2161 424 ΝονιιιΑεο.
2203 399 2208 406 -

3271 376 3412 436 MSS

106 474 236 527 dum
268 479 358 526 est
392 470 457 526 de
483 485 546 525 eo
575 469 772 526 Leonis
804 472 1091 542 capitulum
1119 488 1224 543 quo
1266 471 1399 528 dicit
1426 474 1596 545 (epist.
1627 474 1716 540 95,
1748 478 1794 538 Α
1817 476 2079 544 judicium
2133 477 2317 547 (Jorm.
2378 480 2440 550 ιι)
2471 521 2486 548 ,
2534 490 2590 538 et
2633 483 2702 539 de
2755 485 3022 542 charitate
3073 489 3406 550 eoufratrutn

105 581 152 616 c.
180 563 269 632 l6)
299 581 311 616 :
351 583 370 614 ‹
401 563 456 616 Si
480 563 725 618 convivio
754 565 868 620 solo
891 566 1198 636 gentilium,
1223 574 1276 620 et
1295 567 1435 621 escis
1467 566 1710 621 immola-

107 662 248 716 tit'tis
279 661 366 716 usi
400 672 543 727 sunt,
570 672 788 730 possunt
812 663 1034 733 jejuniis
1064 674 1119 720 et
1146 682 1336 720 manus
1364 667 1708 735 impositione

102 754 363 826 purgari,
403 762 460 807 ut
509 754 763 824 deinceps
788 754 858 809 ab
893 755 1192 812 idolothitis
1239 759 1592 823 abstinentes,
1621 774 1711 813 sa-

101 856 527 906 cramentorum
575 846 778 904 Christi
835 849 1043 919 possint
1097 866 1219 906 esse
1277 851 1588 921 participes.
1648 851 1706 906 Si

102 951 291 996 autem
340 939 487 1004 idola
523 940 903 1006 adoraveruut,
936 954 1030 996 aut
1060 943 1364 999 homicidiis
1408 943 1490 998 vel
1538 943 1706 1000 forni-

101 1033 424 1088 cationihus
470 1034 828 1090 contaminati
857 1045 1006 1100 sunt,
1039 1036 1104 1089 ad
1135 1039 1571 1092 communionem
1612 1052 1706 1094 eos

99 1127 202 1180 nisi
230 1142 336 1196 per
362 1127 745 1197 pmnitentiam
772 1129 1042 1198 publicam
1063 1145 1172 1186 non
1195 1141 1409 1200 oportet
1431 1132 1662 1187 admitti.
1679 1152 1696 1186 ι

96 1219 164 1275 Ει
196 1219 412 1274 Nicmni
463 1235 700 1276 canones
733 1221 873 1292 (ean.
915 1222 1003 1293 11)
1032 1223 1100 1280 de
1131 1224 1214 1279 his
1243 1225 1334 1294 qui
1383 1235 1582 1296 praeter
1611 1241 1705 1282 ne—

95 1310 429 1368 cessitatem
475 1305 816 1382 pracvaricati
849 1322 993 1380 sunt,
1023 1316 1254 1385 qualiter
1283 1319 1584 1388 pteuiteant
1622 1319 1704 1374 di-

94 1412 228 1458 eunt
258 1403 446 1476 (epist.
483 1405 569 1469 59,
604 1405 822 1479 Thead.)
854 1407 990 1474 Quia
1020 1423 1169 1475 vero,
1199 1419 1257 1464 ιιι
1291 1399 1498 1475 'audivi,
1540 1425 1700 1482 para-

93 1496 194 1568 lysi
226 1497 376 1551 solet
411 1496 672 1568 Pippinus
697 1501 923 1570 percuti,
956 1503 1230 1573 sequenda
1257 1513 1339 1558 est
1369 1504 1434 1558 de
1461 1502 1552 1558 illo
1579 1517 1704 1558 sen-

94 1589 261 1644 tentia
288 1591 481 1660 magni
513 1591 728 1654 Leonis,
757 1607 863 1663 qua
893 1593 1024 1648 dicit
1051 1595 1118 1649 de
1141 1595 1226 1650 his
1248 1597 1339 1665 qui
1373 1597 1424 1650 in
1457 1607 1701 1667 tempore

89 1682 471 1746 necessitatis,
501 1683 633 1737 etin
666 1683 888 1753 periculi
922 1685 1162 1755 urgentis
1191 1687 1473 1751 instantia,
1507 1689 1699 1756 praesi-

90 1774 234 1828 dintn
264 1775 616 1843 pmnitentiaa
638 1784 693 1832 et
718 1790 844 1830 mox
872 1777 1334 1834 reconciliationis
1377 1779 1695 1848 implorant,

1814 578 2161 636 nostrorum,
2235 583 2291 628 et
2366 575 2431 630 de
2499 577 2822 634 auctoritate
2891 596 3170 638 sacrorum
3241 603 3409 643 cano-

1814 677 1942 716 num
1979 670 2034 717 et
2080 665 2395 732 pontificum
2450 666 2854 734 llonrauorum,
2905 673 3274 732 exhortandus
3321 690 3408 736 est
3471 662 3480 668 ’

1814 755 2112 825 Pippinus,
2183 767 2239 811 ut
2297 774 2486 827 puram
2557 760 2957 818 confessionem
3023 767 3092 821 de
3146 770 3401 826 omnibus

1811 847 2049 917 peccatis
2097 848 2250 912 suis,
2307 865 2425 918 qua:
2497 851 2565 907 ab
2593 853 2844 913 .ineunte
2905 866 3066 911 :etate
3119 871 3404 930 perpetra-

1809 944 1909 1009 vit,
1973 952 2180 999 secrete
2225 943 2424 1009 faciat,
2472 947 2599 1016 quia
2655 947 2794 1003 forte
2854 949 2982 1004 talia
3041 963 3267 1020 peccata
3327 955 3404 1010 fe-

1808 1037 1905 1101 cit,
1945 1051 2066 1106 qua:
2097 1044 2252 1106 turpe
2279 1046 2366 1092 est
2407 1037 2570 1091 etiam
2605 1037 2656 1091 in
2690 1039 2961 1107 publicum
2993 1043 3192 1108 dicere,
3237 1055 3296 1100 et
3333 1048 3402 1102 de

1808 1126 1918 1181 hoc
1943 1125 2088 1196 quod
2117 1140 2275 1180 suum
2311 1126 2557 1181 habitum
2590 1127 2795 1184 dimisit
2823 1139 2878 1184 et
2904 1145 2963 1185 se
2995 1133 3314 1202 petjuravit,
3345 1145 3401 1191 et

1805 1217 1932 1286 quia
1978 1231 2100 1272 eum
2145 1218 2372 1288 paganis
2417 1233 2478 1275 se
2516 1217 2719 1288 jnnxit,
2760 1219 2828 1275 de
2867 1237 2975 1291 qua
3022 1239 3120 1278 sua
3166 1227 3398 1298 conjun-

1805 1309 1988 1363 ctione
2014 1308 2184 1363 multa
2223 1309 2538 1366 niala’sunt
2585 1321 2918 1382 perpetrata,
2945 1328 3129 1369 coram
3160 1317 3397 1374 Ecclesia

1805 1399 1950 1455 inter
1978 1399 2196 1468 publice
2238 1400 2566 1471 ptenitentes
2595 1417 2654 1457 se
2701 1402 3126 1474 lacrymabiliter
3153 1419 3396 1475 accuset,

1807 1497 1864 1544 et
1891 1491 2268 1558 paenitentiam
2297 1499 2354 1548 et
2401 1493 2894 1550 reconciliationem
2925 1495 3202 1552 humiliter
3224 1507 3392 1569 petat,

1805 1590 1862 1637 et
1890 1581 1956 1638 de
1985 1583 2238 1639 omnibus
2275 1599 2396 1654 qua:
2419 1585 2504 1640 vel
2533 1595 2744 1643 secrete
2774 1588 3058 1644 confessus
3087 1589 3273 1656 fuerit,
3309 1591 3396 1648 vel

1802 1675 2021 1746 publice
2061 1679 2422 1746 accusaverit,
2469 1694 2568 1749 per
2602 1695 2797 1736 manus
2834 1683 3232 1752 impositionem
3280 1686 3395 1754 epi-

1804 1770 2041 1840 scopalis
2077 1771 2418 1827 auctoritatis
2441 1771 2656 1843 publice
2681 1773 3084 1840 reconcilietur,
3116 1785 3172 1830 et
3196 1789 3392 1832 recon~

88 1881 188 1920 nec
236 1864 558 1922 satisfactio
609 1867 985 1923 interdicenda
1034 1879 1142 1934 est,
1173 1885 1273 1926 nec
1326 1872 1697 1926 reconciliatio
1729 1845 1777 1907 Β
1807 1860 2024 1918 cilialus
2071 1870 2353 1918 tonsuram
2403 1862 2710 1918 clericalem
2755 1864 3007 1934 accipiat.
3054 1874 3112 1920 et
3148 1865 3391 1923 habitum

86 1957 438 2028 deneganda,
487 1959 614 2028 quia
667 1959 1060 2016 misericordiae
1114 1960 1210 2016 Dei
1253 1977 1353 2018 nec
1410 1977 1696 2020 mensuras

83 2063 382 2120 possumus
419 2066 643 2121 ponere,
670 2068 770 2108 nec
803 2061 1046 2123 tempora
1084 2053 1336 2120 diﬂinire,
1366 2057 1504 2126 apud
1530 2071 1691 2127 quem

85 2143 261 2198 nuHas
291 2143 516 2213 patitur
540 2144 713 2198 venia
759 2159 944 2200 moras
992 2160 1121 2200 vera
1159 2146 1446 2213 confessio,
1479 2150 1694 2206 dicente

84 2231 177 2290 Dei
207 2235 423 2305 spiritu
467 2250 566 2304 per
611 2237 932 2306 prophetam
961 2255 973 2289 :
1002 2235 1133 2292 Cum
1183 2240 1496 2310 ingemueris
1523 2281 1537 2306 ,
1569 2250 1692 2296 tunc

81 2323 255 2379 salvus
277 2327 397 2379 eris
426 2324 561 2395 (Isa.
596 2334 774 2396 XLIII).
801 2327 870 2382 Et
904 2328 1100 2383 iterum
1132 2347 1144 2383 :
1184 2329 1324 2396 Quia
1345 2332 1486 2401 apud
1515 2332 1692 2386 Domi-

83 2429 204 2468 num
228 2415 612 2469 misericordia
636 2427 740 2480 est,
767 2427 816 2471 et
855 2418 1066 2488 copiosa
1098 2420 1238 2491 apud
1269 2437 1387 2474 eum
1409 2421 1688 2490 redemptio

85 2504 258 2578 (Psat.
289 2507 514 2578 cuiu).
553 2526 571 2560 ι
605 2508 674 2563 Ει
721 2509 1066 2565 Innocentius
1097 2512 1231 2566 dixit
1263 2513 1436 2584 (epist.
1469 2513 1538 2568 29
1587 2513 1690 2568 De-

86 2597 246 2666 cent.)
285 2613 301 2651 :
340 2617 359 2650 ‹
399 2599 475 2654 De
514 2601 922 2668 paenitentibus,
957 2603 1048 2672 qui
1095 2604 1209 2659 sive
1237 2619 1306 2659 ex
1351 2606 1687 2674 gravioribus

85 2690 427 2754 commissis,
459 2690 573 2746 sive
604 2707 670 2746 ex
709 2691 1005 2747 levioribus
1046 2695 1423 2763 paenitentiam
1466 2705 1684 2767 gerunt,

85 2783 128 2838 si
177 2784 332 2838 nulla
403 2784 729 2838 interveniat
772 2786 1076 2854 aegritudo,
1127 2786 1317 2856 quinta
1367 2786 1500 2842 feria
1557 2798 1686 2845 ante

84 2872 294 2932 Pascha
321 2875 407 2929 eis
458 2876 839 2930 remittendum
869 2875 1130 2933 Romanae
1154 2877 1408 2938 Ecclesiae
1458 2895 1686 2936 consue-

83 2970 210 3022 tudo
241 2968 614 3024 demonstrat.
655 2967 924 3025 Caeterum
980 2971 1046 3026 de
1091 2972 1331 3041 pondere
1365 2973 1684 3030 a-stimando

85 3057 430 3121 delictorum,
467 3061 770 3116 sacerdotis
813 3071 899 3116 est
923 3060 1192 3131 judicare,
1221 3072 1280 3118 ut
1324 3065 1568 3121 attendat
1615 3066 1681 3120 ad

83 3148 487 3203 confessionem
512 3151 844 3218 poeuitentis,
866 3160 923 3206 et
940 3153 1008 3207 ad
1033 3152 1194 3208 ﬂetus
1218 3163 1386 3225 atque
1407 3155 1679 3224 lacrymas

1799 1953 2158 2008 monasticam
2205 1953 2452 2023 recipiat,
2497 1962 2553 2008 et
2603 1953 2926 2024 profiteatur
2978 1970 3040 2012 se
3089 1956 3155 2011 de
3192 1966 3391 2014 caetero

1797 2059 2016 2100 servare
2036 2060 2158 2115 qua:
2181 2047 2472 2117 expetit-,et
2496 2047 2736 2118 expedit,
2769 2057 2826 2102 et
2851 2048 2931 2104 sic
2953 2049 3389 2105 communionem

1795 2139 1940 2194 sacri
1971 2137 2161 2193 altaris
2202 2138 2452 2208 recipiat.
2493 2137 2897 2194 Reconciliatus
2925 2147 3107 2194 autem
3153 2140 3389 2212 benigne

1797 2237 2085 2296 tractetur,
2115 2237 2172 2285 et
2205 2229 2299 2285 tali
2330 2229 2452 2286 loco
2480 2230 2581 2286 sub
2605 2231 2775 2287 libera
2803 2231 3047 2287 custodia
3075 2233 3387 2289 misericor-

1793 2321 1933 2376 diter
1968 2320 2328 2388 custodiatur,
2380 2329 2440 2376 ut
2486 2322 2739 2378 custodes
2773 2321 3070 2378 monachos
3108 2339 3172 2378 ac
3217 2324 3387 2381 bonos

1792 2413 2084 2469 canonicos
2111 2412 2332 2479 haheat,
2369 2412 2461 2483 qui
2496 2428 2620 2468 eum
2649 2414 3030 2479 exhortentur,
3061 2422 3117 2467 et
3150 2430 3384 2485 quorum

1791 2504 2037 2560 doctrina
2061 2513 2114 2559 et
2140 2503 2390 2574 exemplo
2415 2503 2554 2559 bene
2568 2505 2635 2561 de
2657 2513 2852 2559 caetero
2877 2505 3061 2560 vivere
3087 2515 3144 2560 et
3165 2515 3384 2575 printer-

1790 2597 1866 2652 ita
1912 2606 2137 2667 peccata
2181 2596 2438 2667 plangere
2479 2595 2676 2652 discat.
2729 2596 2798 2652 Et
2834 2613 3065 2667 quorum
3096 2600 3386 2669 providen-

1791 2689 1890 2754 tia,
1921 2697 1976 2744 et
2018 2688 2122 2743 loci
2163 2687 2540 2742 convenientia
2576 2688 2651 2743 ita
2697 2688 3057 2756 custodiatur,
3089 2699 3150 2745 ut
3176 2693 3242 2746 ad
3272 2694 3383 2764 pri-

1789 2781 1991 2836 stinum
2038 2779 2301 2834 vomitum
2342 2779 2520 2834 redire
2569 2788 2840 2850 nequeat,
2899 2781 3115 2838 etiamsi
3166 2783 3382 2840 diabolo

1785 2871 2051 2927 suadente
2082 2870 2336 2937 voluerit,
2369 2879 2425 2926 et
2462 2871 2762 2928 recidivum
2797 2872 3116 2928 scandalum
3139 2889 3236 2943 per
3255 2891 3379 2930 eum

1785 2963 1842 3018 in
1870 2972 2059 3019 sancta
2085 2963 2332 3019 Ecclesia
2364 2969 2420 3018 et
2451 2963 2507 3018 in
2539 2963 2643 3018 ista
2673 2963 3087 3020 Christianitate
3112 2964 3244 3020 oriri
3274 2980 3379 3020 non

1782 3057 1973 3128 possit.
2002 3056 2228 3126 Accipe,
2263 3056 2436 3111 frater
2477 3064 2530 3112 et
2576 3055 2672 3121 fili,
2714 3056 2876 3112 istam
2905 3057 3162 3121 rotulam,
3195 3057 3290 3113 sed
3326 3065 3382 3112 et

1785 3151 1928 3206 illam
1956 3151 2022 3206 de
2055 3150 2379 3221 cognatione
2423 3163 2530 3203 non
2559 3148 2956 3220 conjungenda,
2982 3159 3038 3203 et
3063 3158 3219 3218 porta
3252 3149 3375 3205 illas

85 3239 430 3310 corrigentis.
466 3255 530 3296 ae
558 3250 669 3295 tum
693 3241 889 3311 jubere
916 3244 1142 3310 dimitti,
1171 3204 1677 3301 cumjvideritmon-
1705 3204 1750 3268 Ο
1783 3243 1982 3298 domno
2009 3243 2150 3309 regi,
2175 3249 2234 3296 et
2269 3241 2447 3312 relege
2473 3255 2659 3296 coram
2698 3239 2809 3306 illo,
2841 3250 2894 3296 et
2925 3242 2992 3296 de
3033 3242 3138 3297 ista
3169 3240 3257 3296 fac
3285 3257 3374 3298 se-

83 3342 270 3397 gruam
303 3328 761 3388 satisfactionem.
797 3332 941 3389 Sane
973 3336 1018 3390 si
1045 3336 1172 3406 quis
1199 3341 1251 3391 in
1297 3336 1675 3408 aegritudinem

85 3417 359 3485 inciderit,
387 3430 552 3490 atque
579 3438 751 3492 usque
777 3424 845 3477 ad
881 3424 1318 3494 desperationem
1369 3425 1674 3491 devenerit,

84 3507 129 3562 ei
153 3517 236 3564 est
283 3520 423 3566 ante
466 3520 681 3582 tempus
709 3514 932 3569 Pascha:
975 3515 1349 3580 relaxandum,
1381 3532 1452 3571 ne
1483 3518 1548 3572 de
1578 3533 1677 3572 sa:-

85 3599 198 3656 cnlo
221 3602 434 3672 absque
453 3605 838 3660 communione
865 3607 1130 3662 discedat.
1168 3627 1187 3658 ›
1224 3607 1384 3662 Plura
1411 3619 1538 3664 sunt
1567 3609 1672 3664 alia

84 3704 196 3760 quae
225 3695 360 3751 hinc
391 3711 674 3764 possemus
722 3698 1000 3768 colligere,
1027 3700 1130 3754 nisi
1163 3701 1268 3756 ista
1319 3704 1672 3758 crederemus

85 3796 233 3852 posse
283 3785 554 3841 sulﬁcere.
613 3785 763 3842 Unde
809 3798 1069 3856 quantum
1118 3791 1248 3844 mihi
1298 3792 1528 3856 videtur,
1567 3809 1673 3849 non

84 3877 442 3948 prejudicans
491 3879 733 3950 synodali
789 3882 1073 3935 sententiae
1119 3885 1186 3936 de
1221 3883 1448 3953 Pippino
1479 3880 1668 3940 decre-

87 3974 169 4032 ιω,
195 3971 290 4024 sed
325 3969 568 4025 conﬁsus
614 3970 681 4025 de
708 3971 800 4025 Dei
836 3971 1234 4038 misericordia,
1278 3976 1367 4043 qui
1407 3991 1504 4045 per
1543 3993 1674 4046 apo-

86 4060 272 4116 stolam
325 4081 487 4120 suum
541 4065 676 4121 dicit
725 4084 737 4120 :
798 4063 866 4120 Ut
913 4067 1262 4138 superexaltet
1311 4069 1674 4124 misericordia

1781 3334 2018 3389 cundum
2053 3333 2198 3388 illius
2228 3333 2515 3388 consilium
2555 3343 2613 3387 et
2641 3332 3194 3399 commendationem,
3222 3342 3276 3388 et
3305 3336 3372 3388 de

1780 3426 1871 3481 illa
1898 3441 2018 3497 quae
2044 3426 2113 3480 de
2152 3425 2474 3495 cognatione
2526 3437 2632 3478 non
2663 3422 3039 3495 conjungenda
3073 3424 3168 3478 tibi
3198 3424 3369 3479 mitti-

1780 3527 1890 3584 tur,
1918 3533 2016 3589 per
2044 3517 2163 3587 ejus
2211 3517 2500 3573 consilium
2540 3524 2596 3572 et
2635 3517 2895 3571 auxilium
2923 3531 3150 3588 sequere
3189 3533 3374 3574 sacras

1781 3610 2135 3664 auctoritates
2189 3609 2284 3664 tibi
2333 3609 2588 3664 directas.
2643 3607 2990 3664 Providentia
3037 3609 3105 3663 de
3144 3608 3374 3680 Pippino

1779 3716 1886 3755 non
1923 3710 2009 3754 est
2055 3700 2396 3771 negligenda,
2448 3709 2504 3754 et
2534 3711 2593 3754 ut
2622 3699 2756 3754 certi
2799 3715 2862 3755 ac
2888 3699 3073 3755 fideles
3119 3701 3373 3756 custodes

1781 3793 2140 3847 adhibeantur-
2165 3792 2299 3846 satis
2326 3800 2411 3845 est
2438 3793 2840 3860 procurandum
2873 3810 2886 3845 :
2918 3807 3019 3847 nec
3048 3793 3370 3848 obliviscen-

1782 3885 1908 3937 dum
1938 3883 2068 3952 qttid
2096 3883 2162 3937 de
2188 3897 2254 3936 eo
2286 3882 2340 3935 in
2371 3882 2703 3936 monasterio
2731 3884 2902 3936 sancti
2937 3881 3175 3938 Medardi
3225 3885 3370 3939 acci-

1779 3975 1878 4039 dit,
1903 3985 1956 4030 et
1984 3975 2112 4044 quid
2157 3975 2224 4030 de
2251 3973 2613 4029 Carlomanno
2656 3974 2708 4028 in
2735 3972 2964 4028 Corbeia
2999 3975 3196 4030 evenit.
3232 3975 3368 4030 Nam

1782 4067 1925 4137 quod
1949 4065 2154 4123 factum
2177 4075 2284 4132 est,
2323 4066 2500 4122 adhuc
2530 4065 2647 4121 fieri
2671 4074 2868 4136 potest.

95 4223 3362 4260 W

1630 4393 1836 4474 XIX.
2113 4465 2116 4470 .

1132 4562 1265 4641 DE
1341 4564 1655 4644 VILLA
1732 4564 2324 4645 NOVILIACO.

127 4678 478 4766 Sequuntur
510 4699 682 4770 gesta
711 4693 1020 4781 quomodo
1059 4694 1750 4781 domnus_Hin§mqrus
1792 4698 2012 4781 uillam
2049 4699 2452 4762 Novitiacum
2485 4700 2660 4781 apud
2702 4701 2994 4765 damnum
3025 4699 3323 4770 Curatum

791 4773 1228 4853 imperatorem
1255 4776 1459 4856 ﬁlium
1489 4775 1801 4840 Ludovici
1830 4779 2234 4858 imperatoris
2265 4773 2646 4860 impetro-vit.

1070 4916 1232 4978 (Apud
1257 4916 1506 4980 eumdem,
1527 4929 1592 4966 ex
1617 4919 1904 4981 Appendice
1925 4919 1984 4969 ad
2006 4918 2370 4984 Flodoardutn.)

157 5161 412 5228 Defuncto
456 5171 684 5244 Pippino
729 5189 858 5248 rege
899 5192 998 5232 vni
1045 5176 1316 5236 Kalendas
1358 5180 1554 5238 Octob.
1607 5184 1660 5239 in
1695 5188 1742 5250 D
1770 5185 2084 5241 infirmitate
2123 5201 2230 5257 qua
2279 5193 2333 5240 et
2371 5193 2616 5241 mortuus
2664 5192 2748 5241 est
2795 5185 2848 5240 in
2885 5184 3274 5257 Salmuntiaco,
3303 5201 3361 5250 et

94 5263 408 5341 monasterio
435 5267 610 5320 sancti
635 5267 897 5339 Dionysii,
927 5269 1019 5324 lilii
1043 5270 1160 5341 ejus
1186 5269 1582 5330 Carlomaunus
1609 5284 1666 5331 et

94 5339 320 5417 Carolus,
343 5359 638 5412 secundum
667 5339 1084 5430 dispositionem
1107 5364 1278 5433 patris
1314 5366 1414 5429 sui,
1455 5374 1508 5421 et
1535 5348 1664 5422 con-

95 5434 260 5497 silium
301 5451 447 5520 regui
477 5453 795 5522 primorum,
829 5455 1126 5511 diviserunt
1155 5459 1296 5513 inter
1337 5475 1396 5515 se
1437 5477 1660 5532 regnum

93 5537 381 5620 paternum,
424 5553 479 5598 et
515 5544 708 5600 elevati
743 5556 869 5601 sunt
905 5548 959 5602 in
1007 5564 1160 5620 reges
1186 5566 1259 5607 vn
1303 5551 1426 5608 ldus
1467 5552 1658 5609 Octob.

95 5613 472 5711 Qarlomanuus
501 5635 556 5689 itt
594 5636 923 5705 Suessionis,
954 5650 1008 5695 et
1034 5641 1258 5698 Carolus
1291 5644 1342 5699 in
1373 5645 1653 5713 Noviomo,

96 5716 221 5801 snt-ut
248 5714 298 5769 iu
325 5719 514 5779 Annali
545 5742 731 5795 regum
760 5729 1019 5801 scriptum
1053 5733 1331 5790 habemus.

158 5797 304 5862 {\uuo
325 5824 514 5880 quarto
536 5819 684 5888 regni
717 5819 798 5874 sui
840 5821 1143 5880 infirmatus
1165 5836 1246 5881 est
1268 5825 1660 5885 Carlomannus

1769 5289 1894 5334 ante
1924 5283 2127 5338 obitum
2157 5299 2313 5338 suum
2341 5297 2439 5352 per
2465 5290 2791 5352 praeceptum
2839 5283 3003 5354 regite
3032 5299 3144 5338 suae
3173 5296 3358 5344 aucto~

1768 5373 1967 5439 ritatis,
2009 5377 2151 5445 quod
2209 5375 2490 5438 habemus,
2551 5381 2792 5442 tempore
2847 5373 3045 5445 Tilpiui
3093 5378 3360 5450 archiepi-

1768 5467 1937 5537 scopi,
1988 5469 2206 5523 tradidit
2249 5467 2430 5522 villam
2475 5466 2811 5524 Noviliacum
2850 5485 2971 5525 cum
2999 5475 3250 5529 omnilms
3285 5477 3353 5531 ad

1767 5572 1824 5613 se
1859 5560 2272 5629 pertinentibus,
2323 5575 2421 5630 pro
2469 5561 2664 5615 anima:
2711 5578 2820 5615 sua:
2864 5564 3104 5618 remedio
3148 5573 3204 5622 et
3233 5564 3355 5624 loco

1768 5652 2074 5721 svpulturae,
2104 5653 2170 5706 ad
2203 5653 2498 5708 Ecclesium
2534 5655 2890 5711 Rhemeusem
2917 5670 3115 5714 sanctae
3143 5658 3352 5728 Mariae,

1770 5754 1824 5798 et
1852 5744 2129 5799 basilicam
2163 5748 2332 5800 sancti
2367 5747 2619 5818 Remigii,
2665 5748 2718 5802 in
2762 5765 2868 5818 qua
2901 5761 2958 5806 et
2991 5752 3236 5822 sepultus
3257 5766 3348 5812 est

1769 5834 2066 5908 Postcujus
2086 5839 2314 5908 obitum,
2336 5839 2563 5898 Carolus
2580 5839 2749 5901 frater
2764 5843 2882 5915 ejus
2900 5855 3193 5920 praecepto,
3208 5850 3354 5922 quod
