4010 6330
582 333 723 397 ιω

1384 326 1717 386 HINCMARI
1753 325 1968 385 RHEM.
2006 323 2326 383 ARCHIEP.
2361 319 2726 379 OPUSCULA
2760 318 2991 377 VARIA.

3727 320 3865 379 ιω

582 452 867 514 hebetatis,
895 459 1010 505 suat
1034 439 1378 500 auctoritatis
1399 438 1573 510 ipsam
1595 438 1945 495 traditionem
1972 437 2168 494 contir-
2196 444 2243 499 Α
2274 450 2373 488 uas
2403 430 2783 487 defunctorum
2821 431 3075 496 retinent,
3116 438 3171 486 et
3211 428 3471 487 Eeclesiis
3501 430 3723 487 tradere
3747 432 3863 503 ‘de.

586 541 775 599 litavit.

514 626 523 631 ’
656 648 921 705 Defuncto
988 641 1200 714 Tilpiuo
1248 639 1663 709 arcbmpiscopo
1712 653 1855 693 anno
1914 637 2177 707 vigesimo

589 739 750 799 tertio
794 743 1080 808 postquam
1131 729 1527 787 Carlomannus
1570 728 1863 784 Rhemensi
1919 726 2177 785 Ecclesia

586 834 772 889 villam
808 828 1143 884 Noviliacum
1171 824 1412 889 tradidit,
1436 824 1611 879 tenuit
1637 824 1869 879 domnus
1896 838 1991 877 rex
2016 821 2178 878 Caro-

586 923 672 977 les
727 920 1034 975 [themeuse
1077 915 1414 987 episcopium
1470 915 1526 970 in
1574 929 1675 969 suo
1716 912 2073 979 dominicatu,
2121 919 2178 969 et

585 1011 733 1067 dedit
793 1007 974 1064 villam
1029 1004 1370 1062 Novitiacum
1432 1004 1491 1059 in
1567 1002 1832 1059 beneﬁcio
1894 1002 2177 1058 Anschero

585 1101 811 1166 Saxoni,
850 1100 947 1171 qui
974 1113 1147 1155 nonas
1164 1105 1227 1153 et
1253 1097 1493 1152 decimas
1521 1096 1588 1151 ad
1610 1104 1821 1166 partem
1846 1093 2176 1151 Rhemensis

584 1190 843 1247 Ecclesiae
873 1189 942 1246 de
984 1189 1099 1259 ipsa
1127 1186 1258 1242 vitia
1288 1199 1462 1257 nsque
1490 1187 1559 1241 ad
1598 1193 1827 1241 mortem
1862 1199 2019 1240 suam
2051 1198 2176 1254 per-

583 1280 769 1346 solvit,
803 1288 859 1336 et
890 1276 1148 1336 defuncto
1189 1278 1389 1334 domno
1431 1275 1649 1343 Carolo,
1687 1276 1781 1332 sed
1824 1285 1882 1333 et
1924 1275 2040 1345 ipso
2071 1274 2176 1329 An-

583 1373 798 1436 scltero,
820 1380 1109 1442 postquam
1127 1368 1522 1425 Carlomaunus
1547 1366 1824 1439 praefatam
1847 1367 2026 1425 villam
2047 1381 2175 1423 cum

584 1464 737 1519 omni
764 1462 1072 1531 integritate
1094 1460 1389 1517 Rhemensi
1418 1459 1675 1515 Ecclesia:
1699 1459 1937 1524 tradidit,
1959 1473 2174 1531 semper

586 1550 706 1623 ipsa
755 1551 999 1608 Ecclesia
1027 1550 1152 1606 inde
1181 1536 1526 1614 vestiturant,
1555 1549 1701 1605 sicut
1724 1547 2041 1619 praedictum
2066 1559 2177 1615 εει,

584 1654 684 1713 per
709 1655 880 1699 annos
910 1640 1130 1710 triginta
1162 1650 1370 1710 septem
1401 1640 1611 1697 habuit.

655 1760 788 1819 Post
811 1763 1017 1819 obitum
1057 1760 1239 1816 domui
1280 1760 1482 1826 Caroli,
1525 1768 1582 1815 et
1620 1758 1875 1816 defuncto
1909 1760 2028 1831 ipso
2054 1759 2170 1815 An-

583 1854 800 1922 scltero,
830 1857 1061 1913 domnus
1100 1855 1403 1911 Ludovicus
1433 1856 1729 1925 imperator
1756 1856 1978 1910 donavit
1999 1856 2172 1925 ipsam

583 1946 767 2003 villam
793 1945 1128 2002 Noviliacum
1154 1945 1367 2001 Donato
1390 1946 1442 2000 in
1472 1945 1755 2002 beneﬂcio.
1778 1945 1882 2013 Qui
1908 1946 2170 2011 Donatus,

588 2039 981 2095 interveniente
1030 2039 1253 2109 Bigone,
1300 2052 1398 2108 per
1447 2037 1853 2109 subreptionem
1905 2039 2058 2109 quasi
2106 2039 2173 2092 de

584 2128 716 2185 ﬁsco
769 2130 917 2200 regis
941 2129 1205 2199 quasdam
1238 2130 1481 2184 colonias
1509 2129 1576 2184 de
1623 2130 1735 2200 ipsa
1768 2130 1892 2184 villa
1939 2130 2172 2184 obtinuit

583 2221 638 2277 in
669 2222 1056 2292 proprietatem
1089 2234 1184 2292 per
1207 2229 1539 2292 prmeeptum
1568 2221 1750 2275 domui
1779 2220 2035 2276 Ludovici
2072 2221 2175 2275 im-

578 2312 851 2386 peratoris
877 2332 890 2366 :
918 2320 972 2368 et
1009 2313 1226 2382 quando
1257 2311 1551 2367 Lotharius
1581 2311 1725 2367 lilius
1761 2312 1945 2366 domui
1990 2313 2166 2368 Ludo-

580 2402 689 2459 vici
728 2402 1072 2474 imperatoris
1104 2402 1438 2459 Cabillonem
1481 2402 1706 2458 veniens
1733 2415 1855 2457 eam
1893 2417 2171 2474 expugna-

577 2492 675 2560 vit,
721 2493 962 2549 Donatus
1008 2508 1040 2547 a
1067 2494 1195 2548 villa
1235 2508 1399 2565 supra
1449 2493 1774 2559 Matronam,
1807 2506 1927 2564 qua:
1972 2493 2167 2548 Poma-

580 2585 695 2641 rius
723 2592 970 2651 vocatur,
998 2585 1068 2640 ab
1097 2585 1426 2655 imperatore
1452 2584 1669 2649 defecit,
1714 2594 1771 2640 et
1799 2584 1877 2640 illi
1907 2585 2169 2641 mentitus

579 2676 650 2733 ad
685 2675 1001 2733 Lotharium
1032 2674 1294 2748 confugit,
1320 2686 1376 2731 et
1411 2676 1667 2731 veniente
1694 2675 1965 2731 hostiliter
1991 2677 2167 2746 inme-

579 2775 763 2824 retere
803 2767 1078 2825 Ludovico
1107 2767 1174 2823 ad
1226 2767 1407 2823 villam
1453 2782 1573 2838 quae
1616 2767 1899 2823 Calciacus
1942 2768 2165 2834 dicitur,

579 2858 887 2916 Lotharius'
917 2861 987 2916 ad
1019 2868 1144 2917 eum
1179 2874 1301 2915 cum
1350 2860 1466 2915 suis
1518 2860 1848 2915 constrictus
1895 2860 2065 2924 venit,
2111 2870 2169 2916 et

580 2960 979 3007 sacramentum
1037 2951 1152 3022 ipse
1197 2958 1254 3006 et
1298 2951 1381 3006 sui
1421 2951 1493 3006 ab
1520 2951 1850 3021 imperatore
1877 2949 2167 3020 quaesitum

578 3041 656 3098 illi
697 3042 1037 3112 iuraverunt.
1069 3042 1217 3098 later
1262 3056 1399 3115 quos
1435 3050 1490 3099 et
1526 3043 1791 3107 Donatus,
1832 3043 1900 3097 de
1930 3042 2163 3098 inﬁdeli-

582 3140 695 3193 tate
740 3134 857 3206 ejus
904 3137 1310 3208 comprobatus,
1362 3137 1467 3209 ipsi
1507 3136 1824 3206 imperatori
1873 3135 2162 3205 quaesitam

579 3235 975 3285 sacramentum
1017 3228 1241 3300 iuravit,
1275 3236 1329 3284 et
1373 3230 1695 3286 comitatum
1735 3228 2162 3285 Miridunensetn

578 3328 633 3378 et
679 3320 859 3377 villam
888 3319 1227 3378 Novitiacum
1254 3335 1377 3378 cum
1407 3322 1523 3378 suis
1550 3320 1887 3393 appendiciis
1925 3322 2164 3391 impera-

578 3422 667 3470 tor
700 3413 770 3471 ab
816 3430 883 3472 eo
909 3415 1149 3483 abstulit,
1193 3423 1249 3472 et
1286 3416 1509 3481 Athoni,
1552 3415 1645 3485 qui
1686 3414 1864 3471 fuerat
1909 3413 2166 3471 ostiarius

576 3506 756 3566 Caroli
795 3510 1179 3581 imperatoris,
1235 3508 1291 3561 in
1340 3507 1659 3562 beneﬁcium
1702 3507 1869 3562 dedit.
1923 3505 2165 3560 Donatus

574 3608 755 3658 autem
786 3601 841 3657 in
873 3602 984 3657 vita
1030 3599 1379 3670 imperatoris
1422 3598 1681 3653 Ludovici
1714 3615 1814 3653 nec
1844 3597 2163 3653 comitatum

575 3696 801 3766 recepit,
837 3708 939 3750 nec
987 3693 1071 3749 de'
1104 3692 1437 3764 proprietate
1486 3704 1583 3745 sua
1632 3689 1794 3744 ullam
1848 3688 2162 3744 ﬁrmitatem

574 3786 896 3858 promeruit.
933 3784 1061 3841 Post
1089 3783 1295 3839 obitum
1341 3781 1523 3838 domui
1568 3780 1828 3836 Ludovici
1869 3781 2164 3851 imperato-

574 3878 670 3945 ris,
700 3878 872 3933 diviso
915 3889 1085 3949 regno
1134 3875 1279 3930 inter
1309 3872 1532 3938 fratres,
1576 3884 1634 3927 et
1668 3886 1801 3942 pace
1831 3870 1976 3926 facta
2023 3872 2165 3926 inter

564 3982 687 4035 eos,
714 3980 768 4026 et
791 3977 1006 4027 mortuo
1031 3969 1262 4032 Athone,
1312 3967 1458 4023 dedit
1483 3964 1712 4021 Carolus
1750 3964 1962 4021 Donato
1991 3966 2046 4020 in
2075 3967 2166 4022 be-

574 4062 828 4119 neﬁcium
889 4061 1245 4117 Novitiacum.
1309 4060 1575 4116 Processu
1625 4059 1859 4128 denique
1902 4059 2165 4129 temporis

577 4155 976 4213 commendavit
1012 4155 1252 4208 Donatus
1295 4152 1461 4206 ﬁlium
1500 4166 1655 4206 suum
1682 4149 2018 4205 Gotselinum
2055 4149 2160 4205 Ca-

572 4248 690 4304 rolo
728 4248 878 4320 regi:
907 4248 996 4302 cui
1019 4247 1073 4301 in
1115 4244 1407 4301 benﬁcium
1433 4244 1580 4298 dedit
1604 4241 1830 4298 Carolus
1856 4242 2038 4296 villam
2062 4240 2164 4297 Νο-

572 4339 827 4395 viliaeum
881 4353 1003 4392 cum
1056 4335 1389 4407 appendiciis
1441 4333 1572 4389 suis.
1626 4333 1829 4388 Deinde
1880 4332 2163 4388 Landrada

572 4448 711 4488 uxor
740 4432 952 4496 Donati,
984 4431 1078 4486 sed
1101 4439 1155 4486 et
1179 4429 1275 4484 ﬁlii
1298 4443 1508 4492 eorum,
1533 4437 1793 4497 pergente
1814 4428 2008 4483 Carolo
2031 4440 2160 4499 rege

2278 531 2581 587 morantur,
2610 522 2700 592 qui
2726 528 2783 575 ut
2820 520 3063 576 inﬁdeles
3091 520 3159 576 ab
3190 520 3434 576 Ecclesia
3464 520 3788 589 abjiciendi,
3815 533 3866 578 et

2276 615 2432 686 quasi
2479 622 2732 685 cgcntum
2784 622 3088 678 necatores,
3138 626 3241 668 nec
3280 613 3571 668 credentes
3599 612 3867 682 judicitm

2278 709 2373 764 Dei
2405 705 2639 763 habendi
2659 704 2994 776 judicantur.
3045 705 3112 761 Et
3162 705 3398 761 reddidit
3438 716 3720 779 praecepto
3757 721 3867 765 sm

2276 797 2844 868 auctoritatis,'quod
2893 798 3196 863 habemus,
3262 795 3557 853 Rhemensi
3615 796 3867 854 Ecclesia

2276 892 2451 963 ipsum
2501 882 2686 946 villam
2746 905 2869 946 cum
2924 887 3177 945 omnibus
3232 886 3299 943 ad
3329 904 3389 944 se
3430 889 3864 961 pertinentibus,

2276 998 2440 1055 quam
2473 990 2601 1037 tunc
2638 979 2881 1036 Bernaus
2908 987 3031 1052 post
3059 976 3281 1034 fratrem
3306 994 3465 1035 suum
3494 978 3778 1036 Rothaum
3816 982 3867 1038 in

2274 1070 2542 1129 beneﬁcio
2569 1069 2824 1127 habebat.

2345 1184 2540 1240 Postea
2584 1183 2836 1256 pervenit
2882 1183 2953 1239 ad
2996 1181 3115 1253 ejus
3152 1183 3425 1253 notitiam,
3468 1187 3624 1258 quod
3654 1188 3873 1260 quid.

2275 1276 2522 1333 homines
2551 1277 2618 1332 de
2658 1276 2775 1347 ipsa
2803 1275 2932 1333 villa
2972 1274 3273 1340 Novitiaco,
3306 1292 3404 1351 per
3430 1278 3867 1351 subreptionen,

2278 1382 2389 1432 tam
2420 1375 2561 1445 apud
2604 1384 2813 1446 patrem
2852 1390 3012 1431 suum
3050 1391 3213 1446 qm
3241 1385 3299 1433 et
3323 1377 3469 1449 apud
3503 1391 3667 1447 eum,
3687 1394 3783 1436 res
3816 1390 3871 1437 α

2276 1467 2545 1538 mancipia
2596 1468 2650 1522 in
2706 1468 3093 1539 proprietatem
3136 1469 3359 1526 obtenta
3407 1479 3688 1536 tenuent,
3728 1472 3871 1529 Lal-

2275 1559 2443 1615 drada
2488 1558 2695 1616 scilicet
2746 1575 2884 1616 uxor
2940 1560 3215 1630 quondam
3261 1561 3480 1629 Donati,
3506 1561 3870 1634 Guntbarin,

2276 1650 2451 1721 Rogo,
2502 1660 2558 1706 et
2585 1651 2911 1720 Waltrudis,
2956 1661 3017 1707 et
3049 1652 3378 1724 Elampodus
3397 1653 3550 1712 ﬁlius
3573 1655 3721 1725 eius,
3744 1657 3870 1715 Bot-

2275 1743 2484 1809 bertus,
2511 1753 2567 1801 et
2611 1744 2785 1811 Boso;
2813 1754 2871 1800 et
2906 1745 3060 1801 misit
3085 1761 3217 1804 suos
3239 1747 3436 1805 missos
3456 1749 3530 1805 ad
3562 1750 3673 1807 hoc
3698 1751 3870 1822 ἰδιώ-

2206 1820 2249 1881 Β
2278 1836 2506 1891 rendnm
2534 1854 2548 1890 :
2573 1845 2631 1893 et
2669 1837 3023 1909 inquisitione
3062 1838 3235 1906 facta,
3262 1850 3318 1897 et
3344 1841 3605 1910 veritate,
3642 1820 3794 1901 sicut
3820 1845 3874 1903 ei.

2275 1926 2479 1983 dictum
2508 1926 2711 1995 fuerat,
2741 1930 2987 1999 inventa,
3017 1931 3289 2001 ;quoniant
3308 1933 3558 2003 pradicti
3587 1936 3659 1991 ad
3706 1938 3870 1993 ratio-

2272 2035 2396 2077 nem
2440 2037 2547 2076 non
2593 2030 2863 2078 venerunt
2899 2022 3043 2079 sicut
3082 2024 3295 2081 banniti
3339 2024 3584 2091 fuerunt,
3606 2026 3783 2096 jussit
3815 2039 3871 2087 ut

2273 2125 2544 2187 prmecpta
2583 2114 2934 2173 Carlomanni
2953 2128 3008 2174 et
3045 2117 3245 2185 Caroli,
3276 2119 3374 2176 sed
3400 2130 3458 2178 et
3482 2136 3645 2178 suum
3664 2138 3871 2193 prae-

2272 2216 2444 2276 ptum,
2473 2222 2659 2263 coram
2706 2209 2819 2264 suis
2869 2208 3120 2266 ﬁdelibus
3166 2212 3491 2283 ingenerali
3538 2213 3869 2283 placitone

2272 2298 2414 2368 apud
2442 2298 2736 2361 Duziacum
2780 2300 2833 2355 in
2862 2300 3047 2357 causis
3074 2294 3329 2371 palatinis
3354 2301 3691 2375 legerentur.
3716 2304 3869 2365 Ultio

2271 2389 2459 2447 ﬁdeles
2484 2389 2623 2460 ejus,
2671 2400 2781 2447 tam
2822 2393 3052 2450 comites
3087 2409 3250 2463 quam
3290 2402 3347 2451 et
3377 2394 3536 2452 Yassi
3582 2396 3867 2467 (lo-inid.

2271 2497 2501 2553 quorum
2554 2485 2777 2540 nomina
2825 2486 3027 2556 scripta
3076 2485 3372 2555 habemus,
3428 2490 3524 2544 sed
3572 2498 3630 2546 et
3688 2492 3865 2550 caeli

2269 2593 2462 2636 omnes
2482 2580 2575 2650 qui
2602 2580 2915 2646 adfuerunt,
2944 2581 3165 2638 retectis
3204 2582 3413 2640 eisdem
3440 2587 3763 2656 praceptis,
3776 2588 3861 2659 ju-

2269 2669 2587 2726 dicaverunt
2606 2679 2662 2726 ut
2686 2671 2995 2744 quicunque
3020 2673 3088 2729 de
3110 2673 3273 2730 rebus
3306 2684 3364 2730 et
3390 2677 3679 2748 mancipiis
3698 2679 3869 2750 ipsine

2267 2760 2410 2817 villa:
2473 2761 2756 2828 Noviliaci,
2809 2779 2908 2835 per
2951 2765 3321 2836 cujuscunque
3369 2776 3724 2839 preceptull,
3779 2770 3869 2829 rd

2266 2867 2592 2923 quocunque
2620 2855 2800 2925 modo,
2826 2865 2950 2924 post
2978 2856 3329 2913 donationem
3355 2857 3727 2927 Carlomanni,
3754 2876 3863 2933 qua

2268 2957 2395 2996 cum
2436 2945 2695 3000 omnibus
2741 2945 3078 3016 appendiciis
3109 2947 3244 3011 suis,
3280 2948 3368 3004 vel
3417 2965 3540 3006 cum
3578 2953 3731 3007 omni
3779 2954 3862 3009 in-

2270 3033 2545 3102 tegritate,
2589 3035 2763 3105 ipsam
2812 3036 2994 3091 villam
3042 3036 3409 3106 Noviliacum,
3455 3043 3759 3102 sicut-tune
3802 3046 3865 3103 in

2268 3123 2402 3181 ﬁsco
2427 3134 2567 3193 erat,
2598 3127 2668 3182 ad
2684 3128 2990 3185 Ecclesium
3020 3131 3384 3189 Ithemensem
3400 3135 3640 3202 tradidit,
3664 3147 3722 3194 et
3743 3148 3869 3209 post

2268 3220 2741 3280 conﬁrmationem
2783 3222 2970 3280 fratris
2999 3223 3120 3295 eius
3147 3226 3328 3283 Caroli
3374 3229 3429 3284 in
3471 3232 3871 3302 proprietatem

2269 3314 2523 3381 obtinuit,
2557 3317 2606 3373 si
2651 3319 3139 3376 commutationem
3180 3323 3471 3379 ostendere
3514 3339 3623 3379 non
3656 3338 3867 3396 posset,

2267 3407 2506 3477 qualiter
2551 3422 2640 3464 res
2670 3419 2727 3465 et
2764 3411 3036 3482 mncipia
3069 3412 3137 3469 de
3166 3411 3282 3483 ipsa
3331 3428 3459 3470 casa
3489 3413 3591 3470 Dei
3614 3414 3772 3486 iuste
3813 3425 3867 3473 et

2267 3496 2664 3555 rationabiliter
2691 3508 3021 3558 commutata
3057 3501 3307 3570 fuissent,
3331 3506 3456 3576 quia
3476 3521 3595 3562 non
3629 3509 3709 3563 de
3744 3507 3865 3564 hcc

2267 3590 2439 3661 regio,
2470 3591 2567 3647 sed
2588 3591 2659 3648 de
2700 3593 3095 3652 ecclesiasticis
3139 3597 3301 3653 rébus
3335 3605 3393 3653 et
3440 3600 3752 3672 mancipiis
3774 3616 3865 3673 per

2267 3683 2619 3739 donationem
2644 3683 2905 3752 obtinuit,
2954 3687 3085 3761 ipse
3112 3702 3207 3744 res
3229 3698 3285 3745 et
3312 3690 3616 3761 mancipia,
3653 3709 3781 3764 qua:
3801 3693 3866 3749 de

2268 3774 2392 3829 villa
2442 3774 2722 3831 Novitiaco
2769 3778 2992 3833 obtenta
3032 3776 3277 3843 fuerunt,
3323 3780 3395 3836 ad
3449 3781 3635 3852 ipsam
3681 3798 3863 3841 casam

2266 3865 2363 3921 Dei
2406 3864 2845 3932 restituerentur,
2894 3869 3037 3924 sicut
3079 3869 3134 3924 in
3176 3879 3455 3942 praecepto
3501 3872 3865 3930 restitutionis

2266 3957 2437 4028 ipsius
2481 3957 2671 4014 domui
2715 3956 2918 4027 Caroli,
2945 3960 3090 4030 quod
3130 3961 3420 4029 habemus,
3444 3962 3669 4035 plenius
3693 3964 3863 4021 conti-

2266 4057 2445 4105 netur.

2337 4161 2442 4217 Sed
2468 4163 2683 4234 quando
2713 4164 2943 4219 domnus
2966 4163 3194 4222 Carolus
3222 4167 3452 4224 Romam
3493 4153 3787 4244 perrexit,
3813 4182 3862 4231 et

2267 4256 2499 4312 domnus
2520 4256 2825 4313 Ludovicus
2859 4257 3033 4314 frater
3060 4260 3180 4331 ejus
3220 4262 3289 4316 ad
3322 4262 3672 4321 Atliniacum
3698 4268 3858 4335 venit,

2264 4364 2364 4419 per
2409 4348 2672 4420 quosdam
2702 4364 2768 4404 ex
2815 4351 3019 4406 nostris
3068 4352 3209 4422 apud
3250 4354 3510 4410 domnam
3557 4356 3859 4416 Ricbildem

2266 4440 2529 4510 reginam,
2561 4448 2615 4494 et
2645 4439 2785 4509 apud
2812 4440 3070 4496 domuum
3105 4442 3439 4500 Ludovicum
3465 4446 3648 4503 ﬁlium
3685 4450 3861 4506 damni

573 4524 643 4580 ad
696 4523 1021 4579 obsidendos
1083 4520 1458 4584 Normannos,
1535 4519 1626 4587 qui
1682 4520 1737 4573 in
1804 4520 1982 4575 Insula
2034 4535 2155 4589 quae
2184 4530 2232 4590 Ι)
2259 4528 2438 4584 Caroli
2468 4529 2630 4599 regis,
2679 4530 3032 4586 obtinuerunt
3072 4531 3271 4587 Donati
3300 4542 3357 4588 et
3389 4534 3705 4593 Landrada:
3744 4538 3858 4606 lilii,

569 4611 815 4672 Oscellus
871 4612 1067 4667 dicitur
1116 4611 1446 4675 residebant,
1481 4624 1603 4663 cum
1652 4609 1772 4663 aliis
1817 4608 2151 4665 defecerunt.

568 4702 811 4777 Quorum
855 4706 1091 4761 honores
1133 4712 1187 4759 et
1213 4702 1579 4775 proprietates
1611 4717 1642 4757 a
1668 4700 1897 4759 Francis
1925 4702 2153 4770 auferri,

2263 4631 2321 4675 ut
2350 4621 2475 4676 villa
2522 4620 2859 4677 Noviliacum
2887 4638 3012 4679 cum
3063 4626 3178 4681 suis
3208 4628 3550 4699 appendiciis
3574 4631 3660 4685 eis
3684 4632 3858 4687 consi-

2262 4722 2539 4785 gnaretur,
2589 4728 2697 4769 non
2739 4716 3085 4770 attendentes
3121 4716 3271 4787 quin,
3312 4719 3457 4773 sicut
3507 4719 3564 4774 in
3612 4718 3857 4793 capitulis

572 4806 631 4857 et
661 4799 713 4854 in
746 4798 934 4854 iiscum
981 4797 1153 4869 redigi
1178 4795 1436 4866 judicans
1476 4803 1621 4851 sunt.
1654 4794 1807 4851 Unde
1832 4796 2156 4852 Landranda
2259 4804 2626 4876 Augustorum
2670 4807 2930 4876 scriptum
2980 4804 3230 4872 habetur,
3267 4807 3406 4863 tales
3450 4810 3524 4865 de
3557 4814 3708 4884 regis
3733 4827 3853 4885 pro-

570 4901 626 4950 et
653 4891 749 4949 ﬁlii
795 4890 911 4962 ejus
944 4900 1170 4948 eatenus
1219 4890 1600 4945 auctoritatem
1630 4888 1808 4946 Caroli
1858 4891 2001 4961 regis
2045 4905 2157 4945 non
2259 4898 2496 4968 prietate
2531 4907 2591 4954 ut
2619 4897 3164 4969 inﬁdeleudieandi
3192 4910 3336 4964 sunt,
3367 4910 3426 4957 et
3453 4905 3759 4960 secundum
3782 4903 3852 4959 te-

567 4983 940 5043 obtinuerunt.
972 4984 1049 5041 De
1083 4984 1281 5054 quibus
1321 4983 1484 5041 rebus
1529 4997 1671 5037 anno
1702 4982 1963 5053 vigesimo
2004 4982 2156 5051 regni
2260 5004 2355 5059 ges
2397 4990 2802 5047 ecclesiasticas
2849 4990 2917 5046 de
2961 4992 3124 5048 rebus
3161 4992 3561 5052 ecclesiasticis
3606 4996 3849 5069 sacrilegi

570 5076 654 5132 sui
683 5074 911 5131 Carolus
935 5074 1118 5129 villam
1159 5073 1398 5129 ﬁscalem
1427 5083 1698 5144 praecepto
1735 5087 1854 5138 suo,
1884 5072 2027 5141 quod
2061 5072 2156 5127 ha-
2250 5080 2587 5151 judicamur,

567 5165 781 5232 bemus,
812 5164 1110 5222 Orbaceitsi
1138 5165 1471 5219 monasterio
1502 5164 1672 5219 dedit.
2094 5191 2098 5194 ‹

2332 5198 2606 5256 Reversus
2635 5209 2812 5256 autem
2851 5200 3082 5257 dbmnus
3111 5196 3337 5259 Carolus
3383 5201 3683 5275 imperator
3705 5201 3850 5259 Rbe-

639 5276 797 5347 Anno
832 5290 1110 5361 trigesimo
1151 5290 1388 5345 secundo
1424 5289 1573 5360 regni
1623 5289 1704 5345 sui
1746 5289 1893 5343 venit
1925 5291 2153 5347 domnus
2261 5294 2657 5360 mosvcniens,
2686 5309 2811 5350 cum
2852 5294 2958 5350 tale
2986 5293 3185 5351 factum
3226 5295 3458 5360 audivit,
3496 5288 3634 5352 satis
3662 5294 3843 5368 gravi-

566 5378 797 5440 Carolus
828 5398 923 5440 rex
962 5381 1231 5453 gloriosus
1278 5382 1331 5434 in
1366 5374 1650 5435 Basilicam
1694 5381 1867 5436 sancti
1898 5381 2146 5453 Remigii,
2261 5396 2343 5443 ter
2375 5388 2514 5452 tulit,
2547 5396 2601 5443 et
2645 5387 2790 5444 misit
2837 5403 2964 5444 suos
3006 5389 3225 5453 missos,
3278 5389 3371 5459 qui
3401 5387 3618 5445 scilicet
3651 5387 3842 5443 dictam

567 5472 662 5531 ubi
687 5473 900 5530 ostendi
943 5473 992 5528 ei
1020 5474 1195 5527 locum
1246 5472 1477 5542 sepulcri
1508 5473 1847 5528 Carlomanni
1886 5474 2049 5543 regis,
2097 5483 2152 5528 ct
2259 5480 2436 5534 villam
2475 5478 2764 5534 Rhcmensi
2802 5478 3057 5536 Ecclesia:
3075 5488 3129 5535 et
3178 5479 3446 5536 advocato
3470 5488 3664 5536 nostro
3684 5477 3840 5534 resti-

566 5568 838 5638 prazcepta
888 5566 1057 5638 ipsius
1095 5564 1440 5620 Carlomanni
1487 5576 1539 5619 ct
1582 5564 1757 5620 Caroli
1799 5566 1882 5619 avi
1932 5566 1996 5622 de
2024 5566 2148 5621 \‘illil

570 5654 865 5723 Noviliaco,
897 5667 951 5713 et
1003 5664 1251 5713 auctores
1292 5672 1567 5711 sacrorum
1604 5673 1889 5722 canonum,
1918 5658 2151 5727 quaiiter
2224 5707 2232 5715 .

572 5745 828 5801 damnent
862 5747 1100 5818 Spiritus
1136 5748 1304 5804 sancti
1336 5748 1539 5819 judicio
1568 5764 1681 5814 eos,
1714 5751 1802 5820 qui
1841 5749 2141 5823 clccmosy.

2258 5580 2498 5638 tuorum,
2536 5571 2674 5625 sicut
2711 5569 2922 5643 plenius
2949 5570 3214 5641 scriptum
3242 5568 3526 5627 habemus.
