4010 6330
153 329 305 390 Ηᾶῦ

1342 345 1673 405 BINCMARI
1709 350 2201 414 JUMMENTUM.

3283 382 3431 449 im

2534 566 2561 577 ..ν

1721 621 1882 698 ΧΧ.
2368 646 2373 651 ’

147 766 625 834 JURAMENTUM
662 776 849 846 QUOD
885 780 1287 841 lllNCbIARUS
1320 784 1911 852 ARClilEPlSCOPUS
1946 772 2177 856 EDERE
2238 800 2494 865 JUSSUS
2549 809 2682 869 EST
2720 814 2906 876 APUD
2944 819 3030 880 ΡΟ

3033 822 3411 892 ΝΤΙϐΟΝΕΜ.

1077 914 1238 980 (Apud
1261 918 1505 972 Simond.
1528 932 1591 973 es
1609 924 1778 978 codice
1800 926 2091 982 Belvaeensi
2115 940 2168 987 et
2187 933 2497 1006 Leodiensi.)

1664 1100 1886 1118 ξ

218 1211 314 1269 Sic
355 1213 612 1286 promitto
640 1229 760 1289 ego,
798 1187 1019 1288 quiade
1068 1221 1174 1280 isto
1217 1223 1305 1281 die
1353 1224 1408 1281 in
1449 1235 1606 1285 antea
1644 1230 1735 1288 isti

140 1303 355 1360 seniori
377 1315 503 1359 meo
522 1306 760 1375 quandiu
810 1308 999 1366 vixero
1034 1310 1222 1378 ﬁdelis,
1254 1322 1309 1372 et
1351 1318 1629 1388 obediens,
1677 1332 1732 1380 et

142 1393 385 1464 adjutor,
428 1390 849 1469 quantacunque
886 1400 1004 1471 plus
1030 1408 1085 1458 et
1112 1404 1305 1461 melius
1347 1409 1521 1466 sciero
1560 1420 1613 1467 et
1633 1427 1731 1484 po-

142 1490 327 1550 tuero,
358 1497 411 1541 ct
437 1487 663 1543 censiiio
686 1497 738 1543 et
772 1491 995 1559 auxilio,
1029 1496 1324 1552 secundum
1353 1508 1534 1557 meum
1568 1505 1730 1561 mini-

138 1576 375 1630 sterium
400 1576 455 1631 in
490 1580 742 1635 omnibus
783 1596 899 1648 ero,
929 1584 1135 1654 absque
1160 1586 1349 1646 fraude
1381 1601 1436 1648 et
1480 1596 1620 1652 malo
1652 1598 1729 1653 in-

140 1665 330 1736 genio,
362 1672 423 1721 ct‘
457 1667 657 1737 absque
701 1671 806 1726 ulla
853 1673 1141 1732 dolositate
1168 1692 1265 1735 seu
1291 1681 1625 1755 deceptione,
1672 1699 1727 1746 et;

138 1754 353 1829 absque
377 1768 624 1832 respectu
653 1761 880 1835 alicujus
909 1782 1176 1837 personae,
1203 1783 1257 1828 ct
1283 1754 1458 1846 neque
1486 1794 1584 1849 per
1613 1797 1724 1850 me,

137 1862 324 1919 neque
371 1864 466 1920 per
504 1853 747 1921 missum,
792 1868 967 1927 neque
1012 1876 1108 1931 per
1138 1863 1372 1933 litteras,
1405 1868 1497 1924 sed
1546 1885 1724 1941 neque

134 1950 242 2011 per
282 1943 535 1998 emissam
569 1945 655 2000 vel
706 1947 1071 2008 intromissum
1102 1970 1412 2026 personam,
1460 1961 1545 2017 vel
1586 1978 1724 2033 quo-

136 2042 358 2102 cunque
396 2033 555 2089 modo
598 2050 663 2093 ac
699 2039 1109 2111 signiﬁcatione,
1139 2057 1324 2104 contra
1369 2064 1525 2106 suum
1552 2053 1726 2109 bono-

135 2136 280 2190 rem,
310 2132 361 2178 et
386 2141 536 2181 suam
572 2142 636 2185 ac
665 2130 923 2189 Ecclesiae
961 2146 1124 2209 atque
1149 2142 1296 2212 regni
1342 2142 1416 2198 illi
1448 2147 1724 2202 commissi

135 2214 376 2282 quietem
395 2223 451 2270 et
479 2220 921 2289 tranquillitatem
946 2235 1109 2297 atque
1136 2230 1485 2299 soliditatem,
1516 2238 1722 2291 maelii.

132 2305 303 2373 nubo,
344 2309 425 2364 vel
467 2311 796 2368 machinanti
842 2320 1211 2389 consentiam;
1264 2339 1439 2394 neque
1478 2342 1718 2397 unquam

127 2396 361 2469 aliquod
387 2402 698 2456 scandalum
739 2409 986 2474 movebo,
1011 2414 1154 2481 quod
1177 2414 1321 2470 illius
1344 2419 1597 2485 praesenti
1628 2420 1712 2475 vel
1742 2422 1789 2482 B

126 2488 334 2548 Mur-tu
373 2494 533 2549 saluti
581 2500 852 2553 contraria
882 2501 963 2555 vel
994 2504 1185 2560 nociva
1214 2510 1350 2562 esse
1389 2512 1582 2578 possit.
1626 2510 1720 2567 Sic

130 2594 228 2638 me
258 2582 400 2639 Deus
420 2583 656 2654 adjuvet,
684 2595 740 2641 et
766 2590 865 2644 ista
901 2603 1089 2647 sancta
1117 2599 1438 2664 patrocinia.

209 2673 489 2731 Hincmari
515 2678 569 2731 in
594 2679 729 2733 idem
754 2682 1114 2750 juramentum
1146 2689 1644 2747 animadversiones.

207 2764 365 2835 Quod
393 2768 448 2823 in
481 2752 586 2824 isto
606 2768 921 2837 juramento
952 2775 1195 2830 absolute
1223 2780 1457 2846 positum
1483 2791 1603 2837 est:
1634 2782 1723 2839 Sic

126 2860 383 2931 proauita
430 2876 558 2931 ego,
605 2860 839 2918 Jacobus
885 2866 1160 2934 apostolus
1210 2864 1574 2927 contradicit:
1615 2876 1722 2941 Qui

126 2953 421 3025 ignoratis,
453 2954 732 3023 inquiens,
766 2956 893 3027 quid
919 2958 986 3012 sit
1013 2959 1065 3012 in
1098 2962 1424 3017 crastinum:
1454 2981 1548 3036 pro
1573 2984 1634 3021 eo
1663 2976 1722 3023 ut

128 3042 322 3099 dicatis
348 3060 369 3099 :
398 3043 455 3100 Si
481 3045 743 3102 Dominus
773 3049 994 3105 voluerit
1016 3093 1029 3117 ,
1058 3053 1312 3122 faciemus
1336 3056 1434 3111 hoc
1464 3071 1555 3114 aut
1586 3061 1721 3116 illud

132 3134 398 3209 (πων,
430 3138 556 3212 ll).
609 3139 875 3198 Caeterum
926 3145 1299 3204 rationabilius
1351 3148 1571 3219 dicitur,
1630 3154 1719 3210 isti

132 3228 486 3301 imperatori,
524 3244 686 3303 quam
722 3232 812 3289 isti
845 3236 1040 3291 seniori
1074 3254 1219 3305 meo,
1268 3242 1359 3310 qui
1410 3251 1494 3297 est
1534 3242 1720 3313 junior

131 3325 294 3376 :ctate
321 3362 335 3386 ,
371 3320 495 3379 licet
536 3324 608 3379 sit
640 3326 996 3384 excellentior
1027 3345 1272 3400 personze
1303 3336 1616 3402 nobilitate,
1660 3347 1717 3395 et

133 3412 405 3468 mundana
437 3413 649 3486 imperii
675 3425 976 3488 potestate,
1005 3435 1111 3477 non
1141 3430 1319 3480 autem
1343 3427 1487 3483 sacri
1511 3428 1719 3487 ordinis

130 3497 419 3572 dig-nitate,
469 3503 610 3560 sicut
644 3507 983 3565 demonstrat
1021 3520 1240 3570 sanctus
1279 3515 1528 3573 Gelasius
1574 3534 1713 3591 papa

134 3593 381 3649 scribens
418 3595 487 3652 ad
529 3596 874 3655 Anastasium
910 3601 1294 3673 imperatorem
1332 3610 1522 3679 (epist.
1554 3611 1613 3665 li
1646 3619 1665 3683 )
1696 3629 1711 3665 :

130 3700 153 3736 ι
183 3684 300 3741 Duo
338 3695 500 3753 sunt,
538 3687 835 3758 imperator
875 3694 1119 3763 Auguste
1142 3737 1154 3761 ,
1203 3699 1399 3767 quibus
1441 3703 1715 3773 principa-

120 3777 253 3831 liter
300 3776 533 3831 mundus
579 3778 669 3832 hic
704 3781 934 3850 regitur,
973 3789 1268 3842 auctoritas
1283 3804 1453 3864 ,δειραὶ
1491 3794 1711 3861 pontill-
1741 3773 1785 3834 ο

117 3885 284 3935 cum,
316 3876 370 3923 et
404 3868 600 3940 regalis
624 3879 884 3941 potestas.
939 3874 997 3928 ln
1049 3878 1245 3946 quibus
1291 3889 1444 3935 tanto
1491 3886 1710 3954 gravius

116 3959 339 4032 pondus
366 3969 457 4015 est»
480 3961 821 4017 sacerdotum
846 4005 861 4029 ,
892 3975 1099 4036 quanto
1135 3969 1298 4024 etiam
1336 3987 1434 4042 pro
1464 3974 1596 4042 ipsis
1626 3991 1711 4031 re-

120 4048 287 4121 gibus
312 4051 589 4106 hominum
643 4050 697 4107 in
744 4053 927 4108 divino
975 4056 1240 4112 reddituri
1287 4069 1414 4115 sunt
1459 4065 1715 4119 examine

120 4140 414 4197 rationem.
448 4163 465 4195 ι
497 4142 580 4198 Ad
629 4140 681 4198 id
729 4147 875 4215 quod
922 4149 1271 4219 subsequitur
1314 4154 1368 4207 in
1414 4154 1515 4209 hoc
1551 4155 1709 4223 jura-

122 4240 313 4290 mcnto
340 4253 353 4290 :
385 4235 633 4303 Quandiu
662 4240 867 4304 vixero,
896 4242 1069 4311 ﬁdelis
1096 4254 1145 4298 et
1177 4246 1419 4302 obediens
1438 4289 1451 4314 ,
1482 4260 1531 4303 et
1562 4251 1718 4321 adjuo

132 4340 223 4384 tor
268 4331 321 4385 in
367 4332 605 4387 omnibus
649 4350 769 4401 ero,
823 4346 1040 4393 satietus
1087 4338 1337 4396 Gelasins
1378 4343 1622 4400 scribens
1650 4346 1720 4402 ad

128 4422 477 4478 Anastasium
506 4424 890 4496 imperatorem
918 4430 1050 4486 dicit
1077 4434 1272 4505 (epist.
1302 4436 1359 4489 li
1389 4436 1409 4507 )
1437 4454 1450 4490 :
1478 4456 1497 4489 ι
1526 4436 1715 4506 Nosti,

125 4508 209 4568 ﬁli
234 4511 652 4572 clementissime
670 4559 684 4585 ,
715 4521 971 4589 quoniam
1004 4522 1132 4578 licet
1159 4528 1452 4595 prtesideas
1478 4528 1718 4586 humano

122 4607 313 4680 generi
351 4608 613 4680 dignitate
637 4653 652 4678 ,
690 4628 873 4669 rerum
919 4625 1095 4673 tamen
1136 4621 1463 4690 praesulibus
1500 4623 1710 4680 divina~

124 4706 254 4756 tum
295 4701 518 4758 devotus
556 4704 691 4760 colla
731 4707 1034 4782 submittis,
1081 4720 1245 4782 atque
1288 4716 1356 4771 ab
1394 4715 1475 4772 eis
1517 4732 1711 4777 causas

126 4797 239 4846 tua:
270 4790 456 4848 salutis
500 4796 710 4875 expegis
737 4780 1018 4868 :bincque
1067 4780 1345 4861 sumendis
1393 4808 1708 4866 coelestibus

127 4884 488 4940 sacramentis
506 4926 520 4950 ,
553 4887 741 4956 eisque
768 4896 826 4942 ut
851 4891 1111 4961 competit
1138 4893 1486 4964 disponendis
1506 4939 1522 4965 ,
1554 4901 1710 4956 subdi

130 4981 187 5047 te
222 4973 417 5032 debere
452 4980 734 5049 cognoscis
776 4982 1052 5053 religionis
1088 4987 1278 5043 ordine
1315 4991 1496 5060 potius
1545 5008 1709 5063 quam

1762 1218 1808 1279 Α
1838 1252 1944 1292 non
1969 1242 2230 1335 convenit
2271 1242 2533 1315 Apostolo
2583 1249 2826 1311 dicenti:
2860 1256 2984 1315 Non
3027 1261 3147 1330 plus
3190 1282 3414 1341 sapere,

1835 1345 1993 1401 quam
2018 1338 2223 1416 oportet
2239 1350 2439 1408 sapere,
2459 1341 2551 1394 sed
2572 1359 2753 1414 sapere
2774 1347 2844 1401 ad
2864 1349 3193 1409 sobrietatem
3219 1338 3411 1430 (Rom.

1835 1437 1914 1477 xu
1934 1413 2104 1499 ,φλ
2134 1429 2183 1483 id
2216 1413 2299 1485 est
2322 1432 2389 1485 ad
2413 1413 2844 1505 temperantiam.
2876 1436 2943 1497 Et
2968 1457 3190 1504 sanctus
3213 1413 3407 1513 l’etrus
3474 1502 3485 1505 -

1834 1513 2186 1615 interrgganti
2214 1536 2272 1577 se
2302 1522 2549 1591 Domino,
2602 1527 2793 1601 Diligis
2827 1550 2908 1588 me
2933 1535 3050 1606 plus
3075 1539 3155 1594 his
3182 1542 3208 1595 ?
3228 1542 3409 1615 (Joan.

1830 1618 1925 1660 xxx
1946 1608 2064 1680 ,ll')
2096 1611 2220 1680 quia
2262 1615 2508 1669 meminit
2530 1616 2842 1676 imminente
2865 1622 2979 1693 ejus
3018 1608 3266 1699 passione
3293 1633 3413 1707 plus

1832 1695 1933 1749 sibi
1965 1703 2286 1758 constantia:
2312 1704 2571 1764 tribuisse
2599 1725 2759 1779 quam
2789 1695 3044 1785 haberet,
3072 1695 3410 1782 cautius-sua

1834 1784 2149 1847 infirmitate
2175 1794 2417 1851 eruditus
2443 1814 2550 1853 non
2586 1805 2894 1874 respondit,
2921 1784 3041 1879 plus
3073 1812 3155 1869 bis
3186 1830 3310 1872 amo
3336 1825 3408 1885 te,

1831 1879 1927 1934 sed
1958 1881 2086 1950 quia
2114 1897 2237 1939 amo
2271 1895 2339 1941 te.
2373 1887 2595 1948 Rectius
2626 1894 2792 1966 igitur
2816 1898 3019 1967 dictum
3059 1912 3164 1970 cst,
3206 1879 3405 1963 Secun;

1831 1968 1957 2024 dum
1984 1988 2154 2028 meum
2183 1978 2317 2032 scire
2345 1990 2394 2033 et
2420 1997 2591 2050 posse,
2625 2000 2785 2055 quam
2811 2003 2825 2043 :
2854 1989 3268 2067 Quantocunque
3288 1998 3406 2070 plus

1831 2069 1878 2113 et
1895 2061 2087 2118 melius
2113 2067 2278 2121 sciero
2301 2079 2347 2122 et
2368 2079 2608 2139 potuero.
2640 2076 2793 2144 Quod
2819 2089 2998 2136 autem
3025 2061 3258 2154 positum
3284 2061 3398 2160 est,

1828 2152 2043 2207 consilio
2075 2166 2121 2208 et
2152 2159 2351 2213 auxilio
2382 2162 2648 2231 superﬂue
2678 2168 2919 2226 additum
2949 2152 3050 2229 esti.
3082 2174 3139 2230 ln
3168 2192 3233 2234 eo
3260 2180 3408 2238 enim

1827 2246 1969 2314 quod
2000 2248 2143 2316 dixi,
2175 2254 2463 2310 secundum
2501 2275 2673 2314 meum
2708 2264 2841 2318 scire
2862 2306 2877 2331 ,
2914 2268 3228 2339 consilium,
3266 2285 3322 2331 et
3353 2276 3409 2334 in

1823 2349 1889 2391 eo
1920 2341 2198 2407 quoddixi
2223 2383 2239 2410 ,
2268 2347 2555 2403 secundum
2580 2367 2750 2409 meum
2772 2373 2922 2426 posse
2941 2399 2956 2424 ,
2987 2363 3246 2419 auxilium
3276 2382 3408 2423 con-

1823 2428 2043 2485 tinetur.
2067 2431 2219 2500 Quod
2237 2437 2453 2507 scripsit
2479 2443 2655 2498 scriba
2679 2446 2890 2513 doctus,
2910 2448 3212 2509 Secundum
3232 2468 3403 2515 nteant

1825 2523 2190 2591 ministerium,
2210 2529 2263 2581 in
2288 2532 2527 2586 omnibus
2552 2535 2745 2590 scilicet
2765 2538 2956 2608 fidelis,
2981 2553 3029 2597 et
3055 2547 3319 2618 obediens,
3347 2562 3397 2607 et

1824 2614 2041 2683 adjutor
2067 2632 2177 2683 ero,
2211 2629 2400 2675 contra
2427 2630 2869 2688 consuetudinem
2895 2635 3189 2705 juramenti
3208 2684 3223 2710 ,
3247 2648 3393 2716 quod

1821 2703 2094 2773 principes
2131 2716 2186 2761 et
2226 2710 2426 2766 domini
2463 2716 2577 2771 suis
2614 2720 2870 2790 subjectis
2898 2703 2971 2780 ‘ct
3018 2731 3182 2787 etiam
3222 2703 3395 2793 servis

1814 2793 2001 2863 jurare
2024 2798 2219 2870 jubent
2249 2805 2520 2877 ascripsit.
2558 2808 2710 2869 Sicut
2736 2817 2879 2874 enim
2914 2816 3193 2895 Scriptura
3220 2826 3348 2886 dicit
3376 2848 3388 2887 :
3468 2810 3479 2817 ⁵

1824 2885 1947 2942 Νοη
1973 2901 2046 2944 est
2078 2891 2235 2994 non“
2262 2896 2317 2949 in
2342 2908 2484 2954 terra
2509 2904 2598 2974 qui
2624 2905 2784 2975 faciat
2816 2909 3006 2968 bonum
3023 2885 3055 2982 ,.
3070 2927 3118 2971 et
3149 2936 3252 2976 non
3279 2940 3398 2994 pec—

1824 2912 1947 2942 mm
1973 2912 2045 2944 est
2078 2912 2235 3039 ηοἌ
2262 2912 2317 2949 m
2342 2912 2484 2954 terra
2509 2912 2598 2974 qui
2624 2912 2784 2975 faciat
2816 2912 3038 2982 bonum,
3070 2927 3118 2971 et
3149 2936 3252 2976 non
3279 2940 3392 2994 pec—

1821 2989 1896 3031 cet
1931 2977 2124 3052 (Psal.
2212 3002 2254 3041 ‘t
2281 3027 2295 3052 ,
2328 2989 2380 3053 l,
2407 2990 2480 3063 5)
2511 3009 2525 3058 ;
2559 3003 2613 3050 et
2639 2996 2874 3057 Iacobus
2904 3003 3037 3060 dicit
3063 3026 3075 3062 :
3123 3008 3186 3065 In
3214 3013 3392 3070 multis

1819 3068 1959 3122 enim
1994 3073 2308 3141 o/fendimus
2342 3095 2519 3137 omnes
2557 3085 2720 3156 (Jac.
2754 3106 2850 3159 lli,
2882 3091 2994 3165 2),
3031 3112 3153 3153 cum
3189 3100 3391 3160 Christi

1821 3160 1924 3217 hoc
1950 3164 2092 3219 dicat
2119 3168 2436 3238 Apostolus:
2470 3175 2537 3230 Et
2560 3180 2606 3233 si
2632 3182 2746 3251 quis
2775 3185 2828 3238 in
2852 3160 3003 3243 verbo
3027 3207 3130 3247 non
3154 3195 3395 3265 offendit,

1819 3252 1904 3307 hic
1924 3257 2181 3326 perfectus
2211 3273 2285 3317 est
2312 3267 2409 3319 vir.
2441 3267 2604 3339 (Ibid.
2628 3271 2646 3342 )
2675 3272 2731 3329 Si
2759 3273 2899 3333 forte
2930 3279 3158 3339 domnus
3187 3252 3396 3357 iioster;

1820 3346 1961 3413 quod
1993 3347 2167 3415 absit,
2201 3351 2552 3425 subreptione
2581 3359 2781 3431 aliquid
2813 3364 3039 3434 jusserit
3067 3372 3151 3427 vel
3182 3346 3387 3446 egerit,

1818 3438 1959 3504 quod
2004 3439 2294 3514 cpiscOpali
2341 3450 2646 3509 ministerio
2691 3464 2798 3512 nun
2841 3463 3158 3533 conveniat,
3210 3467 3393 3526 videre

1819 3525 2081 3584 debuerat
2112 3532 2200 3587 hic
2236 3536 2473 3605 scriptor
2507 3544 2928 3617 sagacissimus,
2963 3551 3010 3607 si
3049 3555 3307 3614 obediens
3341 3567 3397 3615 et

1820 3618 2033 3687 adjutor
2080 3623 2132 3679 in
2179 3627 2279 3683 boc
2331 3629 2405 3686 illi
2454 3634 2739 3708 episcopus
2776 3655 2895 3697 esse
2931 3643 3144 3701 debeat.
3187 3648 3255 3704 Et
3290 3665 3396 3707 non

1821 3720 1953 3779 puto
1984 3716 2210 3773 utullus
2238 3720 2401 3777 homo
2426 3723 2528 3791 sit,
2566 3726 2667 3798 qui
2694 3731 2849 3788 alteri
2892 3730 3096 3793 homini
3132 3737 3187 3794 in
3224 3744 3401 3799 omni-

1820 3802 1920 3855 bus
1946 3803 2118 3859 lidclis
2144 3815 2198 3860 ct
2220 3810 2476 3868 obedieus
2503 3825 2555 3871 ct
2579 3818 2794 3886 adjutor
2823 3822 3041 3881 insimul
3062 3844 3181 3884 esse
3205 3835 3394 3902 possit.

1823 3892 1934 3949 Nisi
1967 3894 2105 3951 forte
2132 3898 2225 3953 illo
2251 3917 2450 3970 genere
2477 3906 2767 3966 locutionis
2792 3914 2934 3969 hanc
2961 3916 3104 3973 illius
3125 3892 3227 3976 viri
3254 3926 3397 3982 docti

1822 3988 2150 4044 sententiam
2186 3992 2576 4065 intelligamus,
2609 4015 2718 4069 quo
2747 4002 2879 4059 dicit
2907 4006 3236 4078 Apostolus:
3269 4011 3395 4071 Sine

1821 4075 2205 4133 intermissione
2233 4092 2377 4135 orate
2408 4084 2425 4156 (
2453 4084 2483 4137 Ι
2514 4084 2665 4142 Tltes.
2700 4106 2759 4144 ιιι
2782 4132 2795 4157 ,
2830 4092 2893 4146 l7
2914 4095 2932 4165 )
3003 4104 3057 4151 et
3085 4116 3097 4152 :
3132 4098 3198 4153 In
3223 4105 3394 4158 omni-

1821 4164 1915 4220 bus
1950 4168 2286 4226 exltibcamus
2321 4176 2658 4248 nosmetipsos
2698 4182 2831 4236 sicut
2861 4184 2962 4239 Dei
2992 4188 3258 4246 ministros
3289 4191 3389 4266 (II

1818 4255 1942 4311 Cor.
1970 4274 2053 4323 vr,
2086 4261 2180 4334 4).
2218 4260 2287 4317 l’t
2317 4266 2563 4324 videlicet
2599 4272 2878 4343 cupiamus
2914 4291 3036 4333 eum
3073 4296 3136 4338 ea
3171 4255 3391 4357 semper

1810 4346 2003 4417 jubere
2034 4360 2089 4406 ct
2117 4368 2335 4425 semper
2363 4370 2555 4428 agere,
2587 4360 2781 4431 quibus
2810 4364 3101 4427 debeamus
3127 4382 3182 4427 ct
3210 4374 3393 4432 valea-

1817 4456 1938 4496 mus
1969 4445 2190 4502 obedire
2210 4488 2226 4514 ,
2256 4456 2311 4504 et
2339 4450 2554 4523 ad'quae
2584 4454 2658 4509 illi
2690 4456 2981 4518 debeamus
3019 4473 3073 4519 et
3111 4465 3386 4525 valeamus

1818 4532 2040 4590 obedire
2065 4578 2077 4602 ,
2106 4547 2161 4592 et
2190 4538 2257 4593 ad
2284 4556 2402 4610 qua:
2431 4542 2505 4597 illi
2536 4545 2826 4605 debeamus
2854 4561 2908 4607 et
2934 4554 3207 4614 valeamus
3235 4558 3390 4630 adju-

1820 4632 1965 4681 tores
1990 4642 2129 4684 esse.
2165 4629 2273 4686 Sed
2298 4641 2353 4687 et
2377 4636 2518 4703 quod
2549 4637 2680 4694 dicit
2708 4681 2721 4705 ,
2753 4640 2822 4696 Ut
2848 4644 2947 4699 sim
2984 4644 3064 4700 illi
3099 4650 3269 4720 fidelis
3291 4629 3310 4719 ,ν
3335 4662 3385 4711 et

1819 4716 2056 4772 obediens
2084 4759 2100 4785 ,
2153 4730 2201 4774 et
2250 4722 2465 4792 adjutor
2512 4727 2566 4780 in
2589 4732 2827 4786 omnibus
2855 4775 2869 4801 ,
2922 4716 3392 4801 alitcr'inteilexit

1815 4806 2105 4876 Apostolus
2134 4812 2201 4866 de
2233 4812 2466 4870 lunnana
2497 4821 2891 4890 possibilitate,
2920 4828 3042 4895 quia
3072 4847 3175 4888 non
3206 4835 3388 4889 omnia

1816 4913 2105 4968 possumus
2135 4917 2323 4958 omnes
2341 4945 2356 4970 ,
2387 4906 2576 4964 dicens
2601 4921 2722 4980 post
2751 4926 3064 4973 enumerata
3093 4924 3387 4990 gratiarum

1818 4987 1998 5043 dona:
2032 4988 2179 5045 Sicut
2224 4995 2500 5068 unicuique
2536 5000 2680 5057 Deus
2717 5004 2891 5060 divisit
2930 5025 3226 5066 mensuram
3264 5014 3388 5084 fidei

125 5060 364 5133 praeesse
390 5082 404 5131 ;
439 5068 622 5138 itaque
656 5071 802 5126 inter
828 5073 945 5129 lucc
973 5075 1187 5131 illorum
1224 5086 1276 5134 te
1305 5082 1543 5150 pendere
1562 5060 1708 5152 judi-
1740 5085 1792 5145 D
1817 5080 1836 5152 (
1859 5079 2123 5174 Rem-XII
2142 5126 2156 5150 ,
2185 5084 2219 5140 5
2241 5087 2281 5157 )-
2316 5088 2384 5144 Ει
2411 5060 2555 5161 quod
2581 5090 2788 5152 addidit
2815 5115 2830 5151 :
2855 5098 3060 5173 Absque
3088 5060 3311 5174 frauda,
3337 5115 3387 5164 et

126 5153 217 5207 cio
237 5195 251 5220 ,
276 5170 390 5217 non
423 5155 542 5212 illos
568 5159 634 5213 ad
666 5168 811 5215 tuam
839 5164 1007 5235 redigi
1031 5165 1380 5224 voluntatem.
1412 5190 1431 5222 ι
1457 5172 1524 5227 Ει
1552 5175 1710 5245 paulo

126 5249 253 5311 post
274 5260 289 5297 :
323 5262 340 5295 t
370 5243 487 5311 Quo
515 5260 611 5301 oro
646 5255 696 5301 te
729 5247 922 5312 aﬂ'ectu
952 5252 1030 5307 cis
1060 5256 1311 5311 convenit
1341 5243 1590 5328 obedire,
1617 5266 1709 5334 qui

126 5320 487 5406 pro/rogandis
526 5341 926 5398 venerabilibus
956 5357 1081 5400 sunt
1112 5350 1360 5405 attributi
1392 5356 1711 5424 mysteriis?

126 5422 366 5481 Proinde
401 5430 542 5485 sicut
575 5447 680 5486 non
721 5433 839 5489 leve
874 5436 1162 5493 discrimen
1199 5441 1461 5498 incumbit
1488 5448 1705 5515 pontili-

127 5515 286 5572 cibus
303 5518 516 5575 siluisse
537 5537 633 5592 pro
656 5525 951 5581 divinitatis
970 5528 1117 5583 cultu
1142 5533 1283 5599 quod
1313 5538 1562 5605 congruit
1586 5557 1598 5591 :
1632 5539 1705 5594 ita

129 5608 253 5675 his,
285 5613 433 5680 quod
474 5615 645 5681 absit,
676 5633 782 5673 non
822 5621 1093 5677 mediocre
1128 5626 1423 5693 periculum
1459 5638 1572 5697 est,
1614 5633 1705 5702 qui

129 5716 255 5756 cum
283 5703 510 5759 debeant
538 5723 728 5776 parcre
757 5712 1074 5780 despiciunt.
1108 5734 1125 5766 ι
1153 5716 1302 5784 Quod
1333 5719 1419 5773 hic
1448 5723 1705 5792 scriptum

131 5798 247 5857 est,
286 5804 687 5868 quantocunque
719 5799 837 5869 plus
871 5812 917 5857 et
958 5804 1142 5861 melius
1182 5808 1343 5861 sciero
1379 5820 1425 5864 et
1457 5822 1704 5883 potuero,

1813 5172 1952 5225 malo
2001 5174 2248 5245 ingenio,
2298 5188 2345 5233 et
2388 5182 2582 5254 absque
2628 5184 2741 5238 ulla
2777 5172 3096 5256 dolositate,
3121 5193 3200 5249 vel
3228 5197 3387 5251 sedu-

1812 5261 1981 5316 ctione
2010 5281 2098 5319 seu
2127 5267 2444 5340 deceptione,
2472 5281 2518 5325 et
2547 5274 2738 5344 absque
2761 5290 2994 5348 respectu
3017 5283 3244 5356 alicujus
3270 5304 3389 5357 per-

1812 5371 1954 5409 some
1994 5357 2161 5428 (ibid.
2190 5360 2208 5433 )
2233 5403 2246 5425 ,
2277 5364 2418 5432 quod
2448 5379 2513 5420 ex
2545 5365 2874 5425 abundantia
2902 5372 3051 5430 lividi
3084 5379 3262 5433 cordis
3291 5393 3386 5435 ore

1813 5448 2082 5516 superﬂuo
2130 5453 2383 5521 protulit,
2432 5457 2718 5515 sinceritas
2772 5464 2952 5521 cordis
2987 5468 3090 5523 mei
3133 5483 3384 5539 compre-

1810 5536 1998 5593 hendit
2026 5541 2211 5598 dicens
2239 5543 2372 5599 :Isti
2398 5545 2713 5618 Imperatori
2741 5556 3027 5611 secundum
3052 5575 3223 5613 meum
3251 5561 3385 5616 scire

1810 5638 1859 5683 et
1885 5648 2067 5701 posse,
2097 5635 2259 5703 juxta
2294 5638 2642 5695 ministerium
2678 5660 2847 5699 meum
2882 5648 3054 5715 ﬁdelis
3089 5665 3198 5704 ero.
3241 5650 3387 5706 lntcr

1810 5725 1912 5778 hoc
1944 5726 2085 5779 enim
2114 5744 2307 5784 nontcn
2333 5734 2473 5800 quod
2504 5736 2702 5792 dicitur
2734 5741 2966 5808 adjutor,
2995 5752 3046 5798 ct
3072 5746 3214 5814 quod
3245 5731 3386 5804 dici--

1813 5820 1900 5875 tur
1940 5816 2168 5882 nocilor,
2205 5820 2338 5877 niltil
2369 5832 2451 5879 est
2478 5826 2732 5882 medium.
2763 5828 2863 5897 Qui
2896 5833 3038 5913 enim
3066 5842 3147 5897 est
3177 5834 3383 5905 ﬁdelis,
