4010 6330
581 333 718 391 H27

1397 325 1727 382 HINCMARI
1765 323 1979 380 BHEM.
2021 320 2339 379 ARCIIIEP.
2377 320 2744 379 OPUSCULA
2786 321 3018 378 VARIA.

3720 322 3857 384 1128

581 452 632 508 ei
667 448 754 505 cui
791 444 964 502 ﬁdelis
994 449 1079 499 est
1098 482 1112 507 ,
1150 448 1413 511 quantum
1441 454 1505 496 ex
1544 440 1659 509 ipso
1695 447 1779 494 est
1801 478 1814 503 ,
1849 437 2036 507 utique
2071 443 2155 491 est
2184 440 2230 496 Α
2256 435 2434 491 vobis:
2460 433 2581 491 Non
2600 435 2787 505 jurare
2807 438 3040 501 omnino,
3064 437 3134 492 sit
3154 444 3327 493 autem
3350 452 3523 493 sermo
3544 446 3734 504 vester,
3759 454 3857 514 ea,

584 539 828 608 adjutor:
853 545 909 591 et
931 535 1020 604 qui
1050 541 1134 587 est
1157 529 1469 593 inﬁdelis,ei
1499 530 1583 585 cui
1607 539 1692 583 est
1717 528 1968 591 inﬁdelis,
1995 542 2164 596 quan-

586 639 697 684 tum
721 643 786 683 ex
812 626 900 696 ipo
920 632 1033 686 est,
1061 622 1249 691 utique
1277 629 1360 676 est
1389 620 1618 692 nocitor.
1647 619 1714 674 Et
1743 618 1915 674 ﬁdelis
1936 618 2165 688 quisque

2266 536 2362 591 est,
2394 542 2516 592 non,
2542 542 2678 592 non;
2707 527 2844 598 quod
2864 537 3038 581 autem
3062 528 3145 582 Itis
3165 528 3520 583 abundantius
3536 539 3645 597 est,
3668 549 3701 584 ιι
3718 534 3857 591 luds

2266 628 2341 672 est
2371 618 2583 688 (Matth.
2615 634 2667 684 v,
2697 618 2810 689 57),
2842 619 2894 672 id
2923 628 3007 674 est
3036 619 3120 672 vel
3147 636 3177 672 a
3206 619 3349 674 malo
3375 620 3517 674 male
3554 630 3616 676 et
3643 622 3858 681 incaute

586 735 715 791 erga
738 733 859 772 eum
882 712 1155 771 cuiﬁdelis
1177 719 1283 776 est,
1298 710 1540 766 fraudem
1564 720 1619 765 et
1641 709 1841 765 malum
1866 709 2161 779 ingenium,
2260 709 2514 780 jurantis,
2543 709 2630 764 vel
2674 726 2702 763 a
2747 709 2890 764 malo
2919 709 3059 765 male
3093 718 3149 765 et
3191 711 3310 765 sine
3355 726 3520 767 causa
3544 711 3742 781 jurare
3762 730 3854 770 eo.

585 820 643 866 et
667 809 831 863 ullam
853 804 1189 860 dolositatem
1207 841 1223 867 ,
1248 801 1330 857 vel
1355 800 1721 863 seductionem
1740 840 1755 866 ,
1780 815 1875 856 seu
1896 799 2167 869 deceptio-

585 916 709 957 nem
730 940 743 966 ,
776 913 877 953 nec
896 896 1140 957 consilio.
1170 909 1271 949 nec
1296 894 1499 950 auxilio
1530 910 1629 965 pro
1658 902 1907 964 respectu
1939 890 2168 962 alicujus

582 1005 830 1063 persona:
855 998 977 1061 aget
997 987 1082 1043 vel
1102 988 1187 1058 agi
1215 988 1550 1042 consentiet:
1574 987 1718 1057 quod
1745 987 1790 1042 si
1813 986 2032 1051 fecerit,
2056 1001 2167 1041 non

583 1079 789 1143 ﬁdelis,
820 1078 915 1134 sed
946 1077 1177 1132 inﬁdelis
1203 1076 1330 1131 crit.
1357 1075 1510 1144 Quod
1539 1085 1719 1132 autem
1743 1118 1758 1143 ,
1784 1078 1938 1147 quasi
1966 1076 2167 1133 oblitus

584 1170 672 1229 illa
697 1184 818 1241 qua:
844 1168 1220 1240 praemiserat,
1262 1167 1664 1239 superadjecit:
1697 1169 1879 1240 Neque
1917 1185 2011 1240 per
2044 1185 2125 1224 me
2148 1210 2162 1234 ,

586 1278 752 1333 neque
782 1276 875 1330 per
902 1260 1150 1323 missum,
1184 1276 1346 1328 nefue
1372 1276 1465 1330 per
1493 1259 1697 1314 litteras
1718 1301 1732 1326 ,
1760 1261 1850 1315 sed
1887 1277 2048 1332 neque
2076 1276 2167 1331 per

587 1353 834 1408 emissam
884 1351 964 1406 vel
998 1353 1357 1406 intromissum
1390 1368 1699 1421 personam,
1742 1351 1821 1407 vel
1859 1368 2165 1425 quocunque

585 1443 740 1496 modo
789 1459 851 1497 ac
892 1442 1311 1513 signiﬁcatione,
1367 1453 1549 1496 contra
1594 1459 1748 1498 suum
1785 1443 2067 1507 honorem,
2117 1451 2167 1498 et

586 1553 739 1591 suam
770 1553 832 1590 ac
861 1535 1115 1590 Ecclesia:
1141 1545 1296 1607 atque
1338 1535 1483 1605 regni
1522 1534 1602 1588 illi
1641 1535 1903 1589 commissi
1941 1536 2164 1605 quietem

583 1633 633 1681 et
663 1624 1100 1697 tranquillitatem
1141 1635 1296 1696 atque
1335 1624 1654 1679 soliditatem
1697 1625 2008 1680 macltinabo
2035 1667 2051 1692 ,
2085 1624 2164 1680 vel

583 1715 906 1769 macltinanti
933 1716 1257 1771 consentiam
1274 1757 1290 1784 ,
1324 1716 1632 1781 ridiculose,
1659 1717 1769 1774 imo
1791 1718 2009 1784 misere,
2035 1719 2160 1788 quia

2266 802 2473 873 gentis,
2509 803 2650 857 sicut
2685 802 2936 858 catholici
2973 802 3222 858 doctores
3263 802 3471 858 dicunt.
3504 803 3577 858 Et
3622 802 3853 861 Iacobus

2266 892 2543 962 apostolus
2569 892 2700 947 dicit
2728 911 2742 947 :
2769 892 2904 947 Ante
2946 892 3142 955 omnia,
3182 892 3372 961 fratres
3407 894 3535 957 mei,
3536 892 3745 965 )olite
3767 895 3856 965 ja-

2267 898 2543 962 apostolus
2569 898 2700 947 dicit
2728 911 2742 947 :
2769 898 2904 947 Ante
2946 898 3142 955 omnia,
3182 898 3372 961 fratres
3407 898 3535 957 mei,
3650 898 3745 947 tite
3767 898 3856 965 ja-

2267 1001 2387 1039 rare
2411 984 2755 1056 quodcunque
2781 984 3142 1054 juramentum
3187 982 3330 1053 (Jac.
3358 898 3661 1073 v,
3686 986 3881 1042 sancti

2264 1074 2457 1132 Patres
2482 1075 2685 1143 Nicaeni
2705 1075 2919 1132 concilii
2941 1075 3228 1145 episcopos
3255 1075 3348 1145 qui
3377 1074 3624 1145 perﬁdia:
3643 1077 3856 1133 Arium

2266 1175 2680 1233 consenserunt,
2710 1175 2768 1223 et
2792 1174 3015 1223 sanctus
3041 1165 3154 1222 Leo
3177 1181 3312 1237 papa
3335 1182 3399 1222 ac
3429 1167 3675 1239 synodu‘s
3700 1166 3859 1223 Chal-

2266 1258 2584 1314 cedonensis
2639 1259 2921 1328 episcopos
2971 1258 3063 1328 qui
3109 1256 3462 1329 Eutycbiana:
3504 1257 3858 1329 perversitati

2266 1350 2531 1415 faverant,
2556 1359 2614 1405 et
2639 1349 2695 1405 S.
2720 1348 3011 1420 Gregorius
3036 1347 3388 1405 Nestorianos
3416 1365 3449 1404 a
3473 1350 3690 1421 synodo
3713 1348 3857 1405 Con-

2266 1442 2741 1513 stantinopolitano
2802 1439 3042 1510 abjectos
3098 1438 3432 1510 professione
3487 1454 3560 1495 ac
3622 1439 3861 1496 subseri-

2265 1535 2475 1606 ptione,
2507 1534 2592 1590 vel
2641 1532 2756 1589 sola
2806 1531 3176 1602 professione,
3222 1532 3339 1587 sine
3385 1530 3709 1599 iuramento
3755 1532 3861 1588 alio

2265 1625 2508 1696 recipere
2550 1624 2606 1678 in
2658 1623 2770 1678 suis
2804 1622 3087 1680 ordinibus
3128 1610 3506 1678 decreverunt.
3536 1620 3859 1678 Prcsertin

2268 1734 2394 1775 cum
2416 1731 2653 1773 canones
2677 1716 2821 1772 sacri
2849 1714 3164 1782 decernant,
3193 1722 3254 1768 ut
3277 1713 3326 1769 si
3345 1713 3466 1784 quis
3484 1722 3684 1769 contra
3708 1728 3863 1769 suam

580 1811 967 1867 amaritudinis
1005 1810 1130 1868 felle
1166 1812 1380 1868 locutus
1416 1820 1520 1868 est.
1564 1812 1705 1880 Quid
1747 1820 1833 1867 est
1858 1810 2003 1867 enim
2033 1810 2164 1867 mis—
2190 1810 2240 1871 B
2266 1812 2654 1883 professionem
2686 1810 2771 1866 vel
2819 1809 3271 1880 subscriptionem
3315 1809 3526 1865 venerit
3560 1809 3619 1865 in
3651 1808 3862 1879 aliquo,

583 1916 706 1968 sus,
756 1902 861 1958 nisi
907 1903 1106 1959 emissa
1145 1904 1231 1961 vel
1274 1904 1584 1960 intromissa
1627 1903 1901 1975 persona?
1938 1911 1993 1960 et
2033 1902 2163 1973 quid

582 2001 668 2048 est
695 2007 1033 2063 quaecunque
1062 1994 1388 2063 signiﬁcatio
1407 2034 1422 2060 ,
1458 1995 1563 2050 nisi
1591 2002 1685 2048 aut
1708 2009 1805 2065 per
1837 1994 2000 2050 verba
2019 2033 2036 2059 ,
2070 2002 2164 2048 aut

581 2094 681 2150 per
726 2079 972 2147 litteras,
1021 2082 1107 2137 vel
1150 2082 1254 2137 alio
1296 2083 1540 2152 quolibet
1578 2083 1886 2139 modo?‘Et
1923 2084 2053 2154 quid
2082 2093 2166 2139 est

582 2176 774 2224 contra
806 2185 961 2224 suum
992 2170 1253 2226 honorem
1273 2212 1288 2237 ,
1322 2187 1386 2227 ac
1414 2172 1671 2228 Ecclesiae
1698 2182 1860 2243 atque
1889 2174 2041 2244 regni
2087 2173 2165 2228 illi

585 2258 865 2315 commissi
903 2259 1142 2330 quietem
1181 2274 1372 2331 agere,
1404 2261 1510 2316 nisi
1538 2261 1830 2318 inﬁdeliter
1870 2263 2061 2334 agerc?
2099 2263 2167 2317 Et

581 2353 712 2425 quid
739 2363 822 2409 est
845 2353 998 2423 quies
1020 2394 1035 2419 ,
1064 2354 1167 2409 nisi
1201 2355 1602 2426 tranquillitas?
1628 2366 1685 2412 et
1711 2356 1840 2427 quid
1869 2364 1953 2411 est
1981 2356 2166 2411 solidi-

584 2451 669 2497 tas
688 2483 704 2510 ,
736 2442 839 2497 nisi
869 2428 1278 2501 sincerilasijl‘lt
1303 2445 1447 2515 quod
1473 2443 1640 2509 dixit,
1670 2454 1859 2500 contra
1887 2446 2024 2512 haec,
2056 2446 2166 2500 sci-

582 2534 735 2591 licet
758 2524 831 2590 ab
875 2535 967 2591 illo
991 2538 1293 2608 praemissa,
1325 2554 1429 2593 non
1460 2539 1815 2604 machinabo,
1846 2539 1931 2594 vel
1964 2539 2170 2595 machi-

564 2626 732 2691 Ananti
755 2627 1115 2694 consentiam,
1133 2629 1295 2685 nimis
1314 2630 1571 2686 stolidum
1594 2632 1804 2703 putavit
1824 2633 2159 2703 episcopum,

580 2718 674 2790 qui
702 2718 772 2774 ab
814 2719 946 2790 ipsis
987 2720 1271 2777 cunabulis
1320 2738 1492 2794 usque
1531 2725 1601 2779 ad
1648 2734 1983 2780 senectutem
2010 2740 2163 2781 suam

582 2818 768 2867 sacras
803 2811 1014 2869 litteras
1042 2814 1234 2889 didicit
1263 2831 1328 2871 ac
1354 2817 1550 2888 saepius
1578 2817 1742 2889 legit,
1776 2826 1834 2873 ut
1861 2834 1966 2874 non
2000 2819 2168 2875 sciret

580 2905 895 2976 Apostolum
936 2907 1156 2964 dicere:
1193 2907 1318 2963 Non
1344 2909 1513 2964 solum
1540 2912 1628 2983 qui
1657 2912 1894 2981 faciunt,
1941 2912 2032 2967 sed
2078 2912 2168 2983 qui

582 3000 907 3054 consentiunt
933 3000 1244 3071 facientibus
1264 3003 1410 3073 digni
1429 3013 1547 3057 sunt
1568 3014 1734 3059 morte
1757 3003 1935 3074 (Rom.
1963 3021 2015 3071 ι,
2035 3004 2127 3073 52)
2149 3045 2165 3071 ,

583 3096 636 3142 ει
666 3097 914 3143 sanctum
946 3088 1180 3145 Leonem
1211 3106 1437 3161 papam,
1462 3093 1589 3163 quia
1616 3093 1756 3147 sicut
1785 3095 1841 3148 in
1873 3094 2012 3149 mala
2041 3110 2165 3149 sua-

2267 1907 2382 1978 ipse
2422 1920 2484 1963 se
2507 1906 2715 1961 honore
2752 1903 3005 1977 privabit.
3037 1904 3101 1958 Et
3131 1903 3235 1974 pia:
3261 1902 3540 1958 memoria:
3577 1911 3743 1972 pater
3770 1917 3862 1957 ve-

2267 2009 2379 2056 ster
2408 2001 2478 2055 ab
2499 1999 2788 2070 episcopis,
2820 1997 2912 2068 qui
2939 1996 3024 2052 vel
3045 1995 3333 2052 voluntarii
3368 1995 3455 2052 vel
3481 1995 3640 2051 inviti
3680 1996 3741 2051 in
3766 2011 3863 2053 sua

2267 2092 2571 2163 dejectione
2611 2098 3035 2155 consenserunt,
3068 2089 3163 2144 sed
3208 2103 3314 2144 nec
3354 2087 3423 2143 ab
3476 2088 3597 2157 ipso
3640 2087 3859 2157 Ebone,

2266 2187 2360 2257 qui
2386 2194 2576 2243 auctor
2619 2194 2676 2240 et
2720 2184 2971 2240 incentor
3013 2183 3183 2254 ipsius
3230 2179 3558 2250 dejectionis
3593 2179 3865 2234 duntaxat

2269 2274 2425 2334 inter
2453 2276 2737 2347 episcopos
2787 2274 2907 2340 fuit,
2955 2288 3063 2328 non
3111 2271 3257 2327 aliud
3292 2278 3723 2334 sacramentum,
3755 2268 3861 2325 nisi

2268 2369 2479 2426 libellos
2520 2365 2876 2438 professionis
2904 2381 2936 2420 a
2983 2380 3043 2421 se
3071 2362 3428 2433 subscriptos,
3463 2375 3602 2432 quos
3626 2376 3739 2433 ego
3769 2360 3862 2416 ιηα

2268 2464 2371 2520 beo
2414 2462 2715 2532 requisivit,
2743 2468 2801 2516 et
2842 2446 2883 2514 ad
2916 2474 3032 2524 me,
3079 2457 3173 2528 qui
3210 2463 3336 2511 ante
3380 2452 3778 2525 professionem
3804 2460 3858 2508 et

2268 2552 2744 2623 subscriptionem,
2772 2559 2830 2606 et
2852 2557 2974 2621 post
2998 2546 3387 2620 professionem
3408 2560 3475 2600 ac
3495 2543 3862 2615 subscriptu-

2269 2659 2414 2709 nem,
2446 2644 2689 2714 professa
2717 2649 2774 2697 et
2799 2639 3107 2711 subscripta
3150 2652 3251 2709 per
3296 2644 3475 2692 tantos
3504 2650 3681 2691 annos
3712 2652 3745 2690 a
3770 2635 3858 2705 ja-

2272 2744 2488 2791 ventute
2531 2749 2702 2805 usque
2738 2731 2807 2787 ad
2850 2731 2990 2787 hanc
3037 2736 3369 2786 senectutem
3418 2727 3663 2791 servavi,
3714 2740 3859 2781 nunc

2263 2825 2629 2897 juramentum
2666 2824 2812 2880 aliud
2858 2838 2967 2879 non
3001 2820 3293 2879 debuisset
3334 2819 3559 2891 requiri.
3585 2817 3699 2874 Sed
3746 2833 3857 2875 non

2269 2912 2465 2977 mirum
2492 2929 2599 2986 est,
2630 2918 2676 2973 si
2705 2933 2803 2989 per
2842 2916 3052 2988 hajulos
3101 2914 3338 2981 invidiaz,
3372 2914 3499 2985 quia
3542 2913 3690 2969 sicut
3723 2913 3860 2968 scri-

2268 3021 2419 3083 ptum
2452 3021 2556 3076 est,
2615 3008 2761 3065 Mors
2791 3010 3024 3064 introivit
3073 3009 3128 3063 in
3173 3006 3349 3061 orbem
3400 3015 3659 3060 terrarum
3697 3003 3857 3076 (Sep.

2271 3118 2332 3169 u,
2358 3102 2451 3173 ει)
2470 3142 2485 3167 ,
2515 3102 2633 3157 sine
2656 3116 2820 3157 causa
2850 3101 3063 3155 animus
3095 3096 3443 3170 benignitatis
3487 3104 3683 3151 vestra
3712 3109 3863 3150 eosn-

581 3178 734 3234 sione
751 3178 1098 3250 delinquitur,
1120 3180 1195 3234 ita
1215 3181 1337 3236 etin
1358 3181 1497 3237 mala
1514 3184 1871 3239 consensione
1886 3194 2162 3254 peccatur.
2193 3174 2238 3236 C
2271 3204 2452 3250 moms
2481 3208 2624 3248 nunc
2649 3208 2679 3248 ει
2709 3206 2797 3247 me
2827 3190 3072 3261 requirit,
3102 3190 3244 3260 quod
3275 3203 3375 3244 nec
3411 3195 3567 3258 pater
3588 3195 3781 3243 vester
3806 3186 3864 3241 in

581 3266 649 3323 Et
673 3279 892 3324 sanctus
911 3267 1156 3326 Gelasius
1168 3269 1236 3325 ad
1253 3270 1599 3328 Anastasium
1627 3274 2005 3344 imperatorem
2036 3276 2167 3330 scri-

584 3362 695 3433 psit
735 3363 927 3433 (epist.
962 3362 1070 3434 10)
1103 3381 1115 3418 :
1171 3363 1404 3434 Legibus
1444 3374 1591 3421 certe
1632 3367 1829 3421 vestris
1871 3367 2163 3422 criminum

586 3455 833 3508 conscios
885 3450 1831 3524 susceptoresque'latrocinantium
1881 3472 1980 3526 par
2013 3456 2159 3525 judi-

582 3545 791 3599 ciorum
822 3558 983 3614 poma
1013 3543 1361 3614 constringit,
1393 3558 1491 3598 nec
1508 3559 1703 3613 expers
1734 3543 1991 3599 facinoris
2020 3544 2165 3599 acsti-

582 3643 778 3700 matur,
826 3635 919 3704 qui
959 3634 1084 3689 licet
1119 3635 1235 3706 ipse
1284 3650 1394 3691 non
1436 3635 1657 3701 fecerit,
1692 3635 1952 3691 facientes
1983 3645 2163 3692 tamen

582 3725 639 3780 in
680 3725 1104 3782 familiaritatem
1151 3727 1435 3797 faedosque
1467 3709 1938 3817 receperit/“Unde
1974 3745 2164 3785 onmes

584 3832 683 3872 nos
710 3826 1039 3874 revertentes
1085 3819 1152 3873 ad
1186 3820 1555 3876 conscientias
1568 3818 1785 3876 nostras
1809 3820 2164 3877 obaudiarnus

581 3910 865 3967 Dominum
908 3912 1173 3969 dicentem
1221 3927 1237 3966 :
1288 3910 1523 3977 Medice,
1572 3927 1699 3965 cura
1741 3912 1960 3982 teipsum
1996 3910 2161 3983 (Luc.

580 4020 656 4070 ιγ,
679 4004 792 4076 2'5).
824 4005 1061 4060 Tandem
1105 4003 1249 4074 quod
1299 4004 1352 4058 in
1385 4002 1489 4058 ﬁne
1531 4003 1732 4075 posuit,
1761 4003 1886 4072 quia
1933 4003 2163 4071 amplius

578 4098 720 4169 quod
756 4099 977 4154 adderet
1018 4098 1262 4154 invenire
1306 4113 1409 4153 non
1440 4097 1615 4167 potuit
1661 4095 1884 4167 :Neque
1932 4113 2163 4167 unquam

579 4191 792 4262 aliquod
822 4190 1130 4246 scandalum
1169 4190 1397 4257 movebo,
1439 4190 1579 4260 quod
1625 4189 1768 4244 illius
1809 4190 2052 4258 pra'senti
2088 4188 2163 4243 vel

578 4281 773 4352 futura:
815 4280 973 4336 saluti
1002 4283 1267 4336 contraria
1306 4280 1383 4336 vel
1419 4281 1601 4337 nociva
1640 4296 1749 4334 esse
1791 4281 1981 4351 possit,
2024 4282 2165 4336 sicut

578 4372 801 4428 dictatio
826 4381 911 4427 est
938 4372 1041 4427 arti
1070 4373 1363 4435 contraria,
1392 4373 1467 4427 ita
1496 4371 1764 4427 sententia
1793 4372 2056 4433 aratione
2080 4378 2165 4426 est

577 4464 774 4519 aliena.
806 4462 941 4518 Nam
990 4462 1128 4518 sicut
1163 4463 1452 4531 Apostolus
1481 4463 1629 4527 dicit,
1689 4462 1908 4516 Dilectio
1938 4463 2164 4534 proximi

578 4555 777 4610 malum
800 4571 903 4609 non
932 4564 1209 4625 operatur;
1238 4563 1312 4619 et,
1351 4553 1634 4609 Plenitudo
1679 4553 1805 4623 legis
1847 4564 1920 4608 est
1953 4554 2161 4609 dilectio

582 4643 761 4715 (Rom.
794 4660 890 4699 xm
910 4684 926 4711 ,
956 4644 1079 4714 10);
1107 4654 1162 4699 et
1183 4685 1198 4709 ,
1241 4643 1343 4710 Qui
1374 4643 1563 4713 diligit,
1601 4643 1764 4713 legem
1794 4641 2058 4713 implevit;
2086 4655 2161 4712 et,

582 4736 644 4793 Si
661 4736 910 4806 quodAeLt
931 4734 1078 4789 aliud
1106 4735 1433 4800 mandatum,
1461 4734 1514 4788 in
1535 4734 1633 4788 hoc
1662 4735 1811 4789 verba
1832 4735 2164 4790 instauratur

580 4825 1000 4902 (Bonuwll)
1028 4844 1042 4881 :
1077 4828 1150 4882 ita
1194 4827 1373 4881 omnia
1405 4841 1523 4895 qua:
1568 4835 1749 4881 mente
1778 4825 1964 4880 insana
1985 4867 2000 4891 ,
2024 4842 2161 4896 quo-

580 4921 723 4975 niam
757 4919 1022 4974 cliaritale
1048 4925 1269 4987 experte
1289 4956 1304 4980 ,
1334 4915 1567 4985 scriptor
1600 4916 1700 4970 istc
1731 4917 2073 4986 conscripsit,
2107 4918 2161 4971 in

577 5026 644 5067 eo
672 5009 1013 5066 continentur
1045 5008 1189 5078 quod
1228 5007 1428 5062 dictum
1469 5016 1556 5062 est
1595 5027 1607 5062 ;
1639 5006 1939 5063 Secundum
1985 5023 2156 5063 meum

578 5102 710 5155 scire
741 5116 802 5154 uc
836 5116 1009 5171 posse,
1044 5099 1205 5170 juxta
1248 5097 1594 5151 ministerium
1624 5114 1795 5151 meum
1832 5098 2005 5167 ﬁdelis
2030 5114 2117 5152 ero
2139 5138 2154 5163 ,

579 5192 711 5247 sicut
744 5191 1163 5261 archiepiscopus
1189 5206 1282 5261 per
1309 5199 1503 5244 rectum
1526 5190 1825 5260 imperatori
1854 5189 2024 5258 ﬁdelis
2046 5206 2156 5245 esse

576 5282 746 5349 debet,
781 5281 1039 5345 Dominus
1078 5281 1209 5339 dicit
1251 5281 1308 5337 in
1338 5280 1626 5352 Evangelia
1657 5298 1670 5336 :
1700 5280 1813 5351 Ego
1838 5291 2013 5335 autem
2037 5282 2154 5338 dico

2191 4524 2240 4583 υ

2265 3291 2375 3345 vita
2408 3305 2526 3354 sua,
2558 3288 2649 3359 qui
2698 3286 2829 3341 mihi
2857 3300 2952 3356 per
2993 3293 3118 3340 octo
3163 3281 3384 3337 circiter
3424 3294 3596 3335 annos
3642 3287 3864 3335 secreta

2266 3400 2363 3439 sua
2413 3381 2781 3437 indubitanter
2833 3378 3083 3443 credidit,
3135 3374 3434 3445 requisivit,
3483 3387 3588 3429 nec
3628 3387 3860 3447 vesper

2267 3472 2485 3540 triginta
2531 3481 2587 3526 et
2636 3486 2731 3525 sex
2785 3484 2956 3524 annos
3007 3468 3269 3522 hactenus
3315 3463 3629 3535 requisistis
3680 3481 3698 3517 :
3746 3479 3862 3520 ml

2265 3562 2526 3617 Dominus
2559 3561 2626 3614 ad
2672 3568 2948 3614 auctorem
2994 3557 3211 3612 invidia:
3256 3556 3318 3611 de
3362 3552 3507 3609 ﬁdeli
3546 3568 3731 3610 servo
3773 3568 3863 3611 suo

2263 3653 2365 3710 Job
2413 3653 2653 3708 dixerit:
2685 3650 3021 3706 Commoviin
3070 3665 3151 3702 me
3203 3647 3447 3705 adversus
3493 3662 3625 3700 aut
3665 3646 3861 3717 frustra

2266 3746 2386 3814 (Job
2418 3761 2478 3809 ιι,
2508 3745 2586 3816 5).
2643 3743 2708 3798 Et
2753 3743 2805 3798 in
2852 3740 3104 3812 paradiso
3132 3740 3199 3794 ad
3228 3754 3355 3794 eum
3403 3736 3590 3792 dixit:
3624 3735 3709 3791 Tu
3740 3738 3862 3791 insi-

2263 3838 2491 3892 diaberis
2534 3816 2779 3891 calcaiteo
2804 3835 2918 3905 ejus
2948 3830 3101 3907 (Gen.
3135 3848 3219 3895 ιιι,
3253 3829 3373 3902 15),
3407 3830 3461 3885 id
3485 3837 3577 3885 cst
3604 3829 3857 3885 hominis.

2264 3928 2424 3984 Videt
2454 3927 2599 3982 enim
2634 3941 2811 3980 ιιιειιιιι
2844 3924 3179 3988 calcaneum,
3231 3921 3287 3977 id
3336 3930 3424 3977 est
3456 3919 3632 3977 ﬁnem
3682 3920 3859 3992 prosi-

2263 4036 2435 4085 mum,
2466 4028 2521 4074 et
2566 4026 2743 4074 certat
2786 4016 2916 4071 illud
2966 4014 3234 4080 insidiari,
3286 4021 3347 4067 ut
3396 4012 3549 4081 quod
3596 4012 3859 4067 hactenus

2263 4114 2566 4171 voluntarie
2603 4127 2668 4167 ac
2717 4109 2929 4166 sincere
2974 4124 3102 4179 erga
3146 4121 3242 4162 vos
3276 4104 3515 4169 servavi,
3546 4104 3593 4159 si
3635 4120 3750 4159 non
3774 4117 3858 4174 μμ

2266 4213 2393 4267 terit
2412 4209 2749 4274 inﬁdelitate,
2774 4207 2973 4277 polleat
2999 4204 3125 4259 illud
3157 4218 3390 4259 rancore
3413 4204 3684 4260 tristitia.
3712 4200 3857 4272 Quod

2263 4302 2554 4374 Apostolus
2585 4302 2723 4356 bene
2761 4306 3049 4370 operantes
3085 4295 3137 4350 in
3168 4310 3334 4367 opere
3376 4310 3481 4351 suo
3507 4297 3748 4351 sollicite
3774 4309 3857 4351 ea.

2265 4411 2394 4451 vere
2414 4401 2745 4455 commonet,
2765 4391 2948 4447 dicens
2974 4405 2987 4442 :
3020 4385 3087 4441 Ut
3113 4403 3217 4441 non
3243 4402 3310 4441 ea:
3337 4387 3563 4442 tristitia
3582 4385 3666 4441 vel
3693 4402 3857 4442 neca-

2266 4490 2420 4542 sitate
2465 4496 2646 4556 agant,
2673 4485 2798 4556 quia
2814 4481 3048 4535 hilarem
3076 4480 3313 4534 datorem
3361 4478 3541 4549 diligit
3590 4478 3737 4533 Deus
3773 4473 3855 4550 (ΙΙ

2267 4578 2387 4639 Cor,
2422 4592 2496 4642 Ix,
2528 4577 2601 4648 7).
2632 4576 2698 4629 Et
2720 4576 2848 4629 item
2876 4572 3043 4627 dicit:
3076 4568 3144 4625 Ut
3172 4587 3276 4625 non
3314 4570 3796 4625 circumveniantur
3822 4584 3855 4623 ι

2263 4670 2488 4727 Satana.
2523 4667 2648 4722 Non
2672 4667 2811 4723 enim
2842 4666 3141 4737 ignoramus
3189 4662 3412 4717 astutias
3457 4661 3579 4731 ejus
3621 4659 3704 4728 (ιι
3733 4659 3852 4715 Cor.

2261 4779 2325 4831 ιι,
2361 4763 2472 4831 il).
2508 4759 2621 4815 Hoc
2649 4761 2794 4815 enim
2820 4758 2965 4829 quod
3008 4756 3168 4811 modo
3195 4754 3395 4819 sentio,
3430 4754 3570 4807 mihi
3593 4752 3711 4823 jam
3732 4761 3854 4808 ante

2260 4853 2440 4911 audivi
2487 4851 2812 4923 promissum
2861 4848 2929 4903 ab
2980 4848 3060 4903 eis
3110 4859 3277 4901 causa
3322 4843 3619 4907 vindicta,
3671 4853 3855 4897 contra

2265 4962 2402 5017 quos
2420 4944 2695 4999 vobiscum
2717 4940 2801 5013 egi
2829 4948 2975 4995 certa
3003 4937 3211 4993 ratione
3237 4942 3293 4990 et
3320 4948 3485 4990 sacra
3508 4932 3851 4988 auctoritate.

2265 5037 2373 5093 Sed
2419 5036 2534 5092 scio
2567 5033 2652 5088 cui
2702 5029 2925 5094 credidi,
2956 5036 3012 5084 et
3035 5036 3217 5083 certus
3238 5040 3359 5081 sum
3394 5023 3527 5093 quia
3555 5030 3752 5092 potens
3776 5026 3856 5075 est

2264 5127 2569 5196 depositum
2629 5136 2807 5177 meum
2870 5133 3091 5175 servare
3154 5115 3210 5172 in
3273 5114 3426 5171 illum
3482 5113 3631 5170 diem
3673 5112 3856 5184 justus

2255 5218 2445 5291 judex.
