4010 6330
93 306 258 364 ΗΞ9

405 478 1408 504 m‘

1321 344 1327 349 -
1396 317 1554 374 \‘lTA
1596 318 1840 377 SANCTI
1902 322 2184 381 REMIGII.

1442 488 1798 502 ἡ

1799 489 3176 522 .._..____.________________________

3299 336 3436 393 “50

1701 641 1907 719 XXI.

829 815 1234 934 VITA
1344 816 1956 934 SANCTI
2085 818 2742 937 REMIGII

1308 1031 1678 1076 RKBMORUM
1740 1031 2263 1090 ARCHIEPISCOPI,

878 1158 1136 1240 Scripta
1154 1157 1229 1220 ab
1253 1157 1629 1231 HINCMARO,
1651 1173 1820 1237 cuque
1839 1155 2163 1220 Rhemcnsi
2180 1159 2678 1243 archiepiscopo.

1155 1298 1322 1364 (Apud
1343 1298 1564 1361 Surium,
1587 1297 1711 1350 Acta
1734 1297 2042 1360 Sanctorum,
2065 1297 2124 1350 15
2147 1299 2410 1365 Januarii.)

168 1565 566 1623 Hincmarus,
617 1572 832 1614 nomine
876 1571 983 1613 non
1037 1557 1234 1614 merito
1283 1558 1604 1630 episcopus,
1665 1572 1730 1613 ac
1756 1563 1812 1623 Α
1837 1561 1991 1618 fuere
2018 1559 2226 1616 divisae.
2264 1557 2342 1614 Illi
2391 1573 2608 1631 quoque
2651 1559 2848 1630 pauci,
2878 1561 2970 1633 qui
2999 1571 3157 1621 erant
3189 1566 3432 1638 residui,

89 1660 273 1730 plebis
306 1656 419 1712 Dei
450 1652 705 1716 famulus,
727 1651 938 1706 dilectis
963 1649 1223 1706 fratribus
1245 1667 1309 1708 ac
1337 1651 1726 1706 comministris

91 1747 333 1811 nostris,
376 1744 552 1812 hujus
578 1751 781 1799 sancta:
810 1741 1136 1797 Rhemensis
1162 1742 1420 1798 Ecclesiae
1443 1742 1589 1798 filiis.

165 1839 341 1894 Sicut
369 1853 404 1891 a
448 1836 688 1900 senibus,
717 1843 772 1888 et
797 1831 910 1902 jam
942 1833 1132 1887 aetatis
1151 1842 1422 1904 provectae
1443 1833 1573 1888 viris
1602 1832 1727 1888 reli-

89 1929 285 2002 giosis,
315 1928 428 1998 qui
476 1926 544 1979 de
592 1933 834 1996 tempore
862 1922 1058 1994 Tilpini
1099 1924 1252 1980 urbis
1286 1922 1446 1992 hujus
1479 1922 1726 1994 praesulis

89 2023 276 2079 adhuc
317 2019 634 2084 vivebant,
681 2017 897 2087 quando
926 2016 982 2070 in
1008 2015 1289 2071 servitium
1332 2015 1491 2071 istius
1523 2022 1726 2070 sanctas

87 2112 387 2174 Ecclesiae,
436 2119 659 2165 auctore
702 2108 837 2174 Deo,
865 2106 941 2162 fui
988 2106 1196 2164 electus
1223 2117 1385 2178 atque
1415 2116 1720 2179 provectus,

91 2215 146 2262 et
164 2214 375 2276 postea
406 2217 516 2275 per
543 2201 748 2272 aliquot
770 2215 944 2256 annos
973 2201 1248 2266 vixerunt,
1289 2199 1431 2256 fideli
1459 2200 1723 2255 relatione

94 2298 300 2363 didici,
347 2313 383 2350 a
433 2295 549 2351 suis
593 2292 888 2362 majoribus
919 2292 1208 2348 audierunt
1254 2291 1487 2355 narrari,
1519 2305 1613 2346 eos
1641 2290 1721 2345 vi-

99 2387 248 2443 disse
278 2386 498 2442 librum
528 2383 779 2438 maximae
819 2382 1160 2452 quantitatis,
1195 2397 1372 2458 manu
1415 2382 1720 2452 antiquaria

97 2479 409 2548 scriptum,
442 2475 510 2531 de
535 2481 658 2529 ortu
692 2481 749 2529 et
785 2474 894 2528 vita
941 2488 1005 2526 ac
1047 2471 1338 2527 virtutibus
1382 2478 1544 2540 atque
1569 2471 1720 2527 obitu

99 2569 250 2626 beati
305 2567 586 2640 Remigii,
615 2566 947 2622 sanctissimi
991 2565 1210 2635 patroni
1258 2563 1450 2620 nostri.
1482 2562 1584 2629 Qui
1616 2564 1718 2619 hac

97 2663 414 2718 occasione
457 2660 723 2731 deperiit:
749 2657 1006 2729 quoniam
1035 2656 1306 2728 Egidius,
1348 2661 1473 2725 post
1497 2653 1718 2708 beatum

99 2753 434 2827 Remigium
464 2759 694 2823 quartus
735 2750 893 2805 istius
917 2748 1156 2805 civitatis
1192 2748 1499 2819 episcopus,
1529 2760 1719 2816 quem-

101 2847 225 2902 dam
282 2847 477 2900 virum
517 2843 861 2914 religiosum,
907 2839 1264 2896 Fortunatum
1309 2839 1556 2904 nomine,
1604 2852 1719 2894 me-

1829 1650 2013 1708 clerici
2040 1649 2258 1721 negotio
2285 1651 2486 1706 victum
2518 1651 2863 1720 quaerebant,
2894 1661 2948 1708 et
2971 1653 3257 1723 denarios,
3293 1675 3431 1729 quos

1828 1743 2183 1800 mercimonio
2226 1743 2660 1814 conquirebant,
2709 1743 2763 1798 in
2808 1744 3014 1800 chartis
3059 1756 3110 1801 et
3160 1746 3428 1806 librorum

1829 1831 1974 1889 foliis
2000 1834 2271 1889 interdum
2302 1834 2560 1905 ligabant.
2596 1833 2795 1904 Sicque
2824 1835 3083 1906 prmfatus
3123 1837 3262 1895 liber
3300 1859 3428 1897 cum

1829 1928 1950 1985 aliis
1972 1930 2172 2000 partim
2197 1930 2473 1986 stillicidio
2496 1928 2849 2000 putrefactus,
2876 1932 3074 2001 partim
3102 1949 3131 1987 a
3158 1935 3428 1991 soricibus

1827 2035 2102 2088 corrosus,
2153 2022 2353 2093 partim
2400 2020 2654 2077 foliorum
2703 2023 3042 2080 abscissione
3086 2026 3328 2095 divisus,
3372 2030 3428 2084 in

1827 2119 2040 2166 tantum
2072 2111 2320 2190 deperiit,
2349 2121 2410 2167 ut
2437 2126 2607 2181 pauca
2651 2121 2706 2167 et
2746 2111 2990 2184 dispersa
3033 2115 3157 2171 inde
3181 2115 3307 2182 folia
3341 2134 3426 2174 re-

1823 2210 1978 2271 perta
2010 2195 2232 2256 fuerint.'
2255 2201 2390 2256 Cum
2421 2216 2550 2258 vero
2579 2211 2822 2273 tempore
2852 2203 3063 2277 Pippini
3093 2209 3257 2280 regis,
3286 2223 3426 2280 prae-

1823 2290 1955 2346 dicti
1982 2290 2158 2346 Caroli
2197 2292 2458 2362 priucipis
2501 2292 2619 2358 filii,
2669 2295 3000 2351 revelatione
3046 2307 3266 2354 ostensa
3317 2300 3428 2356 Eu~

1823 2381 2034 2446 chario,
2067 2381 2472 2438 Aurelianensis
2503 2385 2740 2440 civitatis
2768 2386 3025 2455 episcopo
3044 2426 3060 2451 ,
3089 2387 3155 2440 de
3199 2389 3425 2446 damna-

1825 2471 1970 2525 tione
2024 2481 2225 2528 aeterna
2275 2473 2514 2542 ejusdem
2561 2474 2759 2540 Caroli,
2808 2476 2900 2546 qui
2945 2491 3032 2532 res
3061 2479 3422 2537 ecclesiarum
3523 2522 3528 2525 -

1821 2558 2103 2626 diviserat,
2132 2560 2233 2616 fult
2266 2579 2279 2614 :
2308 2562 2447 2617 idem
2494 2562 2781 2632 Pippinus,
2822 2565 2964 2621 sicut
2991 2576 3046 2620 et
3067 2567 3294 2625 aliar’um
3325 2587 3422 2627 ec-

1821 2650 2109 2706 clesiarum
2135 2652 2453 2723 episcopiis,
2488 2653 2614 2710 huic
2639 2653 2931 2711 Rhemensi
2976 2659 3250 2730 episcopio
3295 2677 3422 2732 par-

1821 2751 1928 2798 tem
1955 2744 2022 2800 de
2053 2746 2215 2802 rebus
2240 2745 2625 2803 ecclesiasticis
2659 2749 2924 2816 reddidit,
2973 2759 3029 2805 et
3059 2752 3329 2823 Tilpinum
3362 2755 3420 2810 in

1819 2834 1923 2890 hac
1947 2835 2082 2891 urbe
2119 2836 2452 2892 Rhemorum
2485 2839 2800 2910 episcopum
2833 2841 3076 2897 ordinari
3117 2847 3415 2902 consensit.

103 2937 262 2994 tricis
288 2935 555 2992 versibus
585 2934 873 3005 insignem,
905 2932 996 3003 qui
1040 2947 1072 2986 a
1110 2930 1296 2987 multis
1323 2931 1633 3002 potentibus
1662 2939 1718 2986 et
1745 2923 1795 2984 Β
1825 2924 1940 2982 Hoc
1962 2927 2106 2982 enim
2129 2927 2182 2982 in
2213 2927 2315 2983 hac
2338 2929 2566 2986 ecclesia
2589 2929 2883 2988 Rhemensi
2908 2933 3205 2990 novissimo
3230 2935 3416 2994 saeculi

104 3028 536 3086 houorabilibus
571 3025 735 3091 viris,
768 3025 821 3080 in
847 3025 930 3080 his
954 3023 1176 3080 Gallicis
1204 3032 1260 3078 et
1289 3023 1519 3092 Belgicis
1547 3022 1718 3094 regio-

103 3121 268 3176 nibus
303 3135 415 3191 per
459 3119 672 3174 diversa
718 3118 837 3172 loca
887 3125 1013 3172 tunc
1052 3117 1181 3172 vitte
1221 3130 1287 3171 ac
1334 3115 1574 3171 scientia:
1604 3132 1716 3170 suae

108 3211 310 3266 merito
353 3209 709 3275 invitabatur,
748 3209 903 3279 petiit
947 3209 1015 3264 de
1043 3210 1234 3264 eodem
1261 3208 1421 3273 libro,
1452 3208 1717 3262 cothurno

107 3300 400 3356 Gallicano
428 3301 652 3366 dictata,
682 3309 871 3371 aperto
912 3315 1163 3356 sermone
1206 3299 1386 3370 aliqua
1418 3298 1678 3354 miracula
1698 3339 1714 3365 ,

111 3408 230 3464 qua:
272 3395 331 3449 in
375 3393 577 3467 populo
614 3396 997 3460 recitarentur,
1024 3397 1277 3466 excipere
1307 3413 1322 3450 :
1355 3404 1624 3465 quatenus
1650 3409 1716 3450 ea

109 3483 227 3540 sine
260 3485 430 3542 taedio
473 3485 662 3542 audire
701 3495 756 3541 et
797 3494 976 3542 mente
1014 3487 1310 3543 recondere
1335 3497 1497 3558 atque
1525 3501 1621 3556 per
1651 3502 1717 3542 ea

112 3575 177 3629 ad
222 3591 477 3633 amorem
514 3587 570 3632 et
613 3577 874 3633 honorem
922 3589 1086 3647 atque
1129 3578 1472 3634 devotionem
1521 3578 1614 3632 Dei
1661 3585 1718 3632 et

116 3664 280 3733 ipsius
317 3665 671 3738 protectoris,
704 3668 785 3720 sui
817 3667 957 3722 idem
980 3667 1208 3738 populus
1228 3668 1455 3723 excitari
1484 3668 1710 3723 valeret.

119 3756 266 3822 Quod
311 3765 371 3813 et
424 3756 478 3812 in
526 3757 716 3812 eadem
749 3758 1098 3827 excerptione
1132 3757 1302 3812 lector
1326 3766 1502 3827 potest
1525 3759 1716 3812 adver-

117 3855 249 3913 tere,
280 3849 376 3904 ubi
409 3847 674 3919 scriptum
705 3856 790 3904 est
821 3865 834 3902 :
872 3845 1201 3903 Studeamus
1228 3863 1398 3918 pauca
1424 3848 1711 3914 disserere,

119 3938 349 4007 plurima
405 3939 710 4011 praeterire.
756 3938 825 3994 Et
877 3955 999 3996 cum
1057 3940 1170 4010 ipsa
1222 3940 1501 4009 excerptio
1549 3939 1718 4010 ccepit

121 4027 348 4086 lectione
378 4029 434 4084 in
481 4029 678 4102 populo
714 4027 1078 4100 frequentari,
1107 4039 1161 4086 et
1205 4045 1237 4085 a
1280 4031 1466 4086 multis
1494 4041 1716 4102 propter

119 4118 403 4178 brevitatis
451 4135 564 4177 sua:
614 4120 930 4178 facilitatem
977 4123 1300 4186 transcribi,
1345 4123 1459 4192 ipse
1490 4138 1716 4194 magnus

124 4211 286 4266 codex
335 4229 366 4268 a
418 4213 820 4285 negligentibus
862 4205 1223 4286 negligentius
1265 4215 1432 4285 coepit
1479 4215 1710 4270 haberi:

1823 3029 2068 3091 tempore
2093 3023 2158 3076 de
2190 3020 2327 3076 libro
2370 3031 2701 3090 memorato,
2741 3026 2836 3080 sed
2862 3034 2916 3080 et
2941 3025 3010 3081 de
3038 3026 3158 3083 aliis
3196 3029 3416 3096 accidit,

1820 3112 1962 3180 quod
2023 3113 2245 3183 antiquo
2308 3122 2553 3184 tempore
2603 3115 2671 3170 de
2732 3117 3059 3174 authenticis
3116 3117 3418 3191 Scripturis

1821 3202 2066 3258 evenisse
2095 3214 2313 3260 sanctus
2333 3203 2570 3260 Joannes
2608 3205 3033 3279 Chrysostomus
3056 3210 3106 3264 in
3131 3210 3360 3268 Humilia
3382 3212 3420 3268 9

1821 3294 2097 3364 Evangelii
2140 3297 2435 3351 secundum
2481 3296 2791 3353 Matthaaum
2830 3310 3128 3364 memorat,
3179 3303 3411 3360 dicens:

1820 3382 1984 3437 Multa
2044 3385 2189 3439 enim
2238 3401 2303 3440 ex
2364 3388 2697 3458 pmpheticis
2747 3389 2959 3459 periere
3015 3394 3416 3460 monumentis,

1821 3475 1963 3544 quod
2005 3475 2072 3529 de
2122 3476 2346 3531 historia
2377 3477 2828 3548 Paralipomenon
2877 3481 3112 3550 probare
3157 3484 3416 3554 possibile

1818 3579 1924 3624 est.
1967 3569 2187 3625 Desides
2234 3573 2378 3625 enim
2426 3588 2547 3626 cum
2597 3581 2782 3629 essent
2821 3569 2990 3629 Judaei
3016 3613 3032 3640 ,
3063 3589 3163 3631 nec
3199 3575 3416 3633 desides

1819 3663 2004 3726 modo,
2031 3664 2122 3716 sed
2167 3671 2222 3717 et
2263 3664 2442 3734 impii,
2482 3664 2587 3720 alia
2615 3667 2832 3736 quidem
2860 3669 3212 3739 perdiderunt
3243 3671 3417 3744 negli-

1821 3761 2030 3823 genter,
2067 3752 2167 3805 alia
2190 3769 2320 3806 vero
2346 3763 2457 3807 tum
2484 3755 2872 3829 incenderunt,
2913 3765 3025 3812 tum
3058 3760 3417 3816 conciderunt

1817 3842 2063 3910 profane.
2095 3841 2162 3895 Et
2189 3843 2254 3896 de
2299 3843 2628 3912 profanitate
2657 3845 2875 3914 quidem
2921 3848 3012 3902 tali
3037 3848 3304 3906 Jeremias
3331 3867 3416 3906 re-

1817 3930 1924 3987 fert
1975 3931 2120 4002 (Jer.
2175 3935 2386 4005 xxxvr).
2441 3936 2516 3991 De
2560 3936 2886 4007 negligentia
2936 3953 3064 3993 vero
3111 3941 3163 3993 in
3219 3951 3414 4010 quarto

1818 4024 2025 4094 Regum
2061 4025 2199 4081 libro
2227 4026 2454 4097 legimus
2477 4026 2528 4098 (1
2547 4025 2586 4079 ν
2616 4026 2748 4099 Reg.
2781 4031 2939 4100 χιιι),
2983 4031 3254 4098 quomodo
3296 4041 3418 4102 post

1819 4116 2045 4171 multum
2077 4119 2337 4188 temporis
2370 4119 2459 4172 vix
2504 4120 2908 4176 Deuteronomii
2938 4121 3012 4175 sit
3051 4121 3304 4177 volumen
3336 4137 3418 4179 re-

1817 4214 2049 4275 pertum.
2083 4207 2356 4263 defossum
2388 4209 2620 4278 quodam
2653 4210 2706 4264 in
2742 4210 2860 4265 loco
2883 4227 2948 4266 ac
2970 4227 3107 4281 pene
3151 4212 3413 4270 deletum.

123 4315 288 4374 usque
353 4305 486 4362 dum
554 4304 735 4362 Caroli
784 4319 811 4348 ει
858 4307 1119 4378 principis
1172 4315 1446 4378 tempore,
1499 4297 1787 4377 quandoC
1820 4297 1927 4353 Sed
1956 4306 2012 4354 et
2057 4297 2210 4368 plura
2256 4299 2323 4354 de
2372 4298 2670 4370 Scripturis
2716 4301 2769 4356 in
2818 4301 2934 4367 his,
2978 4317 3097 4372 qua:
3128 4302 3417 4370 habemus,

123 4407 340 4468 propter
406 4400 737 4455 discordiam
798 4409 855 4455 et
912 4401 1321 4457 contentionem
1383 4400 1450 4455 de
1507 4400 1710 4468 princi-

127 4497 244 4555 patu
279 4492 426 4548 inter
470 4506 595 4546 cum
641 4500 698 4548 et
741 4491 1150 4564 Raganfridum,
1193 4505 1245 4549 et
1297 4492 1600 4564 frequentia
1648 4509 1714 4549 ac

129 4582 318 4649 civilia,
343 4585 456 4641 imo
482 4585 765 4656 plusquam
797 4586 1000 4651 civilia,
1047 4587 1174 4656 quia
1205 4586 1458 4642 intestina
1488 4595 1542 4641 et
1585 4601 1709 4655 par-

129 4673 386 4743 ricidalia,
421 4676 558 4732 bella
589 4677 644 4732 in
684 4676 1025 4733 Germanicis
1053 4686 1110 4732 et
1141 4676 1372 4749 Belgicis
1400 4693 1464 4733 ac
1493 4676 1714 4734 Gallicis

132 4766 415 4830 provinciis
461 4767 649 4839 religio
694 4767 1118 4824 Christianitatis
1146 4783 1283 4838 pene
1325 4769 1428 4822 fuit
1462 4767 1663 4822 abolita
1695 4785 1711 4822 :

132 4854 200 4909 ita
237 4867 296 4912 ut
339 4860 609 4930 episcopis
639 4860 692 4913 in
739 4859 926 4930 paucis
968 4857 1102 4913 locis
1136 4857 1370 4912 residuis
1395 4898 1409 4923 ,
1439 4855 1714 4926 episcopia

136 4943 278 5006 laicis
301 4953 520 5017 donata,
550 4961 604 5008 et
651 4967 749 5024 per
789 4967 881 5008 eos
913 4951 1080 5007 rebus
1128 4950 1301 5005 divisa
1349 4949 1666 5004 exstiterint
1695 4963 1712 5003 :

137 5039 262 5097 adeo
305 5053 364 5100 ut
409 5044 537 5100 Milo
588 5045 831 5116 quidam,
863 5053 1086 5100 tonsura
1117 5043 1387 5108 clericus,
1438 5042 1712 5109 moribus,

142 5130 312 5188 habitu
357 5145 412 5192 et
463 5145 587 5192 actu
621 5135 958 5208 irreligiosus
991 5135 1198 5200 laicus,
1251 5134 1524 5204 episcopia
1572 5133 1715 5187 Bhe-

144 5237 341 5282 morum
369 5243 435 5284 ac
460 5227 808 5283 Trevirorum
841 5243 1110 5298 usurpans
1150 5227 1392 5292 insimul,
1434 5241 1531 5297 per
1581 5240 1715 5296 qua-

150 5315 376 5388 draginta
397 5321 617 5378 circiter
642 5336 815 5377 annos
840 5321 1295 5392 pessumdederit.
1323 5319 1489 5389 Cujus
1512 5318 1715 5374 infelici

151 5415 393 5481 lempore,
426 5415 491 5471 de
518 5415 622 5470 ista
659 5413 963 5470 Rhemensi
990 5412 1222 5469 ecclesia
1251 5427 1358 5467 non
1384 5410 1560 5467 solum
1587 5424 1714 5480 pre-

155 5500 273 5555 tiosa
301 5521 522 5576 quaeque
551 5506 730 5562 ablata
757 5505 1000 5572 fuerunt,
1026 5505 1122 5562 sed
1168 5511 1224 5560 et
1263 5501 1511 5560 ecclesiae
1553 5508 1718 5571 atque

155 5587 323 5648 .lomus
353 5594 720 5668 religiosorum
752 5595 1042 5652 destructa:
1085 5602 1142 5652 et
1188 5608 1277 5652 res
1323 5592 1394 5650 ab
1439 5589 1713 5662 episcopio

213 5759 235 5788 α
262 5749 509 5812 Carolnm
531 5755 830 5812 Martellum
866 5757 1016 5812 dicit.

529 5849 802 5912 Panos.
836 5847 1091 5910 CXXV.

1820 4399 2120 4446 memorata
2149 4390 2396 4463 legimus,
2425 4407 2545 4462 quae
2569 4407 2675 4447 non
2701 4392 2964 4448 habemus
2990 4411 3002 4447 :
3031 4391 3174 4448 sicut
3193 4402 3248 4448 et
3277 4394 3418 4450 liber

1815 4481 2118 4549 Justorum,
2149 4484 2240 4554 qui
2283 4493 2744 4539 commemoratur
2784 4484 2838 4538 in
2883 4484 3035 4540 libris
3086 4482 3295 4554 Regum
3322 4483 3405 4557 (11

1816 4575 1942 4645 R27.
1974 4576 2013 4645 ι)
2041 4593 2056 4641 ;
2092 4585 2146 4630 et
2171 4575 2310 4631 sicut
2331 4583 2416 4631 est
2448 4575 2586 4632 liber
2613 4574 2880 4632 Bellorum
2910 4573 3145 4641 Domini,
3176 4573 3332 4645 cujus
3357 4575 3414 4630 in

1818 4666 1957 4723 libro
1995 4666 2353 4722 Numerorum
2405 4668 2607 4724 mentio
2657 4675 2740 4723 est
2777 4666 2979 4740 (Num.
3033 4684 3126 4726 xu
3143 4665 3186 4742 ).
3227 4665 3414 4740 Neque

1818 4760 2058 4814 carmina
2113 4757 2452 4825 Salomonis,
2502 4775 2676 4832 neque
2723 4761 3113 4832 disputationes
3157 4760 3278 4835 ejus
3327 4777 3415 4818 sa-

1817 4851 2181 4922 pientissimus
2221 4851 2289 4906 de
2331 4852 2598 4923 lignorum
2635 4863 2830 4908 natura
2861 4853 3264 4923 herbarumque
3297 4868 3415 4907 om-

1818 4944 1991 5007 nium,
2029 4945 2265 5014 itemque
2287 4944 2656 5013 jumentorum
2699 4955 2754 5001 et
2792 4934 3093 5008 volucrum,
3132 4945 3409 5014 reptilium

1817 5045 1872 5090 et
1913 5037 2139 5106 piscium
2186 5035 2317 5106 (ΙΙΙ
2351 5037 2481 5108 Reg.
2514 5039 2599 5104 tv)
2632 5055 2644 5089 :
2676 5037 2760 5091 vel
2786 5037 2932 5107 quod
2972 5037 3028 5092 in
3066 5035 3205 5091 libro
3231 5035 3409 5093 Verba

1819 5129 2024 5184 dierum
2047 5129 2245 5184 dicitur
2270 5147 2283 5183 :
2308 5127 2526 5200 Reliqua
2559 5145 2675 5183 vero
2699 5145 2914 5198 cperunt
2939 5127 3240 5185 Salomonis
3263 5131 3410 5201 prio-

1819 5238 1934 5275 rum
1977 5230 2022 5274 et
2051 5221 2471 5284 nouissimorum,
2501 5222 2697 5289 scripta
2733 5229 2853 5274 sunt
2888 5221 2944 5274 in
2975 5220 3142 5275 verbis
3183 5221 3406 5276 Nat/tan

1817 5314 2100 5383 prOpItelw,
2125 5323 2171 5368 et
2197 5314 2251 5367 in
2274 5312 2419 5366 libris
2448 5311 2597 5365 Aliia:
2620 5309 2883 5379 Silonitis,
2910 5313 2965 5366 in
2984 5312 3182 5368 visione
3203 5329 3412 5385 quoque

1817 5403 1969 5458 Addo
2034 5405 2292 5470 ridentis,
2359 5412 2542 5459 contra
2603 5403 2888 5460 Jeroboam
2944 5405 3116 5474 ﬁlium
3185 5405 3408 5460 Nabath

1820 5493 1905 5565 (II
1950 5493 2078 5548 Par.
2131 5496 2252 5563 ιι),
2283 5502 2338 5549 ct
2378 5495 2546 5550 multa
2590 5496 2893 5565 hujusmodi
2939 5496 3246 5562 volumina,
3286 5511 3410 5568 qua:

1820 5588 2020 5658 scripta
2066 5587 2282 5657 quidem
2315 5587 2481 5644 fuisse
2526 5590 2806 5660 probatur,
2853 5589 2946 5646 sed
2980 5588 3139 5646 hodie
3185 5596 3409 5645 constat

2932 5831 3006 5892 36
