4010 6330
564 336 589 390 1
602 328 695 389 {Si

1385 324 1716 382 HINCMARI
1753 324 1968 382 ausu.
2007 276 2329 383 mentae.
2370 318 2739 380 OPUSCULA
2777 319 3010 378 vanu.

3724 323 3866 380 “3'2

562 466 672 504 non
699 458 839 503 esse.
872 444 1095 503 Vastata
1139 456 1373 512 namque
1415 456 1445 494 a
1488 439 1755 495 Chaldaeis
1781 438 1989 503 Judzea,
2016 446 2075 492 ttt
2098 437 2151 492 in
2179 444 2231 502 Α
2258 440 2482 491 sanctus
2530 433 2891 505 Hieronymus
2920 434 3055 490 dicit
3103 435 3157 489 in
3208 433 3403 490 ordine
3447 432 3713 506 digestos,
3758 451 3863 489 non

563 544 787 600 Patrum
818 539 1018 597 litteris
1042 537 1294 607 legimus,
1341 534 1503 589 etiam
1529 531 1889 595 bibliotheca,
1920 529 2153 599 antiqui.-

566 644 655 691 tus
702 641 1059 703 congregata,
1110 630 1251 683 inter
1291 627 1427 681 alias
1466 616 1759 697 provinciic
1797 638 1927 692 opes
1973 620 2153 676 hostili

568 734 654 781 est
676 726 797 796 igne
822 729 1133 789 consumpta
1162 735 1174 771 :
1202 733 1267 772 ex
1296 733 1398 787 qua
1423 716 1609 785 pauci,
1634 716 1724 783 qui
1750 727 1890 767 nunc
1919 713 1971 765 in
1999 724 2152 766 sacra

569 818 850 891 Scriptura
879 814 1246 875 continentur,
1279 809 1403 865 libri
1432 807 1772 878 postmodum
1802 805 1989 860 Esdne
2022 817 2155 873 pon-

568 907 732 963 tilicis
766 915 821 960 et
870 903 1148 973 prophetat
1190 909 1317 956 sunt
1362 898 1624 959 industria
1661 894 1973 952 restaurati.
2004 892 2154 949 Unde

566 999 828 1066 scriptum
867 1003 955 1051 est
998 994 1065 1050 de
1093 1007 1159 1047 eo
1192 1010 1205 1047 :
1253 991 1497 1045 Ascendit
1531 990 1731 1044 Esdras
1762 988 1825 1041 de
1860 985 2150 1057 Babylone,

564 1100 613 1143 et
647 1090 755 1158 ipse
778 1088 949 1141 scriba
976 1085 1123 1140 velox
1152 1086 1205 1139 in
1235 1083 1344 1155 lege
1374 1083 1545 1154 Moysi
1578 1081 1629 1154 (I
1657 1080 1788 1136 Esd.
1829 1079 1946 1152 vlt).
1985 1078 2152 1135 Velox

564 1178 837 1242 videlicet,
867 1176 992 1246 quia
1022 1175 1382 1246 promptiores
1410 1171 1968 1244 litterarumliguras,
1990 1185 2154 1242 quam

562 1276 790 1322 eatenus
819 1267 1029 1321 llebnri
1078 1266 1382 1329 habebant,
1416 1264 1701 1335 repererit.
1738 1264 1802 1318 lit
1839 1265 1894 1317 itt
1926 1262 2156 1333 epistola

565 1360 711 1431 regis
739 1360 1023 1414 Persarum
1056 1375 1068 1411 :
1093 1356 1409 1411 Artaxerxes
1439 1372 1529 1410 rea:
1563 1372 1742 1427 regum
1771 1352 1961 1410 Eadm:
1983 1368 2156 1410 sacer-

2258 527 2400 582 sicut
2429 524 2647 579 fuerunt.
2674 525 2824 590 editi,
2860 526 2953 580 sed
2991 526 3132 581 sicut
3163 527 3232 581 ab
3260 525 3430 581 Esdra
3454 526 3697 582 diversis
3728 538 3865 580 teut-

2256 624 2480 696 poribus
2505 622 2722 677 l‘uerunt
2750 623 2975 678 inventi.
3007 620 3391 677 Verumtamen
3416 632 3583 692 prout
3614 622 3863 676 notitiam

2258 725 2564 785 temporum
2596 714 2875 778 invenero,
2910 712 2993 769 vel
3025 713 3204 769 ordini
3246 722 3399 785 gesta
3442 728 3759 783 congruere
3786 714 3863 765 τί-

2256 808 2413 874 dero,
2443 824 2505 866 ea
2538 808 2786 877 digerere
2825 808 3151 879 procumbo.
3195 807 3254 863 ltt
3285 807 3372 863 his
3400 818 3590 862 autem
3620 822 3747 877 qttze
3778 808 3865 861 dc-

2257 902 2477 972 scriptis
2505 902 2765 965 virtutum
2823 902 3103 958 miraculis
3132 916 3165 954 a
3194 899 3424 955 Domino
3468 916 3573 971 per
3620 900 3864 955 beatissi-

2259 1012 2408 1052 mum
2433 1004 2722 1067 patronum
2744 1003 2990 1050 nostrum
3014 1003 3239 1063 operata
3259 1002 3404 1061 sunt,
3430 995 3500 1048 ad
3521 994 3868 1049 exhortatio-

2258 1100 2383 1143 nem
2410 1086 2711 1158 legentium
2736 1085 2852 1141 sive
2875 1086 3238 1151 audientium,
3264 1100 3365 1156 pro
3406 1085 3632 1141 modulo
3658 1086 3868 1141 intelle-

2259 1187 2383 1243 ctus
2402 1180 2533 1247 mei,
2554 1180 2621 1241 de
2641 1176 3039 1241 catholicorum
3057 1179 3217 1247 dictis
3244 1178 3577 1250 subiungere
3602 1179 3861 1234 stnde‘m:

2258 1269 2486 1340 vestigia
2524 1254 2669 1325 beati
2708 1267 2978 1342 Gregorii,
3011 1268 3140 1324 licet
3184 1285 3292 1326 non
3333 1270 3574 1336 valeam,
3612 1272 3866 1340 prosequi

2258 1361 2474 1418 moliar.
2505 1361 2608 1430 Qui
2646 1352 2961 1418 describens
2984 1371 3299 1418 sanctorum
3324 1371 3503 1423 actus,
3534 1376 3867 1431 pravorum-

563 1451 700 1516 dott',
727 1450 911 1505 scriba:
937 1448 1065 1520 legis
1090 1448 1184 1503 Dei
1208 1448 1320 1502 ταξιί
1347 1449 1677 1516 doctissimo,
1709 1448 1935 1503 salutem
1956 1447 2167 1519 (ibiIL).
2218 1498 2227 1501 -
2257 1469 2373 1526 que,
2411 1469 2571 1510 casus
2599 1495 2615 1521 ,
2661 1453 3042 1509 exhortatione
3097 1453 3223 1507 inde
3284 1463 3567 1522 assumpta
3604 1493 3621 1516 ,
3678 1466 3869 1507 sum.

636 1541 757 1611 Qun
792 1550 981 1597 contra
1005 1550 1061 1596 et
1086 1556 1205 1607 nos,
1244 1541 1430 1597 multis
1476 1541 1597 1597 aliis
1626 1542 1871 1612 perditis,
1898 1541 2050 1612 plura
2099 1542 2157 1596 in

564 1633 890 1706 quibusdam
923 1634 1164 1692 historiis
1188 1649 1244 1688 et
1272 1633 1501 1690 diversis
1536 1633 1825 1705 pitaciolis,
1868 1648 1932 1690 ac
1958 1633 2156 1701 usitata

564 1725 845 1789 relatione.
868 1740 899 1781 a
939 1724 1368 1798 praecedentibus
1398 1724 1587 1781 relicta
1633 1725 1886 1796 posteris,
1918 1724 1985 1779 de
2033 1734 2157 1793 ortu

2260 1546 2389 1602 dum
2421 1544 2744 1615 sapientiam
2774 1544 2876 1599 sibi
2903 1559 2934 1597 a
2962 1543 3074 1599 Deo
3104 1543 3310 1607 datam,
3351 1542 3517 1596 multa
3552 1544 3865 1598 necessrria

2260 1645 2317 1692 et
2342 1636 2495 1690 utilia
2514 1635 2817 1707 legentibus
2838 1650 2903 1690 ac
2929 1632 3278 1690 audientibus
3296 1634 3649 1705 interposuit.
3671 1633 3869 1690 Ven-

2260 1738 2318 1785 et
2341 1743 2447 1783 non
2472 1727 2540 1783 ab
2571 1741 2629 1781 re
2655 1742 2817 1798 agerc
2839 1741 2867 1780 a
2894 1741 3171 1797 quoquam
3190 1725 3365 1781 videri
3382 1734 3530 1796 puto,
3560 1725 3610 1780 si
3634 1738 3733 1791 ca,
3755 1741 3870 1797 qu

562 1827 621 1875 et
644 1818 777 1884 vita,
802 1833 897 1873 seu
923 1817 1210 1874 virtutibus
1236 1826 1290 1873 ct
1315 1816 1463 1873 obitu
1494 1816 1697 1872 domini
1736 1823 1792 1871 et
1829 1813 2159 1883 sanctissimi
2187 1806 2236 1875 B
2262 1821 2331 1877 de
2373 1828 2497 1876 ortu
2542 1828 2599 1875 et
2626 1827 2753 1875 actu
2804 1827 2966 1889 atque
3004 1817 3155 1873 obitu
3198 1816 3401 1873 domini
3430 1826 3485 1872 et
3538 1818 3765 1886 patroni
3810 1832 3873 1872 ae

561 1914 735 1985 patris
765 1929 829 1969 ac
854 1913 1177 1986 protectoris
1203 1913 1375 1970 nostri
1402 1911 1631 1985 Remigii
1654 1910 1937 1978 habemus,
1962 1925 2084 1982 quae
2099 1911 2155 1966 in

562 2013 864 2060 memorata
897 2004 1243 2077 excerptioue
1270 2020 1378 2060 non
1406 2003 1773 2058 continentur.
1808 2000 1964 2059 Unde
1998 1998 2157 2057 bonis

560 2095 759 2151 vestris
811 2095 1094 2151 desideriis
1136 2095 1359 2171 placuit,
1413 2103 1471 2149 ut
1518 2094 1605 2150 illa
1643 2108 1773 2171 mea
1804 2094 2039 2173 servitus
2088 2092 2158 2149 ad

561 2192 930 2264 ignorantium
952 2201 1009 2248 et
1039 2191 1486 2265 subsequentium
1506 2190 1755 2248 notitiam
1786 2192 1841 2247 in
1863 2205 2027 2247 unum
2052 2189 2153 2246 col-

560 2283 772 2357 ligeret.
803 2282 959 2357 Quod
988 2293 1042 2339 et
1056 2283 1177 2355 jam
1194 2283 1285 2353 diu
1315 2281 1588 2351 fecissem,
1617 2284 1720 2339 nisi
1748 2298 1835 2338 me
1863 2298 1987 2355 spes
2015 2298 2165 2341 vana

561 2373 862 2441 deluderet,
890 2373 1213 2446 quibusdam
1252 2373 1578 2441 dicentibus,
1608 2373 1735 2445 quia
1766 2374 1819 2430 in
1870 2372 1979 2439 illo,
2008 2384 2064 2428 et
2103 2372 2155 2427 itt

560 2466 654 2523 illo
676 2467 795 2525 loco
822 2482 1083 2543 magnum,
1109 2468 1305 2525 librum
1329 2468 1396 2527 de
1424 2467 1735 2531 virtutibus,
1764 2461 1819 2521 et
1843 2466 1953 2523 vita
1991 2466 2159 2534 ipsius

561 2561 769 2618 domini
794 2562 1089 2635 etpatroui
1135 2562 1310 2629 nostri
1338 2561 1580 2633 reperire
1622 2560 1880 2616 valerem.
1921 2560 2000 2625 Ad
2037 2576 2158 2630 qna:

561 2654 805 2722 mittens,
850 2670 977 2727 qua:
1021 2655 1157 2713 mihi
1184 2654 1454 2727 promissa
1482 2654 1723 2721 fuerunt,
1758 2654 1972 2724 penitus
2026 2652 2157 2708 falsa

562 2748 765 2804 Inveni.
794 2746 950 2809 Nunc
976 2754 1191 2821 autem”
1211 2746 1517 2827 opitulante,
1550 2744 1779 2815 Dotttino
1801 2785 1814 2809 ,
1856 2744 1955 2817 qui.
2000 2746 2052 2799 itt
2099 2761 2157 2799 sc

561 2840 881 2907 conﬁdenti,
908 2848 964 2895 et
986 2854 1151 2910 opera
1180 2854 1300 2903 sua,
1338 2838 1435 2909 qui,
1468 2837 1724 2893 mirabilis
1757 2845 1839 2897 est
1866 2846 1921 2891 ct
1960 2836 2159 2908 glorio-

562 2948 659 2989 sus
704 2934 762 2988 in
787 2933 985 2989 sanctis
1029 2931 1140 2989 suis
1168 2929 1344 3000 (Paul.
1372 2928 1565 3005 exvit),
1603 2928 1803 2985 volenti
1848 2928 1992 2998 loqui
2036 2944 2161 3001 pro-

562 3025 771 3079 mittit:
813 3024 994 3095 Aperi,
1047 3022 1317 3092 inquiens,
1348 3040 1404 3085 os
1438 3032 1607 3088 tilum,
1655 3031 1702 3073 et
1750 3036 1842 3091 ego
1867 3019 2160 3091 adimplcbo

564 3116 698 3171 illud
722 3113 896 3189 (Psal.
937 3114 1141 3186 Lxxx);
1183 3115 1397 3170 meritis
1441 3114 1612 3185 ipsius
1660 3112 1996 3169 Francorum
2026 3128 2160 3184 apo-

566 3207 689 3264 stoli
725 3215 785 3263 et
804 3206 1037 3278 patroni,
1084 3205 1388 3287 vestrisque
1417 3204 1634 3273 adjutus
1661 3205 2019 3271 orationibus,
2063 3222 2158 3277 ag-
2190 3198 2235 3259 C

567 3298 785 3368 grediar
808 3311 930 3367 qua:
971 3295 1063 3351 diu
1089 3296 1296 3361 distuli,
1321 3313 1351 3349 a
1396 3295 1912 3375 primogenitoribus
1941 3304 1996 3350 et
2039 3304 2161 3350 ortu

566 3388 683 3460 ejus
705 3388 995 3465 incipiens,
1026 3395 1082 3444 et
1105 3388 1186 3445 sic
1227 3395 1338 3443 tam
1366 3402 1453 3451 ea,
1483 3402 1603 3458 qua:
1628 3385 1684 3443 in
1716 3385 1957 3441 historiis
1987 3402 2016 3439 a
2049 3402 2162 3440 tna-

561 3481 771 3551 joribus
811 3482 990 3546 editis,
1040 3481 1106 3539 dc
1146 3480 1236 3536 illo
1266 3479 1469 3543 inveni,
1502 3493 1663 3549 quam
1711 3486 1766 3533 et
1788 3477 1898 3544 illa,
1928 3492 2048 3546 qua:
2107 3477 2171 3543 in.

568 3572 799 3628 diversis
826 3571 1097 3626 schedulis
1127 3570 1373 3639 dispersa
1394 3569 1571 3638 reperi
1602 3587 1616 3622 :
1662 3583 1849 3623 verum
1886 3576 1942 3623 et
1984 3568 2074 3623 illa
2105 3568 2173 3641 in,

566 3665 709 3721 serie
733 3664 1003 3737 digerens,
1033 3677 1155 3734 quin
1183 3660 1398 3733 vulgata
1439 3660 1701 3719 relatione
1728 3661 1945 3732 percepi
1978 3680 1990 3714 :
2034 3661 2161 3733 quia

568 3754 719 3810 haud
758 3754 914 3827 longe
939 3763 1065 3810 ante
1092 3768 1193 3810 nos
1217 3754 1420 3809 dictum
1462 3761 1563 3825 est,
1604 3761 1665 3808 et
1690 3753 1857 3808 etiam
1881 3754 1935 3808 itt
1960 3755 2162 3809 sanctis

571 3843 893 3915 Scripturis,
921 3843 1016 3900 sed
1041 3852 1097 3899 et
1124 3844 1177 3899 in
1199 3843 1512 3916 evangelica
1534 3843 1760 3898 veritate
1785 3844 2159 3915 comperitur:

569 3950 700 3995 vera
723 3944 808 3992 est
835 3935 921 3992 lex
951 3934 1212 4002 historia},
1244 3935 1561 4005 simpliciter
1586 3951 1671 4001 ea,
1693 3951 1836 4007 quae,
1866 3935 2011 3991 fama
2045 3937 2161 3992 vul-

570 4036 752 4100 gante,
774 4028 1119 4101 colliguntur,
1143 4030 1210 4085 ad
1237 4030 1649 4089 instructionem
1668 4032 2000 4101 posteritatis
2022 4031 2165 4091 litte-

571 4122 649 4181 ris
673 4123 1072 4178 commendare.
1100 4122 1159 4177 In
1190 4122 1390 4193 quibus
1415 4122 1666 4179 omnibus
1696 4122 1952 4179 lectorem
1982 4124 2161 4181 diver-

569 4216 705 4271 sitas
730 4215 854 4287 styli
883 4232 988 4271 non
1016 4216 1318 4287 perturbet,
1349 4217 1611 4285 quoniam
1633 4232 1717 4282 ea,
1740 4232 1863 4287 qua:
1888 4218 1954 4272 de
1994 4217 2165 4273 histo-

570 4306 670 4363 riis
698 4307 962 4379 majorum
987 4323 1283 4374 assumam,
1307 4316 1363 4362 et
1390 4323 1476 4373 ea,
1508 4323 1629 4377 quae
1650 4308 1702 4363 in
1736 4309 1977 4379 antiquis
2003 4310 2161 4365 selte—

570 4396 712 4452 dulis
744 4398 1033 4467 reperiam,
1073 4400 1146 4452 ita
1180 4407 1235 4453 ut
1262 4400 1482 4454 inventa
1512 4398 1737 4463 fuerint,
1765 4416 1986 4470 ponam.

640 4488 734 4543 Illa
773 4504 919 4555 vero,
951 4506 1070 4560 qua:
1118 4490 1455 4560 exantiquis
1485 4490 1700 4560 vulgata
1745 4491 2007 4552 relatione
2042 4510 2166 4564 per-

2256 1913 2582 1985 protectoris
2629 1911 2803 1967 nostri
2854 1910 2908 1966 in
2954 1910 3235 1968 schcdulis
3274 1919 3547 1967 vetustate
3578 1926 3757 1983 prope
3785 1916 3869 1967 do-

2257 2004 2380 2061 letis
2408 2004 2624 2059 inventa
2663 2014 2789 2057 sunt
2818 2016 3034 2072 reparo,
3067 2011 3123 2057 et
3152 2003 3220 2058 de
3243 2001 3445 2059 abditis
3467 2003 3538 2056 ad
3570 2003 3758 2060 luce-
3784 2017 3865 2060 re

2258 2096 2436 2151 duco:
2469 2105 2524 2149 et
2548 2108 2633 2161 ea,
2661 2110 2781 2166 qua:
2821 2101 3067 2148 vetentur
3111 2104 3261 2150 certe
3304 2092 3573 2150 relatione
3612 2110 3865 2166 cognovi,

2259 2187 2457 2243 litteris
2501 2185 2887 2241 commendare
2933 2198 3168 2254 procuro
3219 2200 3235 2239 :
3279 2199 3387 2239 tum
3433 2184 3867 2255 sicntprzentist,

2264 2277 2441 2334 sancti
2490 2274 2677 2332 Esdrae
2722 2273 2995 2346 pontiﬁcis
3045 2274 3251 2342 studio,
3298 2288 3487 2332 sacras
3532 2278 3865 2349 Scriptura.

2260 2368 2466 2424 desidia
2503 2376 2558 2424 et
2583 2364 2912 2438 prolanitate
2939 2365 3227 2437 impiorum
3270 2366 3583 2424 Judaoruttt
3612 2369 3862 2437 abolitas,

2261 2475 2556 2519 noscamus
2592 2458 2759 2515 fuisse
2788 2469 3146 2527 restauratas,
3195 2470 3247 2515 et
3276 2474 3382 2516 non
3413 2462 3590 2517 solum
3626 2472 3861 2535 evange-

2262 2550 2423 2605 licatn
2472 2560 2528 2605 et
2580 2549 2936 2620 apostolicam
2968 2550 3252 2607 historiam
3294 2553 3362 2609 ab
3403 2553 3755 2625 evangeliais
3784 2570 3867 2610 sa-

2271 2649 2580 2705 cratissime
2622 2630 2920 2713 conditam,
2968 2649 3062 2704 sed
3084 2659 3140 2705 et
3168 2649 3527 2720 plurimorum
3554 2663 3865 2709 sanctorum

2263 2753 2415 2814 gesta
2439 2742 2702 2814 plurimos
2733 2743 2993 2798 Ecclesiae
3017 2743 3326 2813 magistros,
3352 2742 3429 2798 ad
3450 2744 3863 2800 instructionem

2264 2835 2580 2901 tnnltorum,
2612 2846 2666 2890 et
2710 2836 2875 2891 etiam
2915 2836 3381 2907 historiographos
3412 2851 3611 2908 agones
3637 2837 3864 2894 saeuia-

2265 2927 2429 2994 rium,
2476 2928 2542 2982 ad
2590 2936 2929 2998 posterorum
2962 2928 3280 2982 memoriam
3312 2926 3703 3000 descripsisse;
3740 2945 3867 3002 gett—

2266 3017 2388 3075 tilcs
2415 3034 2627 3090 quoque
2658 3027 2845 3089 poetas
2873 3032 2969 3075 sua
3003 3018 3313 3089 fragmenta
3340 3016 3691 3093 grandisonis
3716 3036 3870 3090 pom-

2264 3127 2398 3182 parc
2433 3112 2608 3167 modis
2633 3110 2904 3166 studuisse
2934 3109 3198 3181 legamus.

2341 3201 2378 3256 Ι.
2414 3201 2541 3259 l’ost
2584 3203 2887 3271 vindictam,
2916 3196 3202 3267 scelerum,
3239 3206 3364 3271 quae
3409 3199 3559 3257 facta
3588 3210 3675 3259 est
3705 3217 3738 3257 a
3766 3202 3871 3260 Do-

2267 3294 2417 3348 tnino
2472 3294 2617 3348 ca‘de
2674 3293 3007 3359 Galliarum,
3060 3302 3430 3364 prosequente
3471 3290 3870 3349 Wandalorum

2266 3385 2588 3440 crudelitate
2612 3426 2625 3449 ,
2664 3384 3091 3441 miscricordiam
3141 3385 3263 3441 coeli
3304 3384 3647 3441 distillarunt
3697 3406 3714 3441 :
3754 3403 3869 3443 cum

2277 3478 2344 3533 ad
2376 3477 2755 3550 mitigandam,
2782 3478 2959 3549 gentis
2986 3477 3325 3536 Francorum
3356 3479 3653 3536 barbarica
3688 3480 3871 3538 feroci-

2270 3578 2384 3625 tate
2406 3578 2881 3641 superventuram,
2905 3568 3101 3626 divina:
3134 3570 3630 3628 animadversionis
3659 3584 3872 3646 propter

2271 3659 2592 3729 iniquitates
2616 3668 3036 3730 perseverantes
3052 3661 3332 3728 ultionem,
3356 3664 3563 3718 mundo
3585 3667 3869 3734 praesulem

2267 3769 2299 3809 a
2323 3755 2433 3811 Deo
2460 3755 2929 3827 praedestinatum,
2958 3755 3266 3831 Remigium
3306 3760 3628 3830 pontiﬁcem
3651 3761 3759 3820 hoc
3782 3780 3870 3820 or-

2268 3851 2394 3907 dine
2423 3853 2787 3923 protulcrunt.
2920 3834 2925 3845 ’
3322 3840 3329 3847 ’

2337 3943 2401 3998 ll.
2431 3944 2565 4001 Erat
2594 3947 2814 4017 quidam
2845 3948 3203 4029 venerabilis,
3226 3966 3291 4017 ac
3313 3951 3515 4029 dignus
3536 3950 3870 4022 professione

2268 4042 2323 4088 et
2347 4036 2586 4102 nomine,
2617 4036 2907 4095 Montanus
2937 4024 3275 4105 monachus,
3301 4042 3354 4097 itt
3399 4024 3716 4097 reclusione
3750 4041 3871 4095 soli-

2272 4125 2465 4180 tariam
2496 4127 2663 4183 vitam
2693 4131 2916 4196 ducens,
2943 4130 3187 4202 jejuniis,
3220 4130 3441 4209 vigiliis,
3477 4143 3647 4202 atque
3675 4131 3871 4186 oratio-

2268 4218 2427 4275 nibus
2449 4221 2706 4279 continue
2736 4241 2957 4293 vacans,
2991 4241 3202 4282 necnon
3229 4235 3561 4283 ceterarum
3612 4227 3868 4281 virtutum

2270 4309 2577 4382 insignibus
2623 4312 2759 4368 adeo
2809 4315 3083 4370 divinitati
3133 4331 3191 4372 sc
3220 4315 3718 4372 commendabilem
3748 4315 3869 4369 red-

2269 4401 2423 4470 dens,
2468 4413 2526 4458 ιιι
2559 4404 2818 4476 angelicis
2845 4422 2988 4478 sche
3034 4406 3309 4463 frueretur
3348 4408 3630 4479 alloquiis,
3685 4417 3742 4463 et
3768 4406 3871 4461 fre-

2269 4503 2497 4564 quenter
2518 4495 2830 4553 cmlcstibus
2854 4497 3152 4555 visionibus
3196 4514 3261 4563 ac
3304 4498 3742 4557 revelationibus
3788 4501 3869 4554 in-

568 4577 709 4646 cepi,
740 4586 798 4632 et
824 4592 947 4647 qua:
967 4576 1034 4631 ad
1062 4577 1473 4633 instructionem
1497 4580 1794 4648 legentium
1830 4581 1912 4637 vel
1941 4584 2164 4639 audicn-
2190 4569 2241 4627 D
2270 4593 2516 4640 teresset.
2546 4586 2594 4640 ls
2627 4598 2652 4627 ιι
2684 4601 2812 4660 ergo
2843 4604 2965 4644 cum
2990 4590 3220 4664 pervigil
3244 4591 3300 4646 in
3332 4591 3588 4649 oratione
3612 4609 3716 4664 pro
3742 4606 3871 4663 pace

569 4670 703 4724 tium
731 4669 947 4741 addam,
973 4670 1055 4724 vel
1078 4686 1267 4726 eorum
1288 4673 1478 4737 verba,
1506 4673 1573 4728 de
1602 4688 1833 4742 quorum
1856 4675 2016 4731 dictis
2045 4693 2163 4734 mu-

570 4764 783 4832 tuabor,
808 4780 1009 4837 ponere
1033 4768 1359 4838 procumbo,
1386 4769 1471 4824 vel
1494 4784 1615 4825 meo
1633 4786 1885 4828 sermone
1904 4774 2117 4831 dictabo
2146 4794 2157 4830 :

567 4856 756 4914 volens
809 4857 1067 4927 quiddam
1096 4860 1262 4919 debiti
1295 4860 1403 4917 mei
1443 4862 1687 4934 obsequii
1733 4864 1785 4919 in
1830 4867 2004 4932 laude,
2057 4883 2165 4938 qua

566 4964 677 5018 non
709 4948 934 5018 indiget,
984 4949 1283 5018 oll'crcndo,
1327 4953 1431 5025 ipsi
1471 4955 1808 5013 bencfactori
1849 4975 1968 5015 tneo
2002 4962 2162 5016 retri-

567 5038 739 5096 buere
784 5054 883 5111 pro
922 5040 1176 5098 omnibus
1217 5058 1337 5114 qua:
1369 5043 1591 5116 indigno
1621 5046 1753 5102 tttilti
1786 5050 1956 5119 gratis
1981 5052 2159 5122 potius

568 5131 779 5200 tribuit,
806 5148 969 5203 quam
1011 5135 1222 5193 meritis
1249 5137 1373 5194 ullis
1402 5139 1670 5196 retribuit.
1707 5140 1943 5211 Denique
1982 5144 2036 5198 in
2069 5145 2154 5199 de-

568 5224 954 5295 scriptionibus
981 5226 1245 5284 virtutuut
1286 5228 1404 5299 ejus
1438 5231 1707 5298 ordinem,
1742 5248 1849 5302 quo
1875 5248 1971 5303 per
2008 5234 2157 5291 illum

566 5330 665 5373 eas
689 5316 948 5374 Dominus
968 5319 1220 5390 dignatus
1258 5333 1343 5379 est
1375 5325 1613 5395 operari,
1650 5340 1871 5381 servare
1908 5343 2016 5383 non
2063 5343 2159 5400 po-

571 5416 691 5465 tero
729 5422 745 5462 :
780 5408 877 5465 sed
901 5410 1045 5465 sicut
1090 5426 1183 5468 eas
1231 5413 1317 5468 vel
1360 5416 1566 5486 scripto
1601 5416 1683 5472 vel
1724 5418 1909 5473 attditu
1954 5422 2161 5493 accepi,

567 5499 892 5557 describam.
920 5499 1016 5559 Sic
1033 5504 1205 5572 enim,
1230 5505 1381 5563 salvo
1403 5508 1596 5565 altiore
1622 5510 1951 5582 prophetica:
1989 5513 2163 5587 inspi-

567 5592 798 5651 rationis
821 5608 1054 5651 munere
1101 5594 1285 5654 divino
1309 5597 1485 5656 allata:
1509 5601 1791 5672 mysterio,
1832 5612 1890 5659 et
1923 5604 2164 5673 psalmos

2274 4687 2478 4732 sanctae
2503 4677 2778 4747 Ecclesiae,
2821 4696 2941 4753 quae
2977 4683 3161 4739 multis
3204 4699 3270 4741 ac
3304 4685 3539 4742 diversis
3567 4684 3871 4741 amictioui-

2274 4767 2376 4823 bus
2406 4770 2545 4839 apud
2570 4768 2869 4828 Galliarum
2900 4783 2958 4831 et
2981 4774 3322 4847 Belgicarum
3360 4778 3683 4848 provincias
3712 4793 3869 4833 ven—

2267 4859 2447 4925 batur,
2492 4860 2587 4916 Dei
2614 4865 3004 4935 onmipotentis
3036 4866 3383 4925 clementiam
3425 4869 3725 4927 indelbssis
3754 4883 3873 4940 pre~

2268 4949 2423 5021 cibus
2450 4964 2723 5023 exoraret,
2753 4967 2910 5012 nocte
2941 4959 3173 5029 quadam
3208 4959 3332 5030 plus
3364 4960 3531 5015 solito
3560 4962 3866 5016 orationem

2265 5047 2565 5116 protelans,
2619 5067 2789 5120 usque
2838 5050 2975 5107 lucis
3022 5053 3402 5125 crepusculum
3432 5054 3491 5109 in
3526 5057 3867 5125 contempla-

2267 5139 2413 5197 tione
2458 5144 2772 5212 permansit.
2804 5144 2905 5212 Qui
2933 5161 3077 5214 cum,
3111 5145 3432 5203 lassitudine
3478 5163 3543 5202 ac
3577 5148 3871 5220 fragilitate

2264 5236 2447 5290 carnis
2468 5237 2847 5307 compcllente,
2880 5239 3157 5311 paululum
3189 5243 3436 5297 membra
3476 5243 3662 5313 sopori
3692 5242 3871 5296 dedis-

2268 5336 2369 5393 set,
2418 5327 2597 5383 subito
2627 5344 2726 5398 per
2764 5330 3003 5388 divinam
3038 5334 3274 5404 gratiam
3320 5334 3645 5407 angelorum
3683 5335 3868 5390 eboris

2266 5436 2321 5480 et
2352 5426 2656 5483 animarum
2685 5430 2937 5500 coetibus,
2969 5430 3411 5490 beatissimorum
3439 5433 3728 5489 hominum
3751 5433 3866 5503 jam

2266 5532 2389 5573 cum
2411 5518 2522 5577 Deo
2554 5522 2921 5593 regnantium,
2948 5532 3005 5579 et
3033 5522 3508 5581 immortalitatem
3538 5525 3725 5582 adhuc
3752 5538 3867 5581 eor-

2264 5623 2460 5682 porum
2496 5616 2951 5687 exspectantium,
2996 5616 3281 5689 spiritibus
3321 5614 3598 5686 interfuit,
3623 5624 3684 5676 et
3709 5614 3865 5673 fami.

646 5782 672 5810 ιι
710 5768 844 5823 Vide
890 5769 1176 5854 Flodoard.
1224 5789 1342 5847 cap.
1389 5778 1477 5844 ill,
1528 5778 1621 5836 lib.
1680 5797 1718 5847 t,
1767 5738 2297 5842 ltistor.‘.llhetnens.
