  <div class='ocr_page' id='page_1' title='image "/cluster/home/n/w/nwhite01/storage/ocr_20150623/125/hvd.32044015471667/572.png"; bbox 0 0 3948 5532; ppageno 0'>
   <div class='ocr_carea' id='block_1_1' title="bbox 145 330 280 391">
    <p class='ocr_par' dir='ltr' id='par_1_1' title="bbox 145 330 280 391">
     <span class='ocr_line' id='line_1_1' title="bbox 145 330 280 391; baseline 0 0"><span class='ocrx_word' id='word_1_1' title='bbox 145 330 280 391; x_wconf 73' lang='lat' dir='ltr'><strong>H33</strong></span> 
     </span>
    </p>
   </div>
   <div class='ocr_carea' id='block_1_2' title="bbox 1380 308 2145 373">
    <p class='ocr_par' dir='ltr' id='par_1_2' title="bbox 1380 308 2145 373">
     <span class='ocr_line' id='line_1_2' title="bbox 1380 308 2145 373; baseline -0.009 0"><span class='ocrx_word' id='word_1_2' title='bbox 1380 313 1546 373; x_wconf 73' lang='lat' dir='ltr'><strong>VITA</strong></span> <span class='ocrx_word' id='word_1_3' title='bbox 1581 311 1827 372; x_wconf 77' lang='lat' dir='ltr'><strong>SANCTI</strong></span> <span class='ocrx_word' id='word_1_4' title='bbox 1865 308 2145 369; x_wconf 80' lang='lat' dir='ltr'><strong>REMIGII.</strong></span> 
     </span>
    </p>
   </div>
   <div class='ocr_carea' id='block_1_3' title="bbox 3282 303 3425 366">
    <p class='ocr_par' dir='ltr' id='par_1_3' title="bbox 3282 303 3425 366">
     <span class='ocr_line' id='line_1_3' title="bbox 3282 303 3425 366; baseline 0.007 -1"><span class='ocrx_word' id='word_1_5' title='bbox 3282 303 3425 366; x_wconf 69' lang='lat' dir='ltr'><strong>H34</strong></span> 
     </span>
    </p>
   </div>
   <div class='ocr_carea' id='block_1_4' title="bbox 142 420 3426 511">
    <p class='ocr_par' dir='ltr' id='par_1_4' title="bbox 142 420 3426 511">
     <span class='ocr_line' id='line_1_4' title="bbox 142 420 3426 511; baseline 0.001 -35"><span class='ocrx_word' id='word_1_6' title='bbox 142 442 488 504; x_wconf 62' lang='grc' dir='ltr'><strong>υπίεεεωωη</strong></span> <span class='ocrx_word' id='word_1_7' title='bbox 518 437 685 511; x_wconf 54' lang='lat' dir='ltr'><strong>capi;</strong></span> <span class='ocrx_word' id='word_1_8' title='bbox 713 435 902 492; x_wconf 70' lang='lat' dir='ltr'><strong>audire</strong></span> <span class='ocrx_word' id='word_1_9' title='bbox 942 431 1292 501; x_wconf 77' lang='lat' dir='ltr'><strong>colloquium.</strong></span> <span class='ocrx_word' id='word_1_10' title='bbox 1337 430 1483 484; x_wconf 89' lang='lat' dir='ltr'><strong>Inter</strong></span> <span class='ocrx_word' id='word_1_11' title='bbox 1528 435 1724 484; x_wconf 74' lang='lat' dir='ltr'><strong>caetera</strong></span> <span class='ocrx_word' id='word_1_12' title='bbox 1758 432 1802 490; x_wconf 75' lang='grc' dir='ltr'><strong>Α</strong></span> <span class='ocrx_word' id='word_1_13' title='bbox 1832 432 1938 488; x_wconf 86' lang='lat' dir='ltr'><strong>tus,</strong></span> <span class='ocrx_word' id='word_1_14' title='bbox 1978 423 2120 477; x_wconf 88' lang='lat' dir='ltr'><strong>sicut</strong></span> <span class='ocrx_word' id='word_1_15' title='bbox 2147 437 2280 479; x_wconf 85' lang='lat' dir='ltr'><strong>suus</strong></span> <span class='ocrx_word' id='word_1_16' title='bbox 2310 421 2707 494; x_wconf 64' lang='lat' dir='ltr'><strong>prmuuntiator</strong></span> <span class='ocrx_word' id='word_1_17' title='bbox 2738 420 3090 494; x_wconf 72' lang='lat' dir='ltr'><strong>pradixerat,</strong></span> <span class='ocrx_word' id='word_1_18' title='bbox 3121 422 3265 479; x_wconf 83' lang='lat' dir='ltr'><strong>lacte</strong></span> <span class='ocrx_word' id='word_1_19' title='bbox 3307 439 3426 479; x_wconf 45' lang='lat' dir='ltr'><strong>mas</strong></span> 
     </span>
    </p>
   </div>
   <div class='ocr_carea' id='block_1_5' title="bbox 144 519 1730 611">
    <p class='ocr_par' dir='ltr' id='par_1_5' title="bbox 144 519 1730 611">
     <span class='ocr_line' id='line_1_5' title="bbox 144 519 1730 611; baseline -0.014 -18"><span class='ocrx_word' id='word_1_20' title='bbox 144 538 325 611; x_wconf 89' lang='lat' dir='ltr'><strong>igitur,</strong></span> <span class='ocrx_word' id='word_1_21' title='bbox 377 547 498 603; x_wconf 68' lang='lat' dir='ltr'><strong>qum</strong></span> <span class='ocrx_word' id='word_1_22' title='bbox 535 532 589 585; x_wconf 90' lang='lat' dir='ltr'><strong>in</strong></span> <span class='ocrx_word' id='word_1_23' title='bbox 634 537 904 584; x_wconf 83' lang='lat' dir='ltr'><strong>conventu</strong></span> <span class='ocrx_word' id='word_1_24' title='bbox 936 524 1026 580; x_wconf 88' lang='lat' dir='ltr'><strong>illo</strong></span> <span class='ocrx_word' id='word_1_25' title='bbox 1064 522 1257 579; x_wconf 72' lang='lat' dir='ltr'><strong>cmlico</strong></span> <span class='ocrx_word' id='word_1_26' title='bbox 1284 519 1494 575; x_wconf 72' lang='lat' dir='ltr'><strong>audivit</strong></span> <span class='ocrx_word' id='word_1_27' title='bbox 1517 558 1532 583; x_wconf 88' lang='lat'><strong>,</strong></span> <span class='ocrx_word' id='word_1_28' title='bbox 1565 519 1730 572; x_wconf 89' lang='lat' dir='ltr'><strong>etiam</strong></span> 
     </span>
    </p>
   </div>
   <div class='ocr_carea' id='block_1_6' title="bbox 145 608 1732 693">
    <p class='ocr_par' dir='ltr' id='par_1_6' title="bbox 145 608 1732 693">
     <span class='ocr_line' id='line_1_6' title="bbox 145 608 1732 693; baseline -0.014 -9"><span class='ocrx_word' id='word_1_29' title='bbox 145 608 216 685; x_wconf 85' lang='lat' dir='ltr'><strong>illi</strong></span> <span class='ocrx_word' id='word_1_30' title='bbox 248 624 422 683; x_wconf 84' lang='lat' dir='ltr'><strong>saneti</strong></span> <span class='ocrx_word' id='word_1_31' title='bbox 462 622 707 693; x_wconf 76' lang='lat' dir='ltr'><strong>spiritus,</strong></span> <span class='ocrx_word' id='word_1_32' title='bbox 748 620 997 675; x_wconf 74' lang='lat' dir='ltr'><strong>humana:</strong></span> <span class='ocrx_word' id='word_1_33' title='bbox 1030 614 1224 671; x_wconf 84' lang='lat' dir='ltr'><strong>salutis</strong></span> <span class='ocrx_word' id='word_1_34' title='bbox 1252 611 1421 676; x_wconf 85' lang='lat' dir='ltr'><strong>avidi,</strong></span> <span class='ocrx_word' id='word_1_35' title='bbox 1451 608 1732 681; x_wconf 72' lang='lat' dir='ltr'><strong>qumritari</strong></span> 
     </span>
    </p>
   </div>
   <div class='ocr_carea' id='block_1_7' title="bbox 145 697 1733 789">
    <p class='ocr_par' dir='ltr' id='par_1_7' title="bbox 145 697 1733 789">
     <span class='ocr_line' id='line_1_7' title="bbox 145 697 1733 789; baseline -0.015 -13"><span class='ocrx_word' id='word_1_36' title='bbox 145 722 427 789; x_wconf 63' lang='lat' dir='ltr'><strong>coeperunt</strong></span> <span class='ocrx_word' id='word_1_37' title='bbox 457 714 524 769; x_wconf 88' lang='lat' dir='ltr'><strong>de</strong></span> <span class='ocrx_word' id='word_1_38' title='bbox 563 711 856 767; x_wconf 73' lang='lat' dir='ltr'><strong>Gallicana:</strong></span> <span class='ocrx_word' id='word_1_39' title='bbox 885 706 1185 777; x_wconf 75' lang='lat' dir='ltr'><strong>dejectione</strong></span> <span class='ocrx_word' id='word_1_40' title='bbox 1214 701 1490 767; x_wconf 64' lang='lat' dir='ltr'><strong>Ecclesiae,</strong></span> <span class='ocrx_word' id='word_1_41' title='bbox 1517 706 1574 755; x_wconf 88' lang='lat' dir='ltr'><strong>et</strong></span> <span class='ocrx_word' id='word_1_42' title='bbox 1600 697 1733 768; x_wconf 89' lang='lat' dir='ltr'><strong>quid</strong></span> 
     </span>
    </p>
   </div>
   <div class='ocr_carea' id='block_1_8' title="bbox 143 799 1731 873">
    <p class='ocr_par' dir='ltr' id='par_1_8' title="bbox 143 799 1731 873">
     <span class='ocr_line' id='line_1_8' title="bbox 143 799 1731 873; baseline -0.013 -7"><span class='ocrx_word' id='word_1_43' title='bbox 143 811 290 866; x_wconf 78' lang='lat' dir='ltr'><strong>facto</strong></span> <span class='ocrx_word' id='word_1_44' title='bbox 321 807 388 863; x_wconf 91' lang='lat' dir='ltr'><strong>ad</strong></span> <span class='ocrx_word' id='word_1_45' title='bbox 419 805 547 860; x_wconf 87' lang='lat' dir='ltr'><strong>talia</strong></span> <span class='ocrx_word' id='word_1_46' title='bbox 573 819 713 873; x_wconf 86' lang='lat' dir='ltr'><strong>opus</strong></span> <span class='ocrx_word' id='word_1_47' title='bbox 752 810 917 866; x_wconf 85' lang='lat' dir='ltr'><strong>esset,</strong></span> <span class='ocrx_word' id='word_1_48' title='bbox 962 799 1155 854; x_wconf 83' lang='lat' dir='ltr'><strong>crebro</strong></span> <span class='ocrx_word' id='word_1_49' title='bbox 1184 810 1407 853; x_wconf 75' lang='lat' dir='ltr'><strong>versane</strong></span> <span class='ocrx_word' id='word_1_50' title='bbox 1456 805 1731 858; x_wconf 82' lang='lat' dir='ltr'><strong>sermone,</strong></span> 
     </span>
    </p>
   </div>
   <div class='ocr_carea' id='block_1_9' title="bbox 144 882 1735 968">
    <p class='ocr_par' dir='ltr' id='par_1_9' title="bbox 144 882 1735 968">
     <span class='ocr_line' id='line_1_9' title="bbox 144 882 1735 968; baseline -0.012 -10"><span class='ocrx_word' id='word_1_51' title='bbox 144 902 409 966; x_wconf 84' lang='lat' dir='ltr'><strong>dicentes,</strong></span> <span class='ocrx_word' id='word_1_52' title='bbox 429 897 557 968; x_wconf 80' lang='lat' dir='ltr'><strong>quia</strong></span> <span class='ocrx_word' id='word_1_53' title='bbox 596 905 808 965; x_wconf 84' lang='lat' dir='ltr'><strong>tempus</strong></span> <span class='ocrx_word' id='word_1_54' title='bbox 830 899 973 948; x_wconf 86' lang='lat' dir='ltr'><strong>esset</strong></span> <span class='ocrx_word' id='word_1_55' title='bbox 1001 888 1292 944; x_wconf 79' lang='lat' dir='ltr'><strong>miserendi</strong></span> <span class='ocrx_word' id='word_1_56' title='bbox 1320 884 1458 955; x_wconf 88' lang='lat' dir='ltr'><strong>ejus.</strong></span> <span class='ocrx_word' id='word_1_57' title='bbox 1491 882 1735 955; x_wconf 76' lang='lat' dir='ltr'><strong>Duplicia</strong></span> 
     </span>
    </p>
   </div>
   <div class='ocr_carea' id='block_1_10' title="bbox 143 980 1733 1060">
    <p class='ocr_par' dir='ltr' id='par_1_10' title="bbox 143 980 1733 1060">
     <span class='ocr_line' id='line_1_10' title="bbox 143 980 1733 1060; baseline -0.011 -12"><span class='ocrx_word' id='word_1_58' title='bbox 143 994 289 1049; x_wconf 85' lang='lat' dir='ltr'><strong>enim</strong></span> <span class='ocrx_word' id='word_1_59' title='bbox 340 999 621 1060; x_wconf 87' lang='lat' dir='ltr'><strong>receperat</strong></span> <span class='ocrx_word' id='word_1_60' title='bbox 659 1002 757 1058; x_wconf 81' lang='lat' dir='ltr'><strong>pro</strong></span> <span class='ocrx_word' id='word_1_61' title='bbox 799 985 1051 1040; x_wconf 84' lang='lat' dir='ltr'><strong>omnibus</strong></span> <span class='ocrx_word' id='word_1_62' title='bbox 1096 982 1335 1054; x_wconf 84' lang='lat' dir='ltr'><strong>peccatis</strong></span> <span class='ocrx_word' id='word_1_63' title='bbox 1376 980 1512 1043; x_wconf 81' lang='lat' dir='ltr'><strong>suis,</strong></span> <span class='ocrx_word' id='word_1_64' title='bbox 1555 993 1733 1048; x_wconf 86' lang='lat' dir='ltr'><strong>quau-</strong></span> 
     </span>
    </p>
   </div>
   <div class='ocr_carea' id='block_1_11' title="bbox 142 1069 1735 1155">
    <p class='ocr_par' dir='ltr' id='par_1_11' title="bbox 142 1069 1735 1155">
     <span class='ocr_line' id='line_1_11' title="bbox 142 1069 1735 1155; baseline -0.01 -18"><span class='ocrx_word' id='word_1_65' title='bbox 142 1097 309 1155; x_wconf 82' lang='lat' dir='ltr'><strong>quam</strong></span> <span class='ocrx_word' id='word_1_66' title='bbox 357 1079 461 1135; x_wconf 66' lang='lat' dir='ltr'><strong>[aut</strong></span> <span class='ocrx_word' id='word_1_67' title='bbox 489 1079 607 1151; x_wconf 91' lang='lat' dir='ltr'><strong>cjus</strong></span> <span class='ocrx_word' id='word_1_68' title='bbox 647 1093 754 1132; x_wconf 91' lang='lat' dir='ltr'><strong>non</strong></span> <span class='ocrx_word' id='word_1_69' title='bbox 790 1078 861 1133; x_wconf 85' lang='lat' dir='ltr'><strong>sit</strong></span> <span class='ocrx_word' id='word_1_70' title='bbox 889 1074 1185 1131; x_wconf 78' lang='lat' dir='ltr'><strong>exinanita.</strong></span> <span class='ocrx_word' id='word_1_71' title='bbox 1235 1072 1335 1127; x_wconf 79' lang='lat' dir='ltr'><strong>His</strong></span> <span class='ocrx_word' id='word_1_72' title='bbox 1382 1070 1457 1125; x_wconf 91' lang='lat' dir='ltr'><strong>ita</strong></span> <span class='ocrx_word' id='word_1_73' title='bbox 1487 1069 1629 1123; x_wconf 86' lang='lat' dir='ltr'><strong>inter</strong></span> <span class='ocrx_word' id='word_1_74' title='bbox 1674 1081 1735 1122; x_wconf 87' lang='lat' dir='ltr'><strong>se</strong></span> 
     </span>
    </p>
   </div>
   <div class='ocr_carea' id='block_1_12' title="bbox 143 1162 1735 1234">
    <p class='ocr_par' dir='ltr' id='par_1_12' title="bbox 143 1162 1735 1234">
     <span class='ocr_line' id='line_1_12' title="bbox 143 1162 1735 1234; baseline -0.011 -3"><span class='ocrx_word' id='word_1_75' title='bbox 143 1173 553 1231; x_wconf 76' lang='lat' dir='ltr'><strong>conferentibus</strong></span> <span class='ocrx_word' id='word_1_76' title='bbox 580 1170 761 1225; x_wconf 84' lang='lat' dir='ltr'><strong>subito</strong></span> <span class='ocrx_word' id='word_1_77' title='bbox 785 1184 888 1223; x_wconf 70' lang='lat' dir='ltr'><strong>vox</strong></span> <span class='ocrx_word' id='word_1_78' title='bbox 914 1165 1109 1229; x_wconf 75' lang='lat' dir='ltr'><strong>adfuit,</strong></span> <span class='ocrx_word' id='word_1_79' title='bbox 1135 1182 1169 1221; x_wconf 79' lang='grc' dir='ltr'><strong>ιι</strong></span> <span class='ocrx_word' id='word_1_80' title='bbox 1184 1162 1556 1234; x_wconf 69' lang='lat' dir='ltr'><strong>superioribus</strong></span> <span class='ocrx_word' id='word_1_81' title='bbox 1571 1167 1735 1229; x_wconf 81' lang='lat' dir='ltr'><strong>atque</strong></span> 
     </span>
    </p>
   </div>
   <div class='ocr_carea' id='block_1_13' title="bbox 110 1251 1736 1329">
    <p class='ocr_par' dir='ltr' id='par_1_13' title="bbox 110 1251 1736 1329">
     <span class='ocr_line' id='line_1_13' title="bbox 110 1251 1736 1329; baseline -0.016 1"><span class='ocrx_word' id='word_1_82' title='bbox 110 1257 532 1329; x_wconf 53' lang='lat' dir='ltr'><strong>secretioribus</strong></span> <span class='ocrx_word' id='word_1_83' title='bbox 577 1262 742 1319; x_wconf 84' lang='lat' dir='ltr'><strong>aditis</strong></span> <span class='ocrx_word' id='word_1_84' title='bbox 789 1258 1146 1317; x_wconf 75' lang='lat' dir='ltr'><strong>saluberrime</strong></span> <span class='ocrx_word' id='word_1_85' title='bbox 1196 1265 1361 1326; x_wconf 89' lang='lat' dir='ltr'><strong>atque</strong></span> <span class='ocrx_word' id='word_1_86' title='bbox 1412 1251 1736 1309; x_wconf 84' lang='lat' dir='ltr'><strong>suavissime</strong></span> 
     </span>
    </p>
   </div>
   <div class='ocr_carea' id='block_1_14' title="bbox 143 1346 1736 1429">
    <p class='ocr_par' dir='ltr' id='par_1_14' title="bbox 143 1346 1736 1429">
     <span class='ocr_line' id='line_1_14' title="bbox 143 1346 1736 1429; baseline -0.013 -10"><span class='ocrx_word' id='word_1_87' title='bbox 143 1363 419 1428; x_wconf 74' lang='lat' dir='ltr'><strong>intonsus,</strong></span> <span class='ocrx_word' id='word_1_88' title='bbox 466 1374 587 1429; x_wconf 74' lang='lat' dir='ltr'><strong>qua:</strong></span> <span class='ocrx_word' id='word_1_89' title='bbox 635 1365 692 1412; x_wconf 90' lang='lat' dir='ltr'><strong>et</strong></span> <span class='ocrx_word' id='word_1_90' title='bbox 734 1353 1080 1427; x_wconf 69' lang='lat' dir='ltr'><strong>praesentium</strong></span> <span class='ocrx_word' id='word_1_91' title='bbox 1128 1349 1399 1405; x_wconf 80' lang='lat' dir='ltr'><strong>solaretur</strong></span> <span class='ocrx_word' id='word_1_92' title='bbox 1447 1346 1736 1417; x_wconf 87' lang='lat' dir='ltr'><strong>spirituum</strong></span> 
     </span>
    </p>
   </div>
   <div class='ocr_carea' id='block_1_15' title="bbox 145 1436 1737 1522">
    <p class='ocr_par' dir='ltr' id='par_1_15' title="bbox 145 1436 1737 1522">
     <span class='ocr_line' id='line_1_15' title="bbox 145 1436 1737 1522; baseline -0.016 -9"><span class='ocrx_word' id='word_1_93' title='bbox 145 1455 486 1519; x_wconf 71' lang='lat' dir='ltr'><strong>mwstitiam,</strong></span> <span class='ocrx_word' id='word_1_94' title='bbox 510 1460 569 1509; x_wconf 84' lang='lat' dir='ltr'><strong>et</strong></span> <span class='ocrx_word' id='word_1_95' title='bbox 594 1450 739 1522; x_wconf 85' lang='lat' dir='ltr'><strong>quod</strong></span> <span class='ocrx_word' id='word_1_96' title='bbox 768 1447 1007 1503; x_wconf 77' lang='lat' dir='ltr'><strong>futurum</strong></span> <span class='ocrx_word' id='word_1_97' title='bbox 1030 1453 1172 1509; x_wconf 90' lang='lat' dir='ltr'><strong>erat,</strong></span> <span class='ocrx_word' id='word_1_98' title='bbox 1196 1436 1586 1512; x_wconf 88' lang='lat' dir='ltr'><strong>gratulabunda</strong></span> <span class='ocrx_word' id='word_1_99' title='bbox 1614 1448 1737 1505; x_wconf 83' lang='lat' dir='ltr'><strong>pro-</strong></span> 
     </span>
    </p>
   </div>
   <div class='ocr_carea' id='block_1_16' title="bbox 144 1527 1738 1620">
    <p class='ocr_par' dir='ltr' id='par_1_16' title="bbox 144 1527 1738 1620">
     <span class='ocr_line' id='line_1_16' title="bbox 144 1527 1738 1620; baseline -0.015 -15"><span class='ocrx_word' id='word_1_100' title='bbox 144 1548 418 1620; x_wconf 85' lang='lat' dir='ltr'><strong>mulgaret</strong></span> <span class='ocrx_word' id='word_1_101' title='bbox 445 1544 738 1609; x_wconf 88' lang='lat' dir='ltr'><strong>sententia,</strong></span> <span class='ocrx_word' id='word_1_102' title='bbox 774 1542 851 1602; x_wconf 82' lang='lat' dir='ltr'><strong>ita</strong></span> <span class='ocrx_word' id='word_1_103' title='bbox 876 1538 1104 1595; x_wconf 89' lang='lat' dir='ltr'><strong>dicendo</strong></span> <span class='ocrx_word' id='word_1_104' title='bbox 1134 1553 1149 1589; x_wconf 90' lang='lat'><strong>:</strong></span> <span class='ocrx_word' id='word_1_105' title='bbox 1187 1534 1442 1589; x_wconf 77' lang='lat' dir='ltr'><strong>Dominus</strong></span> <span class='ocrx_word' id='word_1_106' title='bbox 1472 1527 1738 1602; x_wconf 73' lang='lat' dir='ltr'><strong>prospexit</strong></span> 
     </span>
    </p>
   </div>
   <div class='ocr_carea' id='block_1_17' title="bbox 141 1625 1738 1697">
    <p class='ocr_par' dir='ltr' id='par_1_17' title="bbox 141 1625 1738 1697">
     <span class='ocr_line' id='line_1_17' title="bbox 141 1625 1738 1697; baseline -0.014 0"><span class='ocrx_word' id='word_1_107' title='bbox 141 1642 206 1696; x_wconf 83' lang='lat' dir='ltr'><strong>de</strong></span> <span class='ocrx_word' id='word_1_108' title='bbox 251 1640 460 1697; x_wconf 67' lang='lat' dir='ltr'><strong>excelso</strong></span> <span class='ocrx_word' id='word_1_109' title='bbox 507 1647 689 1692; x_wconf 80' lang='lat' dir='ltr'><strong>sancto</strong></span> <span class='ocrx_word' id='word_1_110' title='bbox 719 1651 816 1689; x_wconf 76' lang='lat' dir='ltr'><strong>suo</strong></span> <span class='ocrx_word' id='word_1_111' title='bbox 847 1649 867 1688; x_wconf 92' lang='lat'><strong><em>:</em></strong></span> <span class='ocrx_word' id='word_1_112' title='bbox 890 1632 1147 1687; x_wconf 75' lang='lat' dir='ltr'><strong>Dominus</strong></span> <span class='ocrx_word' id='word_1_113' title='bbox 1176 1630 1243 1683; x_wconf 85' lang='lat' dir='ltr'><strong>de</strong></span> <span class='ocrx_word' id='word_1_114' title='bbox 1286 1625 1413 1681; x_wconf 67' lang='lat' dir='ltr'><strong>calo</strong></span> <span class='ocrx_word' id='word_1_115' title='bbox 1456 1625 1511 1678; x_wconf 86' lang='lat' dir='ltr'><strong>in</strong></span> <span class='ocrx_word' id='word_1_116' title='bbox 1542 1631 1738 1677; x_wconf 84' lang='lat' dir='ltr'><strong>terram</strong></span> 
     </span>
    </p>
   </div>
   <div class='ocr_carea' id='block_1_18' title="bbox 142 1715 1738 1804">
    <p class='ocr_par' dir='ltr' id='par_1_18' title="bbox 142 1715 1738 1804">
     <span class='ocr_line' id='line_1_18' title="bbox 142 1715 1738 1804; baseline -0.013 -15"><span class='ocrx_word' id='word_1_117' title='bbox 142 1734 345 1804; x_wconf 67' lang='lat' dir='ltr'><strong>comit</strong></span> <span class='ocrx_word' id='word_1_118' title='bbox 363 1750 384 1798; x_wconf 89' lang='lat'><strong><em>;</em></strong></span> <span class='ocrx_word' id='word_1_119' title='bbox 404 1741 459 1786; x_wconf 83' lang='lat' dir='ltr'><strong>ut</strong></span> <span class='ocrx_word' id='word_1_120' title='bbox 490 1728 696 1785; x_wconf 75' lang='lat' dir='ltr'><strong>audiret</strong></span> <span class='ocrx_word' id='word_1_121' title='bbox 726 1726 949 1797; x_wconf 77' lang='lat' dir='ltr'><strong>gemitus</strong></span> <span class='ocrx_word' id='word_1_122' title='bbox 976 1722 1409 1795; x_wconf 64' lang='lat' dir='ltr'><strong>conpeditorum,</strong></span> <span class='ocrx_word' id='word_1_123' title='bbox 1437 1728 1495 1772; x_wconf 84' lang='lat' dir='ltr'><strong>ut</strong></span> <span class='ocrx_word' id='word_1_124' title='bbox 1520 1715 1738 1772; x_wconf 75' lang='lat' dir='ltr'><strong>solveret</strong></span> 
     </span>
    </p>
   </div>
   <div class='ocr_carea' id='block_1_19' title="bbox 1834 513 3422 586">
    <p class='ocr_par' dir='ltr' id='par_1_19' title="bbox 1834 513 3422 586">
     <span class='ocr_line' id='line_1_19' title="bbox 1834 513 3422 586; baseline 0.001 -16"><span class='ocrx_word' id='word_1_125' title='bbox 1834 514 1935 571; x_wconf 90' lang='lat' dir='ltr'><strong>tris</strong></span> <span class='ocrx_word' id='word_1_126' title='bbox 1962 514 2152 570; x_wconf 85' lang='lat' dir='ltr'><strong>oculos</strong></span> <span class='ocrx_word' id='word_1_127' title='bbox 2177 515 2262 570; x_wconf 89' lang='lat' dir='ltr'><strong>sui</strong></span> <span class='ocrx_word' id='word_1_128' title='bbox 2320 513 2482 580; x_wconf 86' lang='lat' dir='ltr'><strong>vatis,</strong></span> <span class='ocrx_word' id='word_1_129' title='bbox 2533 522 2709 570; x_wconf 85' lang='lat' dir='ltr'><strong>matre</strong></span> <span class='ocrx_word' id='word_1_130' title='bbox 2753 514 3167 581; x_wconf 84' lang='lat' dir='ltr'><strong>obstetricante,</strong></span> <span class='ocrx_word' id='word_1_131' title='bbox 3222 529 3422 586; x_wconf 84' lang='lat' dir='ltr'><strong>perun-</strong></span> 
     </span>
    </p>
   </div>
   <div class='ocr_carea' id='block_1_20' title="bbox 1831 604 3425 677">
    <p class='ocr_par' dir='ltr' id='par_1_20' title="bbox 1831 604 3425 677">
     <span class='ocr_line' id='line_1_20' title="bbox 1831 604 3425 677; baseline 0.004 -19"><span class='ocrx_word' id='word_1_132' title='bbox 1831 618 1986 676; x_wconf 86' lang='lat' dir='ltr'><strong>gens,</strong></span> <span class='ocrx_word' id='word_1_133' title='bbox 2016 604 2198 660; x_wconf 89' lang='lat' dir='ltr'><strong>lumen</strong></span> <span class='ocrx_word' id='word_1_134' title='bbox 2228 604 2304 660; x_wconf 90' lang='lat' dir='ltr'><strong>illi</strong></span> <span class='ocrx_word' id='word_1_135' title='bbox 2329 606 2502 677; x_wconf 84' lang='lat' dir='ltr'><strong>gratia</strong></span> <span class='ocrx_word' id='word_1_136' title='bbox 2530 605 2712 661; x_wconf 85' lang='lat' dir='ltr'><strong>divina</strong></span> <span class='ocrx_word' id='word_1_137' title='bbox 2741 605 2999 661; x_wconf 82' lang='lat' dir='ltr'><strong>restituit.</strong></span> <span class='ocrx_word' id='word_1_138' title='bbox 3047 604 3161 660; x_wconf 84' lang='lat' dir='ltr'><strong>Nec</strong></span> <span class='ocrx_word' id='word_1_139' title='bbox 3185 606 3425 664; x_wconf 80' lang='lat' dir='ltr'><strong>incredi-</strong></span> 
     </span>
    </p>
   </div>
   <div class='ocr_carea' id='block_1_21' title="bbox 1829 696 3426 771">
    <p class='ocr_par' dir='ltr' id='par_1_21' title="bbox 1829 696 3426 771">
     <span class='ocr_line' id='line_1_21' title="bbox 1829 696 3426 771; baseline 0.004 -17"><span class='ocrx_word' id='word_1_140' title='bbox 1829 696 1941 754; x_wconf 74' lang='lat' dir='ltr'><strong>bile</strong></span> <span class='ocrx_word' id='word_1_141' title='bbox 1958 697 2133 753; x_wconf 84' lang='lat' dir='ltr'><strong>videri</strong></span> <span class='ocrx_word' id='word_1_142' title='bbox 2155 697 2337 764; x_wconf 88' lang='lat' dir='ltr'><strong>debet,</strong></span> <span class='ocrx_word' id='word_1_143' title='bbox 2380 698 2426 753; x_wconf 87' lang='lat' dir='ltr'><strong>si</strong></span> <span class='ocrx_word' id='word_1_144' title='bbox 2455 714 2589 770; x_wconf 74' lang='lat' dir='ltr'><strong>puer</strong></span> <span class='ocrx_word' id='word_1_145' title='bbox 2615 700 2740 764; x_wconf 87' lang='lat' dir='ltr'><strong>istc,</strong></span> <span class='ocrx_word' id='word_1_146' title='bbox 2769 708 3060 771; x_wconf 79' lang='lat' dir='ltr'><strong>antequam</strong></span> <span class='ocrx_word' id='word_1_147' title='bbox 3085 716 3185 771; x_wconf 89' lang='lat' dir='ltr'><strong>per</strong></span> <span class='ocrx_word' id='word_1_148' title='bbox 3206 709 3426 759; x_wconf 57' lang='lat' dir='ltr'><strong>aetatem</strong></span> 
     </span>
    </p>
   </div>
   <div class='ocr_carea' id='block_1_22' title="bbox 1832 790 3424 862">
    <p class='ocr_par' dir='ltr' id='par_1_22' title="bbox 1832 790 3424 862">
     <span class='ocr_line' id='line_1_22' title="bbox 1832 790 3424 862; baseline 0.003 -19"><span class='ocrx_word' id='word_1_149' title='bbox 1832 790 2079 862; x_wconf 79' lang='lat' dir='ltr'><strong>corporis</strong></span> <span class='ocrx_word' id='word_1_150' title='bbox 2097 790 2265 846; x_wconf 85' lang='lat' dir='ltr'><strong>sciret</strong></span> <span class='ocrx_word' id='word_1_151' title='bbox 2286 806 2484 848; x_wconf 86' lang='lat' dir='ltr'><strong>vocare</strong></span> <span class='ocrx_word' id='word_1_152' title='bbox 2505 799 2715 862; x_wconf 84' lang='lat' dir='ltr'><strong>patrem</strong></span> <span class='ocrx_word' id='word_1_153' title='bbox 2754 801 2811 849; x_wconf 88' lang='lat' dir='ltr'><strong>et</strong></span> <span class='ocrx_word' id='word_1_154' title='bbox 2833 802 3061 850; x_wconf 81' lang='lat' dir='ltr'><strong>matrem</strong></span> <span class='ocrx_word' id='word_1_155' title='bbox 3084 809 3262 862; x_wconf 87' lang='lat' dir='ltr'><strong>suam,</strong></span> <span class='ocrx_word' id='word_1_156' title='bbox 3307 794 3424 850; x_wconf 81' lang='lat' dir='ltr'><strong>vir-</strong></span> 
     </span>
    </p>
   </div>
   <div class='ocr_carea' id='block_1_23' title="bbox 1834 883 3426 956">
    <p class='ocr_par' dir='ltr' id='par_1_23' title="bbox 1834 883 3426 956">
     <span class='ocr_line' id='line_1_23' title="bbox 1834 883 3426 956; baseline 0.001 -17"><span class='ocrx_word' id='word_1_157' title='bbox 1834 891 1978 939; x_wconf 87' lang='lat' dir='ltr'><strong>tutes</strong></span> <span class='ocrx_word' id='word_1_158' title='bbox 2005 897 2232 938; x_wconf 87' lang='lat' dir='ltr'><strong>munere</strong></span> <span class='ocrx_word' id='word_1_159' title='bbox 2258 883 2444 940; x_wconf 80' lang='lat' dir='ltr'><strong>divino</strong></span> <span class='ocrx_word' id='word_1_160' title='bbox 2469 896 2725 956; x_wconf 75' lang='lat' dir='ltr'><strong>operatus</strong></span> <span class='ocrx_word' id='word_1_161' title='bbox 2752 894 2874 951; x_wconf 87' lang='lat' dir='ltr'><strong>est;</strong></span> <span class='ocrx_word' id='word_1_162' title='bbox 2905 889 2997 956; x_wconf 85' lang='lat' dir='ltr'><strong>qui</strong></span> <span class='ocrx_word' id='word_1_163' title='bbox 3026 886 3128 941; x_wconf 90' lang='lat' dir='ltr'><strong>etsi</strong></span> <span class='ocrx_word' id='word_1_164' title='bbox 3158 894 3216 946; x_wconf 90' lang='lat' dir='ltr'><strong>ut</strong></span> <span class='ocrx_word' id='word_1_165' title='bbox 3260 885 3426 941; x_wconf 82' lang='lat' dir='ltr'><strong>homo</strong></span> 
     </span>
    </p>
   </div>
   <div class='ocr_carea' id='block_1_24' title="bbox 1834 973 3483 1051">
    <p class='ocr_par' dir='ltr' id='par_1_24' title="bbox 1834 973 3483 1051">
     <span class='ocr_line' id='line_1_24' title="bbox 1834 973 3483 1051; baseline 0.001 -19"><span class='ocrx_word' id='word_1_166' title='bbox 1834 975 1891 1032; x_wconf 88' lang='lat' dir='ltr'><strong>in</strong></span> <span class='ocrx_word' id='word_1_167' title='bbox 1914 973 2294 1046; x_wconf 76' lang='lat' dir='ltr'><strong>iniquitatibus</strong></span> <span class='ocrx_word' id='word_1_168' title='bbox 2313 987 2609 1046; x_wconf 83' lang='lat' dir='ltr'><strong>conceptus</strong></span> <span class='ocrx_word' id='word_1_169' title='bbox 2631 988 2737 1043; x_wconf 86' lang='lat' dir='ltr'><strong>cst,</strong></span> <span class='ocrx_word' id='word_1_170' title='bbox 2759 986 2953 1033; x_wconf 81' lang='lat' dir='ltr'><strong>contra</strong></span> <span class='ocrx_word' id='word_1_171' title='bbox 2995 993 3202 1036; x_wconf 88' lang='lat' dir='ltr'><strong>morem</strong></span> <span class='ocrx_word' id='word_1_172' title='bbox 3238 986 3424 1034; x_wconf 88' lang='lat' dir='ltr'><strong>tamen</strong></span> <span class='ocrx_word' id='word_1_173' title='bbox 3478 1046 3483 1051; x_wconf 18' lang='grc' dir='ltr'><strong>Δ</strong></span> 
     </span>
    </p>
   </div>
   <div class='ocr_carea' id='block_1_25' title="bbox 1833 1067 3428 1144">
    <p class='ocr_par' dir='ltr' id='par_1_25' title="bbox 1833 1067 3428 1144">
     <span class='ocr_line' id='line_1_25' title="bbox 1833 1067 3428 1144; baseline 0.003 -19"><span class='ocrx_word' id='word_1_174' title='bbox 1833 1067 2088 1125; x_wconf 69' lang='lat' dir='ltr'><strong>humana:</strong></span> <span class='ocrx_word' id='word_1_175' title='bbox 2109 1068 2462 1135; x_wconf 79' lang='lat' dir='ltr'><strong>conditionis,</strong></span> <span class='ocrx_word' id='word_1_176' title='bbox 2490 1086 2599 1125; x_wconf 89' lang='lat' dir='ltr'><strong>non</strong></span> <span class='ocrx_word' id='word_1_177' title='bbox 2623 1071 2678 1125; x_wconf 91' lang='lat' dir='ltr'><strong>in</strong></span> <span class='ocrx_word' id='word_1_178' title='bbox 2716 1070 2929 1127; x_wconf 88' lang='lat' dir='ltr'><strong>delictis</strong></span> <span class='ocrx_word' id='word_1_179' title='bbox 2955 1086 3081 1128; x_wconf 82' lang='lat' dir='ltr'><strong>eum</strong></span> <span class='ocrx_word' id='word_1_180' title='bbox 3104 1073 3428 1144; x_wconf 73' lang='lat' dir='ltr'><strong>praevarica—</strong></span> 
     </span>
    </p>
   </div>
   <div class='ocr_carea' id='block_1_26' title="bbox 1834 1158 3424 1237">
    <p class='ocr_par' dir='ltr' id='par_1_26' title="bbox 1834 1158 3424 1237">
     <span class='ocr_line' id='line_1_26' title="bbox 1834 1158 3424 1237; baseline 0.004 -22"><span class='ocrx_word' id='word_1_181' title='bbox 1834 1159 2021 1225; x_wconf 80' lang='lat' dir='ltr'><strong>tionis,</strong></span> <span class='ocrx_word' id='word_1_182' title='bbox 2051 1158 2149 1216; x_wconf 88' lang='lat' dir='ltr'><strong>sed</strong></span> <span class='ocrx_word' id='word_1_183' title='bbox 2176 1159 2232 1215; x_wconf 90' lang='lat' dir='ltr'><strong>in</strong></span> <span class='ocrx_word' id='word_1_184' title='bbox 2263 1160 2439 1231; x_wconf 87' lang='lat' dir='ltr'><strong>gratia</strong></span> <span class='ocrx_word' id='word_1_185' title='bbox 2466 1160 2827 1225; x_wconf 83' lang='lat' dir='ltr'><strong>remissionis,</strong></span> <span class='ocrx_word' id='word_1_186' title='bbox 2855 1172 3031 1218; x_wconf 85' lang='lat' dir='ltr'><strong>mater</strong></span> <span class='ocrx_word' id='word_1_187' title='bbox 3054 1179 3153 1219; x_wconf 81' lang='lat' dir='ltr'><strong>sua</strong></span> <span class='ocrx_word' id='word_1_188' title='bbox 3186 1166 3424 1237; x_wconf 85' lang='lat' dir='ltr'><strong>peperit.</strong></span> 
     </span>
    </p>
   </div>
   <div class='ocr_carea' id='block_1_27' title="bbox 1836 1249 3426 1323">
    <p class='ocr_par' dir='ltr' id='par_1_27' title="bbox 1836 1249 3426 1323">
     <span class='ocr_line' id='line_1_27' title="bbox 1836 1249 3426 1323; baseline 0.004 -19"><span class='ocrx_word' id='word_1_189' title='bbox 1836 1249 2025 1323; x_wconf 73' lang='lat' dir='ltr'><strong>Neque</strong></span> <span class='ocrx_word' id='word_1_190' title='bbox 2053 1253 2197 1308; x_wconf 86' lang='lat' dir='ltr'><strong>enim</strong></span> <span class='ocrx_word' id='word_1_191' title='bbox 2219 1251 2575 1307; x_wconf 77' lang='lat' dir='ltr'><strong>dubitandum</strong></span> <span class='ocrx_word' id='word_1_192' title='bbox 2607 1260 2716 1317; x_wconf 83' lang='lat' dir='ltr'><strong>est,</strong></span> <span class='ocrx_word' id='word_1_193' title='bbox 2744 1266 2872 1321; x_wconf 84' lang='lat' dir='ltr'><strong>quia</strong></span> <span class='ocrx_word' id='word_1_194' title='bbox 2917 1252 3152 1323; x_wconf 83' lang='lat' dir='ltr'><strong>Spiritus</strong></span> <span class='ocrx_word' id='word_1_195' title='bbox 3180 1266 3426 1319; x_wconf 86' lang='lat' dir='ltr'><strong>sanctus,</strong></span> 
     </span>
    </p>
   </div>
   <div class='ocr_carea' id='block_1_28' title="bbox 1835 1342 3441 1416">
    <p class='ocr_par' dir='ltr' id='par_1_28' title="bbox 1835 1342 3441 1416">
     <span class='ocr_line' id='line_1_28' title="bbox 1835 1342 3441 1416; baseline 0.003 -18"><span class='ocrx_word' id='word_1_196' title='bbox 1835 1344 1930 1414; x_wconf 81' lang='lat' dir='ltr'><strong>qui</strong></span> <span class='ocrx_word' id='word_1_197' title='bbox 1967 1359 2094 1399; x_wconf 87' lang='lat' dir='ltr'><strong>eum</strong></span> <span class='ocrx_word' id='word_1_198' title='bbox 2122 1343 2284 1399; x_wconf 83' lang='lat' dir='ltr'><strong>talem</strong></span> <span class='ocrx_word' id='word_1_199' title='bbox 2316 1342 2563 1399; x_wconf 72' lang='lat' dir='ltr'><strong>inuitum</strong></span> <span class='ocrx_word' id='word_1_200' title='bbox 2591 1343 2867 1413; x_wconf 68' lang='lat' dir='ltr'><strong>pradixit,</strong></span> <span class='ocrx_word' id='word_1_201' title='bbox 2913 1353 2971 1400; x_wconf 88' lang='lat' dir='ltr'><strong>et</strong></span> <span class='ocrx_word' id='word_1_202' title='bbox 2998 1345 3156 1416; x_wconf 87' lang='lat' dir='ltr'><strong>cujus</strong></span> <span class='ocrx_word' id='word_1_203' title='bbox 3204 1362 3441 1409; x_wconf 66' lang='lat' dir='ltr'><strong>munere</strong></span> 
     </span>
    </p>
   </div>
   <div class='ocr_carea' id='block_1_29' title="bbox 1837 1435 3431 1506">
    <p class='ocr_par' dir='ltr' id='par_1_29' title="bbox 1837 1435 3431 1506">
     <span class='ocr_line' id='line_1_29' title="bbox 1837 1435 3431 1506; baseline 0.004 -17"><span class='ocrx_word' id='word_1_204' title='bbox 1837 1447 2135 1506; x_wconf 87' lang='lat' dir='ltr'><strong>conceptus</strong></span> <span class='ocrx_word' id='word_1_205' title='bbox 2158 1435 2279 1500; x_wconf 78' lang='lat' dir='ltr'><strong>fuit,</strong></span> <span class='ocrx_word' id='word_1_206' title='bbox 2331 1436 2498 1491; x_wconf 82' lang='lat' dir='ltr'><strong>etiam</strong></span> <span class='ocrx_word' id='word_1_207' title='bbox 2546 1451 2577 1490; x_wconf 86' lang='lat' dir='ltr'><strong>a</strong></span> <span class='ocrx_word' id='word_1_208' title='bbox 2621 1437 2861 1506; x_wconf 82' lang='lat' dir='ltr'><strong>peccatis</strong></span> <span class='ocrx_word' id='word_1_209' title='bbox 2896 1436 3150 1495; x_wconf 75' lang='lat' dir='ltr'><strong>absolvit.</strong></span> <span class='ocrx_word' id='word_1_210' title='bbox 3204 1438 3431 1495; x_wconf 82' lang='lat' dir='ltr'><strong>Constat</strong></span> 
     </span>
    </p>
   </div>
   <div class='ocr_carea' id='block_1_30' title="bbox 1838 1525 3431 1602">
    <p class='ocr_par' dir='ltr' id='par_1_30' title="bbox 1838 1525 3431 1602">
     <span class='ocr_line' id='line_1_30' title="bbox 1838 1525 3431 1602; baseline 0.004 -22"><span class='ocrx_word' id='word_1_211' title='bbox 1838 1527 2038 1597; x_wconf 85' lang='lat' dir='ltr'><strong>quippe</strong></span> <span class='ocrx_word' id='word_1_212' title='bbox 2088 1527 2327 1582; x_wconf 77' lang='lat' dir='ltr'><strong>veridica</strong></span> <span class='ocrx_word' id='word_1_213' title='bbox 2376 1525 2601 1582; x_wconf 86' lang='lat' dir='ltr'><strong>Patrum</strong></span> <span class='ocrx_word' id='word_1_214' title='bbox 2648 1529 2937 1594; x_wconf 84' lang='lat' dir='ltr'><strong>sententia,</strong></span> <span class='ocrx_word' id='word_1_215' title='bbox 2984 1531 3113 1600; x_wconf 86' lang='lat' dir='ltr'><strong>quia</strong></span> <span class='ocrx_word' id='word_1_216' title='bbox 3160 1529 3278 1602; x_wconf 90' lang='lat' dir='ltr'><strong>lege</strong></span> <span class='ocrx_word' id='word_1_217' title='bbox 3323 1547 3431 1587; x_wconf 85' lang='lat' dir='ltr'><strong>non</strong></span> 
     </span>
    </p>
   </div>
   <div class='ocr_carea' id='block_1_31' title="bbox 1840 1615 3427 1691">
    <p class='ocr_par' dir='ltr' id='par_1_31' title="bbox 1840 1615 3427 1691">
     <span class='ocr_line' id='line_1_31' title="bbox 1840 1615 3427 1691; baseline 0.001 -17"><span class='ocrx_word' id='word_1_218' title='bbox 1840 1618 2233 1690; x_wconf 89' lang='lat' dir='ltr'><strong>constringitur</strong></span> <span class='ocrx_word' id='word_1_219' title='bbox 2270 1615 2509 1687; x_wconf 76' lang='lat' dir='ltr'><strong>Spiritus</strong></span> <span class='ocrx_word' id='word_1_220' title='bbox 2551 1619 2728 1674; x_wconf 83' lang='lat' dir='ltr'><strong>sancti</strong></span> <span class='ocrx_word' id='word_1_221' title='bbox 2778 1619 3002 1676; x_wconf 87' lang='lat' dir='ltr'><strong>donum.</strong></span> <span class='ocrx_word' id='word_1_222' title='bbox 3045 1619 3112 1675; x_wconf 88' lang='lat' dir='ltr'><strong>Et</strong></span> <span class='ocrx_word' id='word_1_223' title='bbox 3141 1627 3427 1691; x_wconf 70' lang='lat' dir='ltr'><strong>propterea</strong></span> 
     </span>
    </p>
   </div>
   <div class='ocr_carea' id='block_1_32' title="bbox 1841 1712 3430 1784">
    <p class='ocr_par' dir='ltr' id='par_1_32' title="bbox 1841 1712 3430 1784">
     <span class='ocr_line' id='line_1_32' title="bbox 1841 1712 3430 1784; baseline 0.004 -18"><span class='ocrx_word' id='word_1_224' title='bbox 1841 1713 1934 1783; x_wconf 89' lang='lat' dir='ltr'><strong>qui</strong></span> <span class='ocrx_word' id='word_1_225' title='bbox 1963 1712 2274 1773; x_wconf 83' lang='lat' dir='ltr'><strong>Cornelium</strong></span> <span class='ocrx_word' id='word_1_226' title='bbox 2309 1727 2375 1768; x_wconf 88' lang='lat' dir='ltr'><strong>ac</strong></span> <span class='ocrx_word' id='word_1_227' title='bbox 2427 1713 2645 1771; x_wconf 78' lang='lat' dir='ltr'><strong>domum</strong></span> <span class='ocrx_word' id='word_1_228' title='bbox 2691 1712 2810 1783; x_wconf 87' lang='lat' dir='ltr'><strong>ejus</strong></span> <span class='ocrx_word' id='word_1_229' title='bbox 2858 1725 2986 1770; x_wconf 82' lang='lat' dir='ltr'><strong>ante</strong></span> <span class='ocrx_word' id='word_1_230' title='bbox 3017 1716 3430 1784; x_wconf 77' lang='lat' dir='ltr'><strong>perceptionem</strong></span> 
     </span>
    </p>
   </div>
   <div class='ocr_carea' id='block_1_33' title="bbox 145 1803 3433 1894">
    <p class='ocr_par' dir='ltr' id='par_1_33' title="bbox 145 1803 3433 1894">
     <span class='ocr_line' id='line_1_33' title="bbox 145 1803 3433 1894; baseline -0.005 -16"><span class='ocrx_word' id='word_1_231' title='bbox 145 1803 283 1894; x_wconf 70' lang='lat' dir='ltr'><strong>filios</strong></span> <span class='ocrx_word' id='word_1_232' title='bbox 312 1826 763 1893; x_wconf 77' lang='lat' dir='ltr'><strong>interemptorum,</strong></span> <span class='ocrx_word' id='word_1_233' title='bbox 813 1826 871 1872; x_wconf 83' lang='lat' dir='ltr'><strong>ut</strong></span> <span class='ocrx_word' id='word_1_234' title='bbox 905 1815 1248 1871; x_wconf 62' lang='lat' dir='ltr'><strong>enuntietur</strong></span> <span class='ocrx_word' id='word_1_235' title='bbox 1286 1827 1474 1866; x_wconf 81' lang='lat' dir='ltr'><strong>nomen</strong></span> <span class='ocrx_word' id='word_1_236' title='bbox 1523 1809 1638 1879; x_wconf 78' lang='lat' dir='ltr'><strong>ejus</strong></span> <span class='ocrx_word' id='word_1_237' title='bbox 1682 1807 1739 1861; x_wconf 83' lang='lat' dir='ltr'><strong>in</strong></span> <span class='ocrx_word' id='word_1_238' title='bbox 1768 1803 1814 1863; x_wconf 81' lang='grc' dir='ltr'><strong>Β</strong></span> <span class='ocrx_word' id='word_1_239' title='bbox 1842 1805 2092 1876; x_wconf 88' lang='lat' dir='ltr'><strong>baptismi</strong></span> <span class='ocrx_word' id='word_1_240' title='bbox 2117 1823 2215 1863; x_wconf 88' lang='lat' dir='ltr'><strong>sua</strong></span> <span class='ocrx_word' id='word_1_241' title='bbox 2242 1808 2418 1879; x_wconf 85' lang='lat' dir='ltr'><strong>gratia</strong></span> <span class='ocrx_word' id='word_1_242' title='bbox 2439 1808 2781 1863; x_wconf 84' lang='lat' dir='ltr'><strong>consecravit</strong></span> <span class='ocrx_word' id='word_1_243' title='bbox 2808 1807 2947 1879; x_wconf 79' lang='lat' dir='ltr'><strong>(Act.</strong></span> <span class='ocrx_word' id='word_1_244' title='bbox 2994 1810 3078 1878; x_wconf 71' lang='grc' dir='ltr'>ι),</span> <span class='ocrx_word' id='word_1_245' title='bbox 3104 1808 3219 1879; x_wconf 87' lang='lat' dir='ltr'><strong>ipse</strong></span> <span class='ocrx_word' id='word_1_246' title='bbox 3243 1809 3433 1880; x_wconf 79' lang='lat' dir='ltr'><strong>utique</strong></span> 
     </span>
    </p>
   </div>
   <div class='ocr_carea' id='block_1_34' title="bbox 143 1907 1740 1989">
    <p class='ocr_par' dir='ltr' id='par_1_34' title="bbox 143 1907 1740 1989">
     <span class='ocr_line' id='line_1_34' title="bbox 143 1907 1740 1989; baseline -0.012 -15"><span class='ocrx_word' id='word_1_247' title='bbox 143 1917 403 1989; x_wconf 77' lang='lat' dir='ltr'><strong>gentibus,</strong></span> <span class='ocrx_word' id='word_1_248' title='bbox 432 1918 487 1969; x_wconf 81' lang='lat' dir='ltr'><strong>in</strong></span> <span class='ocrx_word' id='word_1_249' title='bbox 515 1910 865 1969; x_wconf 83' lang='lat' dir='ltr'><strong>conveniendo</strong></span> <span class='ocrx_word' id='word_1_250' title='bbox 884 1907 1103 1981; x_wconf 74' lang='lat' dir='ltr'><strong>populos</strong></span> <span class='ocrx_word' id='word_1_251' title='bbox 1130 1908 1187 1961; x_wconf 88' lang='lat' dir='ltr'><strong>in</strong></span> <span class='ocrx_word' id='word_1_252' title='bbox 1218 1921 1403 1971; x_wconf 80' lang='lat' dir='ltr'><strong>unum,</strong></span> <span class='ocrx_word' id='word_1_253' title='bbox 1433 1913 1480 1959; x_wconf 72' lang='lat' dir='ltr'><strong>et</strong></span> <span class='ocrx_word' id='word_1_254' title='bbox 1510 1918 1653 1974; x_wconf 79' lang='lat' dir='ltr'><strong>reges</strong></span> <span class='ocrx_word' id='word_1_255' title='bbox 1682 1911 1740 1956; x_wconf 86' lang='lat' dir='ltr'><strong>ut</strong></span> 
     </span>
    </p>
   </div>
   <div class='ocr_carea' id='block_1_35' title="bbox 142 1992 1743 2077">
    <p class='ocr_par' dir='ltr' id='par_1_35' title="bbox 142 1992 1743 2077">
     <span class='ocr_line' id='line_1_35' title="bbox 142 1992 1743 2077; baseline -0.013 -8"><span class='ocrx_word' id='word_1_256' title='bbox 142 2010 373 2069; x_wconf 60' lang='lat' dir='ltr'><strong>cert-iant</strong></span> <span class='ocrx_word' id='word_1_257' title='bbox 396 2007 442 2063; x_wconf 81' lang='lat' dir='ltr'><strong>ei</strong></span> <span class='ocrx_word' id='word_1_258' title='bbox 471 2004 645 2077; x_wconf 74' lang='lat' dir='ltr'><strong>(Paul.</strong></span> <span class='ocrx_word' id='word_1_259' title='bbox 677 2002 774 2075; x_wconf 84' lang='lat' dir='ltr'><strong>Ct).</strong></span> <span class='ocrx_word' id='word_1_260' title='bbox 803 2000 998 2059; x_wconf 87' lang='lat' dir='ltr'><strong>Cilinia</strong></span> <span class='ocrx_word' id='word_1_261' title='bbox 1032 2000 1091 2054; x_wconf 89' lang='lat' dir='ltr'><strong>in</strong></span> <span class='ocrx_word' id='word_1_262' title='bbox 1134 2007 1292 2055; x_wconf 87' lang='lat' dir='ltr'><strong>utero</strong></span> <span class='ocrx_word' id='word_1_263' title='bbox 1310 1995 1651 2066; x_wconf 83' lang='lat' dir='ltr'><strong>concipiens,</strong></span> <span class='ocrx_word' id='word_1_264' title='bbox 1687 1992 1743 2048; x_wconf 83' lang='lat' dir='ltr'><strong>ll-</strong></span> 
     </span>
    </p>
   </div>
   <div class='ocr_carea' id='block_1_36' title="bbox 144 2089 1742 2169">
    <p class='ocr_par' dir='ltr' id='par_1_36' title="bbox 144 2089 1742 2169">
     <span class='ocr_line' id='line_1_36' title="bbox 144 2089 1742 2169; baseline -0.009 -11"><span class='ocrx_word' id='word_1_265' title='bbox 144 2103 281 2159; x_wconf 85' lang='lat' dir='ltr'><strong>lium</strong></span> <span class='ocrx_word' id='word_1_266' title='bbox 311 2101 487 2169; x_wconf 85' lang='lat' dir='ltr'><strong>pariet</strong></span> <span class='ocrx_word' id='word_1_267' title='bbox 525 2098 743 2154; x_wconf 82' lang='lat' dir='ltr'><strong>nomine</strong></span> <span class='ocrx_word' id='word_1_268' title='bbox 773 2095 1098 2166; x_wconf 73' lang='lat' dir='ltr'><strong>Remigium,</strong></span> <span class='ocrx_word' id='word_1_269' title='bbox 1128 2092 1216 2148; x_wconf 92' lang='lat' dir='ltr'><strong>cui</strong></span> <span class='ocrx_word' id='word_1_270' title='bbox 1252 2109 1283 2148; x_wconf 75' lang='grc' dir='ltr'>,ι</span> <span class='ocrx_word' id='word_1_271' title='bbox 1327 2106 1415 2145; x_wconf 91' lang='lat' dir='ltr'><strong>me</strong></span> <span class='ocrx_word' id='word_1_272' title='bbox 1448 2089 1742 2144; x_wconf 84' lang='lat' dir='ltr'><strong>salvaudus</strong></span> 
     </span>
    </p>
   </div>
   <div class='ocr_carea' id='block_1_37' title="bbox 144 2181 1744 2265">
    <p class='ocr_par' dir='ltr' id='par_1_37' title="bbox 144 2181 1744 2265">
     <span class='ocr_line' id='line_1_37' title="bbox 144 2181 1744 2265; baseline -0.012 -12"><span class='ocrx_word' id='word_1_273' title='bbox 144 2191 381 2265; x_wconf 75' lang='lat' dir='ltr'><strong>populus</strong></span> <span class='ocrx_word' id='word_1_274' title='bbox 424 2190 814 2248; x_wconf 83' lang='lat' dir='ltr'><strong>committetur.</strong></span> <span class='ocrx_word' id='word_1_275' title='bbox 872 2186 1040 2242; x_wconf 85' lang='lat' dir='ltr'><strong>Beata</strong></span> <span class='ocrx_word' id='word_1_276' title='bbox 1095 2185 1362 2255; x_wconf 85' lang='lat' dir='ltr'><strong>siquidem</strong></span> <span class='ocrx_word' id='word_1_277' title='bbox 1394 2183 1609 2247; x_wconf 81' lang='lat' dir='ltr'><strong>Cilinia,</strong></span> <span class='ocrx_word' id='word_1_278' title='bbox 1661 2181 1744 2235; x_wconf 84' lang='lat' dir='ltr'><strong>in-</strong></span> 
     </span>
    </p>
   </div>
   <div class='ocr_carea' id='block_1_38' title="bbox 142 2268 1739 2353">
    <p class='ocr_par' dir='ltr' id='par_1_38' title="bbox 142 2268 1739 2353">
     <span class='ocr_line' id='line_1_38' title="bbox 142 2268 1739 2353; baseline -0.008 -16"><span class='ocrx_word' id='word_1_279' title='bbox 142 2291 297 2343; x_wconf 56' lang='lat' dir='ltr'><strong>tenta</strong></span> <span class='ocrx_word' id='word_1_280' title='bbox 315 2281 421 2353; x_wconf 87' lang='lat' dir='ltr'><strong>piis</strong></span> <span class='ocrx_word' id='word_1_281' title='bbox 444 2279 719 2351; x_wconf 77' lang='lat' dir='ltr'><strong>operibus,</strong></span> <span class='ocrx_word' id='word_1_282' title='bbox 749 2278 873 2334; x_wconf 90' lang='lat' dir='ltr'><strong>licet</strong></span> <span class='ocrx_word' id='word_1_283' title='bbox 891 2291 1118 2346; x_wconf 87' lang='lat' dir='ltr'><strong>corpore</strong></span> <span class='ocrx_word' id='word_1_284' title='bbox 1140 2268 1490 2330; x_wconf 54' lang='lat' dir='ltr'><strong>teneretur&#39;in</strong></span> <span class='ocrx_word' id='word_1_285' title='bbox 1520 2272 1739 2335; x_wconf 86' lang='lat' dir='ltr'><strong>mundo,</strong></span> 
     </span>
    </p>
   </div>
   <div class='ocr_carea' id='block_1_39' title="bbox 145 2364 1745 2435">
    <p class='ocr_par' dir='ltr' id='par_1_39' title="bbox 145 2364 1745 2435">
     <span class='ocr_line' id='line_1_39' title="bbox 145 2364 1745 2435; baseline -0.01 -2"><span class='ocrx_word' id='word_1_286' title='bbox 145 2382 331 2433; x_wconf 76' lang='lat' dir='ltr'><strong>mente</strong></span> <span class='ocrx_word' id='word_1_287' title='bbox 360 2372 786 2430; x_wconf 86' lang='lat' dir='ltr'><strong>convcrsabatur</strong></span> <span class='ocrx_word' id='word_1_288' title='bbox 815 2372 870 2425; x_wconf 92' lang='lat' dir='ltr'><strong>in</strong></span> <span class='ocrx_word' id='word_1_289' title='bbox 900 2369 1059 2426; x_wconf 60' lang='lat' dir='ltr'><strong>curio.</strong></span> <span class='ocrx_word' id='word_1_290' title='bbox 1086 2368 1217 2435; x_wconf 74' lang='lat' dir='ltr'><strong>Qua:</strong></span> <span class='ocrx_word' id='word_1_291' title='bbox 1249 2368 1301 2421; x_wconf 92' lang='lat' dir='ltr'><strong>in</strong></span> <span class='ocrx_word' id='word_1_292' title='bbox 1337 2365 1468 2420; x_wconf 84' lang='lat' dir='ltr'><strong>llore</strong></span> <span class='ocrx_word' id='word_1_293' title='bbox 1486 2364 1745 2433; x_wconf 84' lang='lat' dir='ltr'><strong>juventu-</strong></span> 
     </span>
    </p>
   </div>
   <div class='ocr_carea' id='block_1_40' title="bbox 147 2458 1741 2539">
    <p class='ocr_par' dir='ltr' id='par_1_40' title="bbox 147 2458 1741 2539">
     <span class='ocr_line' id='line_1_40' title="bbox 147 2458 1741 2539; baseline -0.01 -13"><span class='ocrx_word' id='word_1_294' title='bbox 147 2468 221 2531; x_wconf 74' lang='lat' dir='ltr'><strong>tis</strong></span> <span class='ocrx_word' id='word_1_295' title='bbox 249 2475 540 2539; x_wconf 74' lang='lat' dir='ltr'><strong>pepererat</strong></span> <span class='ocrx_word' id='word_1_296' title='bbox 569 2466 636 2520; x_wconf 88' lang='lat' dir='ltr'><strong>de</strong></span> <span class='ocrx_word' id='word_1_297' title='bbox 663 2466 824 2521; x_wconf 86' lang='lat' dir='ltr'><strong>unico</strong></span> <span class='ocrx_word' id='word_1_298' title='bbox 859 2463 981 2518; x_wconf 80' lang='lat' dir='ltr'><strong>viro</strong></span> <span class='ocrx_word' id='word_1_299' title='bbox 1007 2478 1109 2517; x_wconf 90' lang='lat' dir='ltr'><strong>suo</strong></span> <span class='ocrx_word' id='word_1_300' title='bbox 1137 2459 1359 2517; x_wconf 68' lang='grc' dir='ltr'><strong>Ᾱέιιιίιίο</strong></span> <span class='ocrx_word' id='word_1_301' title='bbox 1384 2458 1741 2528; x_wconf 81' lang='lat' dir='ltr'><strong>Principium,</strong></span> 
     </span>
    </p>
   </div>
   <div class='ocr_carea' id='block_1_41' title="bbox 144 2553 1745 2629">
    <p class='ocr_par' dir='ltr' id='par_1_41' title="bbox 144 2553 1745 2629">
     <span class='ocr_line' id='line_1_41' title="bbox 144 2553 1745 2629; baseline -0.009 -12"><span class='ocrx_word' id='word_1_302' title='bbox 144 2562 504 2618; x_wconf 80' lang='lat' dir='ltr'><strong>Suessionum</strong></span> <span class='ocrx_word' id='word_1_303' title='bbox 540 2559 777 2615; x_wconf 84' lang='lat' dir='ltr'><strong>civitatis</strong></span> <span class='ocrx_word' id='word_1_304' title='bbox 821 2566 1011 2629; x_wconf 86' lang='lat' dir='ltr'><strong>postea</strong></span> <span class='ocrx_word' id='word_1_305' title='bbox 1042 2562 1292 2611; x_wconf 90' lang='lat' dir='ltr'><strong>sanctum</strong></span> <span class='ocrx_word' id='word_1_306' title='bbox 1323 2553 1657 2623; x_wconf 85' lang='lat' dir='ltr'><strong>episcopum,</strong></span> <span class='ocrx_word' id='word_1_307' title='bbox 1689 2558 1745 2603; x_wconf 89' lang='lat' dir='ltr'><strong>et</strong></span> 
     </span>
    </p>
   </div>
   <div class='ocr_carea' id='block_1_42' title="bbox 147 2640 1745 2724">
    <p class='ocr_par' dir='ltr' id='par_1_42' title="bbox 147 2640 1745 2724">
     <span class='ocr_line' id='line_1_42' title="bbox 147 2640 1745 2724; baseline -0.009 -15"><span class='ocrx_word' id='word_1_308' title='bbox 147 2653 375 2709; x_wconf 79' lang='lat' dir='ltr'><strong>fratrem</strong></span> <span class='ocrx_word' id='word_1_309' title='bbox 417 2652 557 2724; x_wconf 79' lang='lat' dir='ltr'><strong>ejus,</strong></span> <span class='ocrx_word' id='word_1_310' title='bbox 591 2660 798 2721; x_wconf 86' lang='lat' dir='ltr'><strong>patrem</strong></span> <span class='ocrx_word' id='word_1_311' title='bbox 848 2647 991 2704; x_wconf 85' lang='lat' dir='ltr'><strong>beati</strong></span> <span class='ocrx_word' id='word_1_312' title='bbox 1044 2645 1179 2716; x_wconf 89' lang='lat' dir='ltr'><strong>Lupi</strong></span> <span class='ocrx_word' id='word_1_313' title='bbox 1211 2642 1449 2713; x_wconf 81' lang='lat' dir='ltr'><strong>episc0pi</strong></span> <span class='ocrx_word' id='word_1_314' title='bbox 1502 2640 1745 2709; x_wconf 78' lang='lat' dir='ltr'><strong>ejusdem</strong></span> 
     </span>
    </p>
   </div>
   <div class='ocr_carea' id='block_1_43' title="bbox 145 2732 1744 2816">
    <p class='ocr_par' dir='ltr' id='par_1_43' title="bbox 145 2732 1744 2816">
     <span class='ocr_line' id='line_1_43' title="bbox 145 2732 1744 2816; baseline -0.01 -15"><span class='ocrx_word' id='word_1_315' title='bbox 145 2746 409 2816; x_wconf 84' lang='lat' dir='ltr'><strong>Principii</strong></span> <span class='ocrx_word' id='word_1_316' title='bbox 451 2743 805 2807; x_wconf 85' lang='lat' dir='ltr'><strong>successoris,</strong></span> <span class='ocrx_word' id='word_1_317' title='bbox 843 2740 937 2810; x_wconf 89' lang='lat' dir='ltr'><strong>qui</strong></span> <span class='ocrx_word' id='word_1_318' title='bbox 964 2753 1139 2809; x_wconf 86' lang='lat' dir='ltr'><strong>usque</strong></span> <span class='ocrx_word' id='word_1_319' title='bbox 1180 2737 1249 2790; x_wconf 89' lang='lat' dir='ltr'><strong>ad</strong></span> <span class='ocrx_word' id='word_1_320' title='bbox 1296 2735 1485 2789; x_wconf 88' lang='lat' dir='ltr'><strong>ultima</strong></span> <span class='ocrx_word' id='word_1_321' title='bbox 1522 2732 1744 2803; x_wconf 79' lang='lat' dir='ltr'><strong>gloriosi</strong></span> 
     </span>
    </p>
   </div>
   <div class='ocr_carea' id='block_1_44' title="bbox 147 2824 1748 2909">
    <p class='ocr_par' dir='ltr' id='par_1_44' title="bbox 147 2824 1748 2909">
     <span class='ocr_line' id='line_1_44' title="bbox 147 2824 1748 2909; baseline -0.011 -14"><span class='ocrx_word' id='word_1_322' title='bbox 147 2837 384 2909; x_wconf 85' lang='lat' dir='ltr'><strong>Remigii</strong></span> <span class='ocrx_word' id='word_1_323' title='bbox 425 2847 669 2906; x_wconf 85' lang='lat' dir='ltr'><strong>tempora</strong></span> <span class='ocrx_word' id='word_1_324' title='bbox 706 2831 1013 2897; x_wconf 64' lang='lat' dir='ltr'><strong>sacerdotio</strong></span> <span class='ocrx_word' id='word_1_325' title='bbox 1049 2837 1133 2884; x_wconf 90' lang='lat' dir='ltr'><strong>est</strong></span> <span class='ocrx_word' id='word_1_326' title='bbox 1159 2826 1399 2892; x_wconf 77' lang='lat' dir='ltr'><strong>functus,</strong></span> <span class='ocrx_word' id='word_1_327' title='bbox 1429 2824 1616 2894; x_wconf 78' lang='lat' dir='ltr'><strong>sicque</strong></span> <span class='ocrx_word' id='word_1_328' title='bbox 1660 2824 1748 2879; x_wconf 63' lang='lat' dir='ltr'><strong>de</strong></span> 
     </span>
    </p>
   </div>
   <div class='ocr_carea' id='block_1_45' title="bbox 146 2936 1267 2991">
    <p class='ocr_par' dir='ltr' id='par_1_45' title="bbox 146 2936 1267 2991">
     <span class='ocr_line' id='line_1_45' title="bbox 146 2936 1267 2991; baseline -0.013 0"><span class='ocrx_word' id='word_1_329' title='bbox 146 2936 390 2991; x_wconf 74' lang='lat' dir='ltr'><strong>functus.</strong></span> <span class='ocrx_word' id='word_1_330' title='bbox 1262 2942 1267 2948; x_wconf 77' lang='grc'><strong>-</strong></span> 
     </span>
    </p>
   </div>
   <div class='ocr_carea' id='block_1_46' title="bbox 216 3016 1747 3084">
    <p class='ocr_par' dir='ltr' id='par_1_46' title="bbox 216 3016 1747 3084">
     <span class='ocr_line' id='line_1_46' title="bbox 216 3016 1747 3084; baseline -0.008 -2"><span class='ocrx_word' id='word_1_331' title='bbox 216 3027 303 3082; x_wconf 85' lang='grc'><strong>111.</strong></span> <span class='ocrx_word' id='word_1_332' title='bbox 347 3025 445 3083; x_wconf 76' lang='lat' dir='ltr'><strong>Vir</strong></span> <span class='ocrx_word' id='word_1_333' title='bbox 473 3037 498 3067; x_wconf 74' lang='grc' dir='ltr'>α</span> <span class='ocrx_word' id='word_1_334' title='bbox 523 3032 704 3078; x_wconf 88' lang='lat' dir='ltr'><strong>autem</strong></span> <span class='ocrx_word' id='word_1_335' title='bbox 733 3022 820 3077; x_wconf 90' lang='lat' dir='ltr'><strong>ille</strong></span> <span class='ocrx_word' id='word_1_336' title='bbox 848 3017 1192 3084; x_wconf 88' lang='lat' dir='ltr'><strong>venerabilis,</strong></span> <span class='ocrx_word' id='word_1_337' title='bbox 1238 3018 1383 3074; x_wconf 91' lang='lat' dir='ltr'><strong>inter</strong></span> <span class='ocrx_word' id='word_1_338' title='bbox 1428 3016 1570 3073; x_wconf 89' lang='lat' dir='ltr'><strong>illius</strong></span> <span class='ocrx_word' id='word_1_339' title='bbox 1615 3025 1747 3072; x_wconf 47' lang='lat' dir='ltr'><strong>tem,</strong></span> 
     </span>
    </p>
   </div>
   <div class='ocr_carea' id='block_1_47' title="bbox 147 3110 1740 3192">
    <p class='ocr_par' dir='ltr' id='par_1_47' title="bbox 147 3110 1740 3192">
     <span class='ocr_line' id='line_1_47' title="bbox 147 3110 1740 3192; baseline -0.008 -16"><span class='ocrx_word' id='word_1_340' title='bbox 147 3119 300 3192; x_wconf 83' lang='lat' dir='ltr'><strong>poris</strong></span> <span class='ocrx_word' id='word_1_341' title='bbox 332 3118 619 3174; x_wconf 75' lang='lat' dir='ltr'><strong>innumera</strong></span> <span class='ocrx_word' id='word_1_342' title='bbox 652 3113 893 3186; x_wconf 84' lang='lat' dir='ltr'><strong>pericula</strong></span> <span class='ocrx_word' id='word_1_343' title='bbox 922 3122 1069 3167; x_wconf 89' lang='lat' dir='ltr'><strong>tanta</strong></span> <span class='ocrx_word' id='word_1_344' title='bbox 1098 3110 1471 3168; x_wconf 67' lang='lat' dir='ltr'><strong>consolatione</strong></span> <span class='ocrx_word' id='word_1_345' title='bbox 1497 3121 1740 3181; x_wconf 80' lang='lat' dir='ltr'><strong>accepta,</strong></span> 
     </span>
    </p>
   </div>
   <div class='ocr_carea' id='block_1_48' title="bbox 146 3202 1738 3274">
    <p class='ocr_par' dir='ltr' id='par_1_48' title="bbox 146 3202 1738 3274">
     <span class='ocr_line' id='line_1_48' title="bbox 146 3202 1738 3274; baseline -0.008 -8"><span class='ocrx_word' id='word_1_346' title='bbox 146 3210 358 3266; x_wconf 69' lang='lat' dir='ltr'><strong>Uiliuize</strong></span> <span class='ocrx_word' id='word_1_347' title='bbox 400 3207 645 3265; x_wconf 82' lang='lat' dir='ltr'><strong>divinum</strong></span> <span class='ocrx_word' id='word_1_348' title='bbox 692 3203 995 3269; x_wconf 87' lang='lat' dir='ltr'><strong>oraculum,</strong></span> <span class='ocrx_word' id='word_1_349' title='bbox 1044 3203 1217 3274; x_wconf 85' lang='lat' dir='ltr'><strong>gratia</strong></span> <span class='ocrx_word' id='word_1_350' title='bbox 1261 3202 1358 3259; x_wconf 86' lang='lat' dir='ltr'><strong>Dei</strong></span> <span class='ocrx_word' id='word_1_351' title='bbox 1405 3210 1738 3272; x_wconf 83' lang='lat' dir='ltr'><strong>perceptum,</strong></span> 
     </span>
    </p>
   </div>
   <div class='ocr_carea' id='block_1_49' title="bbox 149 3294 1746 3363">
    <p class='ocr_par' dir='ltr' id='par_1_49' title="bbox 149 3294 1746 3363">
     <span class='ocr_line' id='line_1_49' title="bbox 149 3294 1746 3363; baseline -0.005 -8"><span class='ocrx_word' id='word_1_352' title='bbox 149 3301 408 3356; x_wconf 89' lang='lat' dir='ltr'><strong>innotuit.</strong></span> <span class='ocrx_word' id='word_1_353' title='bbox 439 3300 511 3355; x_wconf 86' lang='lat' dir='ltr'><strong>At</strong></span> <span class='ocrx_word' id='word_1_354' title='bbox 528 3299 620 3354; x_wconf 83' lang='lat' dir='ltr'><strong>illa</strong></span> <span class='ocrx_word' id='word_1_355' title='bbox 644 3297 778 3353; x_wconf 79' lang='lat' dir='ltr'><strong>dixit</strong></span> <span class='ocrx_word' id='word_1_356' title='bbox 806 3298 879 3352; x_wconf 80' lang='lat' dir='ltr'><strong>ad</strong></span> <span class='ocrx_word' id='word_1_357' title='bbox 901 3297 1217 3357; x_wconf 71' lang='lat' dir='ltr'><strong>Montanum</strong></span> <span class='ocrx_word' id='word_1_358' title='bbox 1248 3310 1263 3349; x_wconf 88' lang='lat'><strong>:</strong></span> <span class='ocrx_word' id='word_1_359' title='bbox 1296 3294 1581 3363; x_wconf 84' lang='lat' dir='ltr'><strong>Quomodo</strong></span> <span class='ocrx_word' id='word_1_360' title='bbox 1628 3294 1746 3348; x_wconf 77' lang='lat' dir='ltr'><strong>ﬁeri</strong></span> 
     </span>
    </p>
   </div>
   <div class='ocr_carea' id='block_1_50' title="bbox 150 3384 1746 3464">
    <p class='ocr_par' dir='ltr' id='par_1_50' title="bbox 150 3384 1746 3464">
     <span class='ocr_line' id='line_1_50' title="bbox 150 3384 1746 3464; baseline -0.008 -13"><span class='ocrx_word' id='word_1_361' title='bbox 150 3404 351 3464; x_wconf 85' lang='lat' dir='ltr'><strong>potest,</strong></span> <span class='ocrx_word' id='word_1_362' title='bbox 389 3403 449 3449; x_wconf 89' lang='lat' dir='ltr'><strong>ut</strong></span> <span class='ocrx_word' id='word_1_363' title='bbox 488 3408 626 3448; x_wconf 88' lang='lat' dir='ltr'><strong>auus</strong></span> <span class='ocrx_word' id='word_1_364' title='bbox 650 3391 846 3455; x_wconf 78' lang='lat' dir='ltr'><strong>lactem</strong></span> <span class='ocrx_word' id='word_1_365' title='bbox 877 3390 1069 3454; x_wconf 83' lang='lat' dir='ltr'><strong>tilium,</strong></span> <span class='ocrx_word' id='word_1_366' title='bbox 1098 3403 1221 3443; x_wconf 89' lang='lat' dir='ltr'><strong>cum</strong></span> <span class='ocrx_word' id='word_1_367' title='bbox 1247 3388 1379 3443; x_wconf 83' lang='lat' dir='ltr'><strong>mini</strong></span> <span class='ocrx_word' id='word_1_368' title='bbox 1418 3402 1449 3443; x_wconf 90' lang='lat' dir='ltr'><strong>a</strong></span> <span class='ocrx_word' id='word_1_369' title='bbox 1488 3384 1746 3455; x_wconf 79' lang='lat' dir='ltr'><strong>tempori-</strong></span> 
     </span>
    </p>
   </div>
   <div class='ocr_carea' id='block_1_51' title="bbox 126 3479 1746 3547">
    <p class='ocr_par' dir='ltr' id='par_1_51' title="bbox 126 3479 1746 3547">
     <span class='ocr_line' id='line_1_51' title="bbox 126 3479 1746 3547; baseline -0.004 -9"><span class='ocrx_word' id='word_1_370' title='bbox 126 3488 254 3542; x_wconf 56' lang='lat' dir='ltr'><strong>~lius</strong></span> <span class='ocrx_word' id='word_1_371' title='bbox 279 3487 374 3541; x_wconf 88' lang='lat' dir='ltr'><strong>diu</strong></span> <span class='ocrx_word' id='word_1_372' title='bbox 401 3485 695 3547; x_wconf 82' lang='lat' dir='ltr'><strong>transactis</strong></span> <span class='ocrx_word' id='word_1_373' title='bbox 721 3483 1007 3539; x_wconf 83' lang='lat' dir='ltr'><strong>muliebria</strong></span> <span class='ocrx_word' id='word_1_374' title='bbox 1035 3479 1355 3544; x_wconf 80' lang='lat' dir='ltr'><strong>defecerint,</strong></span> <span class='ocrx_word' id='word_1_375' title='bbox 1402 3488 1456 3535; x_wconf 93' lang='lat' dir='ltr'><strong>et</strong></span> <span class='ocrx_word' id='word_1_376' title='bbox 1482 3479 1564 3534; x_wconf 73' lang='lat' dir='ltr'><strong>vir</strong></span> <span class='ocrx_word' id='word_1_377' title='bbox 1592 3491 1746 3532; x_wconf 78' lang='lat' dir='ltr'><strong>meus</strong></span> 
     </span>
    </p>
   </div>
   <div class='ocr_carea' id='block_1_52' title="bbox 149 3566 1749 3641">
    <p class='ocr_par' dir='ltr' id='par_1_52' title="bbox 149 3566 1749 3641">
     <span class='ocr_line' id='line_1_52' title="bbox 149 3566 1749 3641; baseline -0.008 -9"><span class='ocrx_word' id='word_1_378' title='bbox 149 3576 415 3632; x_wconf 62' lang='lat' dir='ltr'><strong>JEmilius</strong></span> <span class='ocrx_word' id='word_1_379' title='bbox 441 3576 653 3632; x_wconf 87' lang='lat' dir='ltr'><strong>vetulus</strong></span> <span class='ocrx_word' id='word_1_380' title='bbox 678 3575 771 3639; x_wconf 87' lang='lat' dir='ltr'><strong>sit,</strong></span> <span class='ocrx_word' id='word_1_381' title='bbox 805 3591 869 3628; x_wconf 84' lang='lat' dir='ltr'><strong>ac</strong></span> <span class='ocrx_word' id='word_1_382' title='bbox 898 3574 952 3627; x_wconf 89' lang='lat' dir='ltr'><strong>iu</strong></span> <span class='ocrx_word' id='word_1_383' title='bbox 984 3587 1163 3627; x_wconf 81' lang='lat' dir='ltr'><strong>aevoso</strong></span> <span class='ocrx_word' id='word_1_384' title='bbox 1193 3571 1312 3641; x_wconf 87' lang='lat' dir='ltr'><strong>ejus</strong></span> <span class='ocrx_word' id='word_1_385' title='bbox 1339 3584 1568 3639; x_wconf 88' lang='lat' dir='ltr'><strong>corpore</strong></span> <span class='ocrx_word' id='word_1_386' title='bbox 1602 3566 1749 3637; x_wconf 73' lang='lat' dir='ltr'><strong>frigi-</strong></span> 
     </span>
    </p>
   </div>
   <div class='ocr_carea' id='block_1_53' title="bbox 153 3659 1748 3733">
    <p class='ocr_par' dir='ltr' id='par_1_53' title="bbox 153 3659 1748 3733">
     <span class='ocr_line' id='line_1_53' title="bbox 153 3659 1748 3733; baseline -0.005 -12"><span class='ocrx_word' id='word_1_387' title='bbox 153 3671 257 3722; x_wconf 88' lang='lat' dir='ltr'><strong>dus</strong></span> <span class='ocrx_word' id='word_1_388' title='bbox 282 3677 464 3723; x_wconf 76' lang='lat' dir='ltr'><strong>exstet</strong></span> <span class='ocrx_word' id='word_1_389' title='bbox 496 3667 706 3721; x_wconf 85' lang='lat' dir='ltr'><strong>circum</strong></span> <span class='ocrx_word' id='word_1_390' title='bbox 746 3664 1044 3733; x_wconf 66' lang='lat' dir='ltr'><strong>primordia</strong></span> <span class='ocrx_word' id='word_1_391' title='bbox 1074 3666 1314 3731; x_wconf 81' lang='lat' dir='ltr'><strong>sanguis,</strong></span> <span class='ocrx_word' id='word_1_392' title='bbox 1356 3671 1412 3716; x_wconf 91' lang='lat' dir='ltr'><strong>et</strong></span> <span class='ocrx_word' id='word_1_393' title='bbox 1456 3659 1748 3729; x_wconf 80' lang='lat' dir='ltr'><strong>voluptatis</strong></span> 
     </span>
    </p>
   </div>
   <div class='ocr_carea' id='block_1_54' title="bbox 151 3751 1749 3831">
    <p class='ocr_par' dir='ltr' id='par_1_54' title="bbox 151 3751 1749 3831">
     <span class='ocr_line' id='line_1_54' title="bbox 151 3751 1749 3831; baseline -0.004 -18"><span class='ocrx_word' id='word_1_394' title='bbox 151 3774 323 3829; x_wconf 79' lang='lat' dir='ltr'><strong>Opera</strong></span> <span class='ocrx_word' id='word_1_395' title='bbox 365 3760 423 3814; x_wconf 88' lang='lat' dir='ltr'><strong>in</strong></span> <span class='ocrx_word' id='word_1_396' title='bbox 451 3774 518 3815; x_wconf 89' lang='lat' dir='ltr'><strong>eo</strong></span> <span class='ocrx_word' id='word_1_397' title='bbox 541 3756 756 3828; x_wconf 87' lang='lat' dir='ltr'><strong>penitus</strong></span> <span class='ocrx_word' id='word_1_398' title='bbox 788 3753 1195 3810; x_wconf 83' lang='lat' dir='ltr'><strong>emarcuerint?</strong></span> <span class='ocrx_word' id='word_1_399' title='bbox 1225 3761 1381 3831; x_wconf 73' lang='lat' dir='ltr'><strong>erant</strong></span> <span class='ocrx_word' id='word_1_400' title='bbox 1404 3752 1550 3806; x_wconf 85' lang='lat' dir='ltr'><strong>enim</strong></span> <span class='ocrx_word' id='word_1_401' title='bbox 1588 3751 1749 3806; x_wconf 83' lang='lat' dir='ltr'><strong>ambo</strong></span> 
     </span>
    </p>
   </div>
   <div class='ocr_carea' id='block_1_55' title="bbox 152 3843 1746 3922">
    <p class='ocr_par' dir='ltr' id='par_1_55' title="bbox 152 3843 1746 3922">
     <span class='ocr_line' id='line_1_55' title="bbox 152 3843 1746 3922; baseline -0.006 -16"><span class='ocrx_word' id='word_1_402' title='bbox 152 3866 359 3922; x_wconf 77' lang='lat' dir='ltr'><strong>genere</strong></span> <span class='ocrx_word' id='word_1_403' title='bbox 397 3850 625 3915; x_wconf 85' lang='lat' dir='ltr'><strong>nobiles,</strong></span> <span class='ocrx_word' id='word_1_404' title='bbox 653 3858 710 3903; x_wconf 86' lang='lat' dir='ltr'><strong>et</strong></span> <span class='ocrx_word' id='word_1_405' title='bbox 751 3848 926 3920; x_wconf 84' lang='lat' dir='ltr'><strong>gratia</strong></span> <span class='ocrx_word' id='word_1_406' title='bbox 956 3846 1100 3902; x_wconf 85' lang='lat' dir='ltr'><strong>inter</strong></span> <span class='ocrx_word' id='word_1_407' title='bbox 1139 3860 1268 3901; x_wconf 85' lang='lat' dir='ltr'><strong>suos</strong></span> <span class='ocrx_word' id='word_1_408' title='bbox 1304 3843 1746 3899; x_wconf 83' lang='lat' dir='ltr'><strong>nominatissimi.</strong></span> 
     </span>
    </p>
   </div>
   <div class='ocr_carea' id='block_1_56' title="bbox 153 3935 1751 4013">
    <p class='ocr_par' dir='ltr' id='par_1_56' title="bbox 153 3935 1751 4013">
     <span class='ocr_line' id='line_1_56' title="bbox 153 3935 1751 4013; baseline -0.005 -15"><span class='ocrx_word' id='word_1_409' title='bbox 153 3943 224 3998; x_wconf 73' lang='lat' dir='ltr'><strong>Et</strong></span> <span class='ocrx_word' id='word_1_410' title='bbox 262 3944 389 4013; x_wconf 84' lang='lat' dir='ltr'><strong>quia</strong></span> <span class='ocrx_word' id='word_1_411' title='bbox 418 3942 715 3997; x_wconf 86' lang='lat' dir='ltr'><strong>liberorum</strong></span> <span class='ocrx_word' id='word_1_412' title='bbox 760 3947 1016 4011; x_wconf 89' lang='lat' dir='ltr'><strong>parentes</strong></span> <span class='ocrx_word' id='word_1_413' title='bbox 1043 3946 1423 4007; x_wconf 77' lang='lat' dir='ltr'><strong>processerant</strong></span> <span class='ocrx_word' id='word_1_414' title='bbox 1459 3936 1512 3990; x_wconf 93' lang='lat' dir='ltr'><strong>in</strong></span> <span class='ocrx_word' id='word_1_415' title='bbox 1559 3935 1751 3991; x_wconf 87' lang='lat' dir='ltr'><strong>diebus</strong></span> 
     </span>
    </p>
   </div>
   <div class='ocr_carea' id='block_1_57' title="bbox 154 4024 1752 4100">
    <p class='ocr_par' dir='ltr' id='par_1_57' title="bbox 154 4024 1752 4100">
     <span class='ocr_line' id='line_1_57' title="bbox 154 4024 1752 4100; baseline -0.004 -12"><span class='ocrx_word' id='word_1_416' title='bbox 154 4035 371 4099; x_wconf 83' lang='lat' dir='ltr'><strong>multis,</strong></span> <span class='ocrx_word' id='word_1_417' title='bbox 400 4032 587 4098; x_wconf 77' lang='lat' dir='ltr'><strong>ell‘eti,</strong></span> <span class='ocrx_word' id='word_1_418' title='bbox 641 4040 699 4086; x_wconf 90' lang='lat' dir='ltr'><strong>et</strong></span> <span class='ocrx_word' id='word_1_419' title='bbox 741 4044 907 4086; x_wconf 86' lang='lat' dir='ltr'><strong>carne</strong></span> <span class='ocrx_word' id='word_1_420' title='bbox 954 4030 1066 4100; x_wconf 86' lang='lat' dir='ltr'><strong>jam</strong></span> <span class='ocrx_word' id='word_1_421' title='bbox 1116 4027 1410 4093; x_wconf 79' lang='lat' dir='ltr'><strong>infecundi,</strong></span> <span class='ocrx_word' id='word_1_422' title='bbox 1468 4024 1752 4094; x_wconf 86' lang='lat' dir='ltr'><strong>conjugale</strong></span> 
     </span>
    </p>
   </div>
   <div class='ocr_carea' id='block_1_58' title="bbox 156 4117 1752 4194">
    <p class='ocr_par' dir='ltr' id='par_1_58' title="bbox 156 4117 1752 4194">
     <span class='ocr_line' id='line_1_58' title="bbox 156 4117 1752 4194; baseline -0.003 -15"><span class='ocrx_word' id='word_1_423' title='bbox 156 4126 552 4180; x_wconf 84' lang='lat' dir='ltr'><strong>commercium</strong></span> <span class='ocrx_word' id='word_1_424' title='bbox 589 4139 700 4180; x_wconf 88' lang='lat' dir='ltr'><strong>non</strong></span> <span class='ocrx_word' id='word_1_425' title='bbox 728 4123 1067 4194; x_wconf 65' lang='lat' dir='ltr'><strong>quaerebant,</strong></span> <span class='ocrx_word' id='word_1_426' title='bbox 1117 4135 1218 4175; x_wconf 86' lang='lat' dir='ltr'><strong>nec</strong></span> <span class='ocrx_word' id='word_1_427' title='bbox 1246 4120 1326 4174; x_wconf 89' lang='lat' dir='ltr'><strong>eis</strong></span> <span class='ocrx_word' id='word_1_428' title='bbox 1352 4134 1477 4189; x_wconf 90' lang='lat' dir='ltr'><strong>spes</strong></span> <span class='ocrx_word' id='word_1_429' title='bbox 1504 4117 1645 4172; x_wconf 87' lang='lat' dir='ltr'><strong>ultra</strong></span> <span class='ocrx_word' id='word_1_430' title='bbox 1668 4118 1752 4174; x_wconf 79' lang='lat' dir='ltr'><strong>vel</strong></span> 
     </span>
    </p>
   </div>
   <div class='ocr_carea' id='block_1_59' title="bbox 152 4212 1756 4291">
    <p class='ocr_par' dir='ltr' id='par_1_59' title="bbox 152 4212 1756 4291">
     <span class='ocr_line' id='line_1_59' title="bbox 152 4212 1756 4291; baseline -0.002 -20"><span class='ocrx_word' id='word_1_431' title='bbox 152 4219 438 4289; x_wconf 87' lang='lat' dir='ltr'><strong>appetitus</strong></span> <span class='ocrx_word' id='word_1_432' title='bbox 457 4218 754 4291; x_wconf 87' lang='lat' dir='ltr'><strong>generandi</strong></span> <span class='ocrx_word' id='word_1_433' title='bbox 777 4217 1017 4273; x_wconf 89' lang='lat' dir='ltr'><strong>sobolem</strong></span> <span class='ocrx_word' id='word_1_434' title='bbox 1031 4216 1231 4270; x_wconf 89' lang='lat' dir='ltr'><strong>inerat.</strong></span> <span class='ocrx_word' id='word_1_435' title='bbox 1262 4213 1359 4270; x_wconf 90' lang='lat' dir='ltr'><strong>Cui</strong></span> <span class='ocrx_word' id='word_1_436' title='bbox 1385 4215 1576 4270; x_wconf 90' lang='lat' dir='ltr'><strong>beatus</strong></span> <span class='ocrx_word' id='word_1_437' title='bbox 1606 4212 1756 4268; x_wconf 79' lang='lat' dir='ltr'><strong>Mon-</strong></span> 
     </span>
    </p>
   </div>
   <div class='ocr_carea' id='block_1_60' title="bbox 158 4308 1753 4385">
    <p class='ocr_par' dir='ltr' id='par_1_60' title="bbox 158 4308 1753 4385">
     <span class='ocr_line' id='line_1_60' title="bbox 158 4308 1753 4385; baseline -0.002 -21"><span class='ocrx_word' id='word_1_438' title='bbox 158 4320 324 4369; x_wconf 82' lang='lat' dir='ltr'><strong>tanus</strong></span> <span class='ocrx_word' id='word_1_439' title='bbox 354 4313 633 4385; x_wconf 89' lang='lat' dir='ltr'><strong>respondit</strong></span> <span class='ocrx_word' id='word_1_440' title='bbox 662 4332 675 4368; x_wconf 94' lang='lat'><strong>:</strong></span> <span class='ocrx_word' id='word_1_441' title='bbox 707 4313 882 4377; x_wconf 86' lang='lat' dir='ltr'><strong>Scias,</strong></span> <span class='ocrx_word' id='word_1_442' title='bbox 909 4312 1037 4382; x_wconf 88' lang='lat' dir='ltr'><strong>quia</strong></span> <span class='ocrx_word' id='word_1_443' title='bbox 1075 4326 1199 4367; x_wconf 90' lang='lat' dir='ltr'><strong>cum</strong></span> <span class='ocrx_word' id='word_1_444' title='bbox 1235 4308 1595 4365; x_wconf 81' lang='lat' dir='ltr'><strong>ablactaveris</strong></span> <span class='ocrx_word' id='word_1_445' title='bbox 1620 4321 1753 4378; x_wconf 84' lang='lat' dir='ltr'><strong>pue-</strong></span> 
     </span>
    </p>
   </div>
   <div class='ocr_carea' id='block_1_61' title="bbox 157 4402 1751 4479">
    <p class='ocr_par' dir='ltr' id='par_1_61' title="bbox 157 4402 1751 4479">
     <span class='ocr_line' id='line_1_61' title="bbox 157 4402 1751 4479; baseline -0.003 -19"><span class='ocrx_word' id='word_1_446' title='bbox 157 4419 285 4460; x_wconf 87' lang='lat' dir='ltr'><strong>rum</strong></span> <span class='ocrx_word' id='word_1_447' title='bbox 314 4407 641 4479; x_wconf 79' lang='lat' dir='ltr'><strong>Remigium,</strong></span> <span class='ocrx_word' id='word_1_448' title='bbox 694 4407 762 4463; x_wconf 90' lang='lat' dir='ltr'><strong>de</strong></span> <span class='ocrx_word' id='word_1_449' title='bbox 794 4406 935 4461; x_wconf 91' lang='lat' dir='ltr'><strong>lacte</strong></span> <span class='ocrx_word' id='word_1_450' title='bbox 967 4413 1059 4460; x_wconf 90' lang='lat' dir='ltr'><strong>tuo</strong></span> <span class='ocrx_word' id='word_1_451' title='bbox 1079 4419 1351 4475; x_wconf 82' lang='lat' dir='ltr'><strong>perunges</strong></span> <span class='ocrx_word' id='word_1_452' title='bbox 1370 4402 1556 4457; x_wconf 86' lang='lat' dir='ltr'><strong>oculos</strong></span> <span class='ocrx_word' id='word_1_453' title='bbox 1581 4414 1751 4466; x_wconf 89' lang='lat' dir='ltr'><strong>meos,</strong></span> 
     </span>
    </p>
   </div>
   <div class='ocr_carea' id='block_1_62' title="bbox 1844 1897 3437 1971">
    <p class='ocr_par' dir='ltr' id='par_1_62' title="bbox 1844 1897 3437 1971">
     <span class='ocr_line' id='line_1_62' title="bbox 1844 1897 3437 1971; baseline 0.002 -16"><span class='ocrx_word' id='word_1_454' title='bbox 1844 1898 2059 1955; x_wconf 87' lang='lat' dir='ltr'><strong>beatum</strong></span> <span class='ocrx_word' id='word_1_455' title='bbox 2092 1897 2421 1970; x_wconf 80' lang='lat' dir='ltr'><strong>Remigium,</strong></span> <span class='ocrx_word' id='word_1_456' title='bbox 2449 1914 2556 1955; x_wconf 90' lang='lat' dir='ltr'><strong>non</strong></span> <span class='ocrx_word' id='word_1_457' title='bbox 2583 1899 2757 1956; x_wconf 86' lang='lat' dir='ltr'><strong>solum</strong></span> <span class='ocrx_word' id='word_1_458' title='bbox 2801 1909 2931 1956; x_wconf 81' lang='lat' dir='ltr'><strong>ante</strong></span> <span class='ocrx_word' id='word_1_459' title='bbox 2956 1901 3306 1971; x_wconf 86' lang='lat' dir='ltr'><strong>baptismum,</strong></span> <span class='ocrx_word' id='word_1_460' title='bbox 3337 1904 3437 1958; x_wconf 87' lang='lat' dir='ltr'><strong>sed</strong></span> 
     </span>
    </p>
   </div>
   <div class='ocr_carea' id='block_1_63' title="bbox 1843 1990 3438 2063">
    <p class='ocr_par' dir='ltr' id='par_1_63' title="bbox 1843 1990 3438 2063">
     <span class='ocr_line' id='line_1_63' title="bbox 1843 1990 3438 2063; baseline 0.003 -19"><span class='ocrx_word' id='word_1_461' title='bbox 1843 1990 2010 2045; x_wconf 85' lang='lat' dir='ltr'><strong>etiam</strong></span> <span class='ocrx_word' id='word_1_462' title='bbox 2031 1999 2159 2046; x_wconf 85' lang='lat' dir='ltr'><strong>ante</strong></span> <span class='ocrx_word' id='word_1_463' title='bbox 2183 1992 2523 2047; x_wconf 70' lang='lat' dir='ltr'><strong>nativitatem</strong></span> <span class='ocrx_word' id='word_1_464' title='bbox 2561 1991 2805 2063; x_wconf 77' lang='lat' dir='ltr'><strong>ejusdem</strong></span> <span class='ocrx_word' id='word_1_465' title='bbox 2833 1992 3027 2063; x_wconf 63' lang='lat' dir='ltr'><strong>gratia</strong></span> <span class='ocrx_word' id='word_1_466' title='bbox 3056 2007 3280 2049; x_wconf 86' lang='lat' dir='ltr'><strong>munere</strong></span> <span class='ocrx_word' id='word_1_467' title='bbox 3313 1992 3438 2063; x_wconf 79' lang='lat' dir='ltr'><strong>pcr-</strong></span> 
     </span>
    </p>
   </div>
   <div class='ocr_carea' id='block_1_64' title="bbox 1844 2080 3437 2140">
    <p class='ocr_par' dir='ltr' id='par_1_64' title="bbox 1844 2080 3437 2140">
     <span class='ocr_line' id='line_1_64' title="bbox 1844 2080 3437 2140; baseline 0.001 -4"><span class='ocrx_word' id='word_1_468' title='bbox 1844 2080 2004 2137; x_wconf 63' lang='lat' dir='ltr'><strong>indit.</strong></span> <span class='ocrx_word' id='word_1_469' title='bbox 2030 2080 2197 2139; x_wconf 82' lang='lat' dir='ltr'><strong>Ortus</strong></span> <span class='ocrx_word' id='word_1_470' title='bbox 2229 2091 2316 2138; x_wconf 85' lang='lat' dir='ltr'><strong>est</strong></span> <span class='ocrx_word' id='word_1_471' title='bbox 2347 2091 2531 2138; x_wconf 74' lang='lat' dir='ltr'><strong>autem</strong></span> <span class='ocrx_word' id='word_1_472' title='bbox 2573 2099 2640 2139; x_wconf 69' lang='lat' dir='ltr'><strong>ea</strong></span> <span class='ocrx_word' id='word_1_473' title='bbox 2671 2099 2777 2139; x_wconf 85' lang='lat' dir='ltr'><strong>anu</strong></span> <span class='ocrx_word' id='word_1_474' title='bbox 2818 2090 2879 2139; x_wconf 89' lang='lat' dir='ltr'><strong>et</strong></span> <span class='ocrx_word' id='word_1_475' title='bbox 2900 2083 3089 2140; x_wconf 75' lang='lat' dir='ltr'><strong>vetulo</strong></span> <span class='ocrx_word' id='word_1_476' title='bbox 3113 2084 3203 2139; x_wconf 82' lang='lat' dir='ltr'><strong>diu</strong></span> <span class='ocrx_word' id='word_1_477' title='bbox 3235 2085 3437 2138; x_wconf 76' lang='lat' dir='ltr'><strong>sterili-</strong></span> 
     </span>
    </p>
   </div>
   <div class='ocr_carea' id='block_1_65' title="bbox 1844 2173 3434 2250">
    <p class='ocr_par' dir='ltr' id='par_1_65' title="bbox 1844 2173 3434 2250">
     <span class='ocr_line' id='line_1_65' title="bbox 1844 2173 3434 2250; baseline 0.001 -19"><span class='ocrx_word' id='word_1_478' title='bbox 1844 2173 1948 2231; x_wconf 84' lang='lat' dir='ltr'><strong>bus</strong></span> <span class='ocrx_word' id='word_1_479' title='bbox 1969 2188 2067 2244; x_wconf 89' lang='lat' dir='ltr'><strong>per</strong></span> <span class='ocrx_word' id='word_1_480' title='bbox 2092 2176 2588 2246; x_wconf 67' lang='lat' dir='ltr'><strong>repromissionem,</strong></span> <span class='ocrx_word' id='word_1_481' title='bbox 2611 2186 2665 2233; x_wconf 80' lang='lat' dir='ltr'><strong>at</strong></span> <span class='ocrx_word' id='word_1_482' title='bbox 2685 2176 2836 2233; x_wconf 62' lang='lat' dir='ltr'><strong>haec</strong></span> <span class='ocrx_word' id='word_1_483' title='bbox 2861 2174 3017 2249; x_wconf 77' lang='lat' dir='ltr'><strong>(Gen.</strong></span> <span class='ocrx_word' id='word_1_484' title='bbox 3042 2177 3178 2250; x_wconf 76' lang='lat' dir='ltr'><strong>xvii)</strong></span> <span class='ocrx_word' id='word_1_485' title='bbox 3203 2189 3259 2234; x_wconf 82' lang='lat' dir='ltr'><strong>et</strong></span> <span class='ocrx_word' id='word_1_486' title='bbox 3271 2177 3434 2234; x_wconf 73' lang='lat' dir='ltr'><strong>Joan~</strong></span> 
     </span>
    </p>
   </div>
   <div class='ocr_carea' id='block_1_66' title="bbox 1846 2266 3436 2340">
    <p class='ocr_par' dir='ltr' id='par_1_66' title="bbox 1846 2266 3436 2340">
     <span class='ocr_line' id='line_1_66' title="bbox 1846 2266 3436 2340; baseline 0.003 -18"><span class='ocrx_word' id='word_1_487' title='bbox 1846 2282 1948 2322; x_wconf 80' lang='lat' dir='ltr'><strong>nes</strong></span> <span class='ocrx_word' id='word_1_488' title='bbox 1970 2266 2124 2338; x_wconf 76' lang='lat' dir='ltr'><strong>(Luc.</strong></span> <span class='ocrx_word' id='word_1_489' title='bbox 2168 2268 2232 2338; x_wconf 80' lang='grc' dir='ltr'>ι),</span> <span class='ocrx_word' id='word_1_490' title='bbox 2268 2268 2354 2323; x_wconf 69' lang='lat' dir='ltr'><strong>vir</strong></span> <span class='ocrx_word' id='word_1_491' title='bbox 2386 2268 2491 2324; x_wconf 81' lang='lat' dir='ltr'><strong>iste</strong></span> <span class='ocrx_word' id='word_1_492' title='bbox 2520 2278 2759 2335; x_wconf 70' lang='lat' dir='ltr'><strong>summa,</strong></span> <span class='ocrx_word' id='word_1_493' title='bbox 2799 2279 3091 2340; x_wconf 79' lang='lat' dir='ltr'><strong>antequam</strong></span> <span class='ocrx_word' id='word_1_494' title='bbox 3122 2280 3304 2335; x_wconf 83' lang='lat' dir='ltr'><strong>natus,</strong></span> <span class='ocrx_word' id='word_1_495' title='bbox 3335 2286 3436 2327; x_wconf 79' lang='lat' dir='ltr'><strong>no-</strong></span> 
     </span>
    </p>
   </div>
   <div class='ocr_carea' id='block_1_67' title="bbox 1848 2355 3439 2432">
    <p class='ocr_par' dir='ltr' id='par_1_67' title="bbox 1848 2355 3439 2432">
     <span class='ocr_line' id='line_1_67' title="bbox 1848 2355 3439 2432; baseline 0.002 -21"><span class='ocrx_word' id='word_1_496' title='bbox 1848 2355 1993 2412; x_wconf 87' lang='lat' dir='ltr'><strong>mine</strong></span> <span class='ocrx_word' id='word_1_497' title='bbox 2025 2356 2363 2429; x_wconf 51' lang='lat' dir='ltr'><strong>«signatus,</strong></span> <span class='ocrx_word' id='word_1_498' title='bbox 2395 2366 2691 2427; x_wconf 80' lang='lat' dir='ltr'><strong>antequam</strong></span> <span class='ocrx_word' id='word_1_499' title='bbox 2710 2360 2913 2414; x_wconf 87' lang='lat' dir='ltr'><strong>mundo</strong></span> <span class='ocrx_word' id='word_1_500' title='bbox 2927 2360 3197 2429; x_wconf 85' lang='lat' dir='ltr'><strong>cognitus,</strong></span> <span class='ocrx_word' id='word_1_501' title='bbox 3222 2360 3276 2414; x_wconf 89' lang='lat' dir='ltr'><strong>in</strong></span> <span class='ocrx_word' id='word_1_502' title='bbox 3299 2375 3439 2432; x_wconf 82' lang='lat' dir='ltr'><strong>pago</strong></span> 
     </span>
    </p>
   </div>
   <div class='ocr_carea' id='block_1_68' title="bbox 1846 2447 3437 2519">
    <p class='ocr_par' dir='ltr' id='par_1_68' title="bbox 1846 2447 3437 2519">
     <span class='ocr_line' id='line_1_68' title="bbox 1846 2447 3437 2519; baseline 0.003 -17"><span class='ocrx_word' id='word_1_503' title='bbox 1846 2447 2217 2512; x_wconf 83' lang='lat' dir='ltr'><strong>Laudanensi,</strong></span> <span class='ocrx_word' id='word_1_504' title='bbox 2246 2448 2358 2503; x_wconf 88' lang='lat' dir='ltr'><strong>alto</strong></span> <span class='ocrx_word' id='word_1_505' title='bbox 2388 2458 2679 2518; x_wconf 81' lang='lat' dir='ltr'><strong>parentum</strong></span> <span class='ocrx_word' id='word_1_506' title='bbox 2697 2450 2983 2519; x_wconf 82' lang='lat' dir='ltr'><strong>sanguine,</strong></span> <span class='ocrx_word' id='word_1_507' title='bbox 3017 2458 3079 2504; x_wconf 91' lang='lat' dir='ltr'><strong>ut</strong></span> <span class='ocrx_word' id='word_1_508' title='bbox 3104 2458 3437 2507; x_wconf 78' lang='lat' dir='ltr'><strong>monstrare-</strong></span> 
     </span>
    </p>
   </div>
   <div class='ocr_carea' id='block_1_69' title="bbox 1851 2539 3057 2610">
    <p class='ocr_par' dir='ltr' id='par_1_69' title="bbox 1851 2539 3057 2610">
     <span class='ocr_line' id='line_1_69' title="bbox 1851 2539 3057 2610; baseline 0.002 -17"><span class='ocrx_word' id='word_1_509' title='bbox 1851 2545 1941 2593; x_wconf 76' lang='lat' dir='ltr'><strong>tur</strong></span> <span class='ocrx_word' id='word_1_510' title='bbox 1961 2540 2025 2603; x_wconf 82' lang='lat' dir='ltr'><strong>in</strong></span> <span class='ocrx_word' id='word_1_511' title='bbox 2051 2548 2200 2604; x_wconf 85' lang='lat' dir='ltr'><strong>ortu,</strong></span> <span class='ocrx_word' id='word_1_512' title='bbox 2228 2540 2405 2610; x_wconf 87' lang='lat' dir='ltr'><strong>qualis</strong></span> <span class='ocrx_word' id='word_1_513' title='bbox 2437 2539 2655 2596; x_wconf 75' lang='lat' dir='ltr'><strong>futurus</strong></span> <span class='ocrx_word' id='word_1_514' title='bbox 2677 2551 2799 2598; x_wconf 89' lang='lat' dir='ltr'><strong>erat</strong></span> <span class='ocrx_word' id='word_1_515' title='bbox 2822 2541 2877 2597; x_wconf 90' lang='lat' dir='ltr'><strong>in</strong></span> <span class='ocrx_word' id='word_1_516' title='bbox 2906 2551 3057 2597; x_wconf 88' lang='lat' dir='ltr'><strong>actu.</strong></span> 
     </span>
    </p>
   </div>
   <div class='ocr_carea' id='block_1_70' title="bbox 1917 2627 3440 2706">
    <p class='ocr_par' dir='ltr' id='par_1_70' title="bbox 1917 2627 3440 2706">
     <span class='ocr_line' id='line_1_70' title="bbox 1917 2627 3440 2706; baseline 0.006 -24"><span class='ocrx_word' id='word_1_517' title='bbox 1917 2627 2006 2683; x_wconf 84' lang='lat' dir='ltr'><strong>IV.</strong></span> <span class='ocrx_word' id='word_1_518' title='bbox 2046 2627 2350 2699; x_wconf 85' lang='lat' dir='ltr'><strong>Singularis</strong></span> <span class='ocrx_word' id='word_1_519' title='bbox 2369 2637 2553 2699; x_wconf 79' lang='lat' dir='ltr'><strong>autem</strong></span> <span class='ocrx_word' id='word_1_520' title='bbox 2581 2630 2761 2686; x_wconf 85' lang='lat' dir='ltr'><strong>meriti</strong></span> <span class='ocrx_word' id='word_1_521' title='bbox 2793 2630 3053 2687; x_wconf 88' lang='lat' dir='ltr'><strong>indicium</strong></span> <span class='ocrx_word' id='word_1_522' title='bbox 3100 2635 3282 2698; x_wconf 86' lang='lat' dir='ltr'><strong>datur,</strong></span> <span class='ocrx_word' id='word_1_523' title='bbox 3304 2650 3440 2706; x_wconf 83' lang='lat' dir='ltr'><strong>quo-</strong></span> 
     </span>
    </p>
   </div>
   <div class='ocr_carea' id='block_1_71' title="bbox 1847 2720 3441 2792">
    <p class='ocr_par' dir='ltr' id='par_1_71' title="bbox 1847 2720 3441 2792">
     <span class='ocr_line' id='line_1_71' title="bbox 1847 2720 3441 2792; baseline 0.004 -18"><span class='ocrx_word' id='word_1_524' title='bbox 1847 2720 1953 2775; x_wconf 90' lang='lat' dir='ltr'><strong>ties</strong></span> <span class='ocrx_word' id='word_1_525' title='bbox 1976 2720 2335 2777; x_wconf 86' lang='lat' dir='ltr'><strong>hominibusa</strong></span> <span class='ocrx_word' id='word_1_526' title='bbox 2368 2721 2478 2775; x_wconf 83' lang='lat' dir='ltr'><strong>Deo</strong></span> <span class='ocrx_word' id='word_1_527' title='bbox 2517 2720 2601 2779; x_wconf 88' lang='lat' dir='ltr'><strong>vel</strong></span> <span class='ocrx_word' id='word_1_528' title='bbox 2633 2721 2928 2792; x_wconf 87' lang='lat' dir='ltr'><strong>imponitur</strong></span> <span class='ocrx_word' id='word_1_529' title='bbox 2952 2738 3175 2790; x_wconf 88' lang='lat' dir='ltr'><strong>nomen,</strong></span> <span class='ocrx_word' id='word_1_530' title='bbox 3209 2725 3294 2782; x_wconf 88' lang='lat' dir='ltr'><strong>vel</strong></span> <span class='ocrx_word' id='word_1_531' title='bbox 3316 2740 3441 2781; x_wconf 89' lang='lat' dir='ltr'><strong>mu-</strong></span> 
     </span>
    </p>
   </div>
   <div class='ocr_carea' id='block_1_72' title="bbox 1848 2810 3444 2888">
    <p class='ocr_par' dir='ltr' id='par_1_72' title="bbox 1848 2810 3444 2888">
     <span class='ocr_line' id='line_1_72' title="bbox 1848 2810 3444 2888; baseline 0.004 -22"><span class='ocrx_word' id='word_1_532' title='bbox 1848 2820 2013 2866; x_wconf 85' lang='lat' dir='ltr'><strong>tatur.</strong></span> <span class='ocrx_word' id='word_1_533' title='bbox 2044 2810 2137 2866; x_wconf 87' lang='lat' dir='ltr'><strong>Sic</strong></span> <span class='ocrx_word' id='word_1_534' title='bbox 2155 2811 2380 2874; x_wconf 78' lang='lat' dir='ltr'><strong>Abram,</strong></span> <span class='ocrx_word' id='word_1_535' title='bbox 2401 2812 2527 2881; x_wconf 86' lang='lat' dir='ltr'><strong>quia</strong></span> <span class='ocrx_word' id='word_1_536' title='bbox 2556 2821 2719 2883; x_wconf 86' lang='lat' dir='ltr'><strong>pater</strong></span> <span class='ocrx_word' id='word_1_537' title='bbox 2734 2812 3027 2870; x_wconf 84' lang='lat' dir='ltr'><strong>multarum</strong></span> <span class='ocrx_word' id='word_1_538' title='bbox 3048 2816 3290 2888; x_wconf 85' lang='lat' dir='ltr'><strong>gentium</strong></span> <span class='ocrx_word' id='word_1_539' title='bbox 3323 2825 3444 2873; x_wconf 84' lang='lat' dir='ltr'><strong>erat</strong></span> 
     </span>
    </p>
   </div>
   <div class='ocr_carea' id='block_1_73' title="bbox 1846 2901 3441 2976">
    <p class='ocr_par' dir='ltr' id='par_1_73' title="bbox 1846 2901 3441 2976">
     <span class='ocr_line' id='line_1_73' title="bbox 1846 2901 3441 2976; baseline 0.004 -19"><span class='ocrx_word' id='word_1_540' title='bbox 1846 2901 2085 2967; x_wconf 78' lang='lat' dir='ltr'><strong>futurus,</strong></span> <span class='ocrx_word' id='word_1_541' title='bbox 2105 2901 2385 2956; x_wconf 80' lang='lat' dir='ltr'><strong>Abraham</strong></span> <span class='ocrx_word' id='word_1_542' title='bbox 2409 2911 2495 2957; x_wconf 83' lang='lat' dir='ltr'><strong>est</strong></span> <span class='ocrx_word' id='word_1_543' title='bbox 2520 2913 2746 2959; x_wconf 84' lang='lat' dir='ltr'><strong>vocatus</strong></span> <span class='ocrx_word' id='word_1_544' title='bbox 2768 2903 2921 2974; x_wconf 81' lang='lat' dir='ltr'><strong>(Gen.</strong></span> <span class='ocrx_word' id='word_1_545' title='bbox 2948 2908 3103 2976; x_wconf 83' lang='lat' dir='ltr'><strong>xvii).</strong></span> <span class='ocrx_word' id='word_1_546' title='bbox 3135 2905 3229 2963; x_wconf 83' lang='lat' dir='ltr'><strong>Sic</strong></span> <span class='ocrx_word' id='word_1_547' title='bbox 3253 2907 3441 2974; x_wconf 71' lang='lat' dir='ltr'><strong>Iacob,</strong></span> 
     </span>
    </p>
   </div>
   <div class='ocr_carea' id='block_1_74' title="bbox 1847 2992 3439 3071">
    <p class='ocr_par' dir='ltr' id='par_1_74' title="bbox 1847 2992 3439 3071">
     <span class='ocr_line' id='line_1_74' title="bbox 1847 2992 3439 3071; baseline 0.004 -23"><span class='ocrx_word' id='word_1_548' title='bbox 1847 2994 1976 3063; x_wconf 80' lang='lat' dir='ltr'><strong>quia</strong></span> <span class='ocrx_word' id='word_1_549' title='bbox 2000 2993 2168 3049; x_wconf 84' lang='lat' dir='ltr'><strong>Deum</strong></span> <span class='ocrx_word' id='word_1_550' title='bbox 2192 2993 2344 3058; x_wconf 86' lang='lat' dir='ltr'><strong>vidit,</strong></span> <span class='ocrx_word' id='word_1_551' title='bbox 2364 2992 2526 3049; x_wconf 84' lang='lat' dir='ltr'><strong>Israel</strong></span> <span class='ocrx_word' id='word_1_552' title='bbox 2554 2994 2815 3064; x_wconf 86' lang='lat' dir='ltr'><strong>appellari</strong></span> <span class='ocrx_word' id='word_1_553' title='bbox 2831 2997 3028 3052; x_wconf 78' lang='lat' dir='ltr'><strong>meruit</strong></span> <span class='ocrx_word' id='word_1_554' title='bbox 3057 2995 3213 3070; x_wconf 81' lang='lat' dir='ltr'><strong>(Gen.</strong></span> <span class='ocrx_word' id='word_1_555' title='bbox 3237 3000 3439 3071; x_wconf 73' lang='lat' dir='ltr'><strong>xuii).</strong></span> 
     </span>
    </p>
   </div>
   <div class='ocr_carea' id='block_1_75' title="bbox 1849 3081 3445 3154">
    <p class='ocr_par' dir='ltr' id='par_1_75' title="bbox 1849 3081 3445 3154">
     <span class='ocr_line' id='line_1_75' title="bbox 1849 3081 3445 3154; baseline 0.004 -15"><span class='ocrx_word' id='word_1_556' title='bbox 1849 3081 1941 3139; x_wconf 84' lang='lat' dir='ltr'><strong>Sic</strong></span> <span class='ocrx_word' id='word_1_557' title='bbox 1976 3082 2153 3140; x_wconf 83' lang='lat' dir='ltr'><strong>Josias</strong></span> <span class='ocrx_word' id='word_1_558' title='bbox 2200 3099 2317 3149; x_wconf 82' lang='lat' dir='ltr'><strong>rex,</strong></span> <span class='ocrx_word' id='word_1_559' title='bbox 2370 3084 2443 3139; x_wconf 84' lang='lat' dir='ltr'><strong>ob</strong></span> <span class='ocrx_word' id='word_1_560' title='bbox 2470 3085 2683 3140; x_wconf 70' lang='lat' dir='ltr'><strong>eximia:</strong></span> <span class='ocrx_word' id='word_1_561' title='bbox 2715 3085 2932 3142; x_wconf 89' lang='lat' dir='ltr'><strong>virtutis</strong></span> <span class='ocrx_word' id='word_1_562' title='bbox 2981 3088 3216 3154; x_wconf 87' lang='lat' dir='ltr'><strong>culmen,</strong></span> <span class='ocrx_word' id='word_1_563' title='bbox 3267 3091 3445 3146; x_wconf 50' lang='lat' dir='ltr'><strong>nomi‘</strong></span> 
     </span>
    </p>
   </div>
   <div class='ocr_carea' id='block_1_76' title="bbox 1771 3161 3439 3252">
    <p class='ocr_par' dir='ltr' id='par_1_76' title="bbox 1771 3161 3439 3252">
     <span class='ocr_line' id='line_1_76' title="bbox 1771 3161 3439 3252; baseline 0.007 -28"><span class='ocrx_word' id='word_1_564' title='bbox 1771 3161 1816 3224; x_wconf 87' lang='lat' dir='ltr'>C</span> <span class='ocrx_word' id='word_1_565' title='bbox 1848 3184 2065 3233; x_wconf 82' lang='lat' dir='ltr'><strong>uatusa</strong></span> <span class='ocrx_word' id='word_1_566' title='bbox 2112 3174 2224 3230; x_wconf 83' lang='lat' dir='ltr'><strong>Deo</strong></span> <span class='ocrx_word' id='word_1_567' title='bbox 2274 3185 2357 3230; x_wconf 91' lang='lat' dir='ltr'><strong>est</strong></span> <span class='ocrx_word' id='word_1_568' title='bbox 2402 3176 2574 3230; x_wconf 86' lang='lat' dir='ltr'><strong>multo</strong></span> <span class='ocrx_word' id='word_1_569' title='bbox 2617 3184 2912 3247; x_wconf 81' lang='lat' dir='ltr'><strong>antequam</strong></span> <span class='ocrx_word' id='word_1_570' title='bbox 2972 3188 3136 3235; x_wconf 86' lang='lat' dir='ltr'><strong>natus</strong></span> <span class='ocrx_word' id='word_1_571' title='bbox 3165 3180 3285 3251; x_wconf 80' lang='lat' dir='ltr'><strong><em>(III</em></strong></span> <span class='ocrx_word' id='word_1_572' title='bbox 3312 3180 3439 3252; x_wconf 79' lang='lat' dir='ltr'><strong>Reg.</strong></span> 
     </span>
    </p>
   </div>
   <div class='ocr_carea' id='block_1_77' title="bbox 1848 3267 3445 3342">
    <p class='ocr_par' dir='ltr' id='par_1_77' title="bbox 1848 3267 3445 3342">
     <span class='ocr_line' id='line_1_77' title="bbox 1848 3267 3445 3342; baseline 0.003 -19"><span class='ocrx_word' id='word_1_573' title='bbox 1848 3269 1992 3340; x_wconf 80' lang='lat' dir='ltr'><strong>xui).</strong></span> <span class='ocrx_word' id='word_1_574' title='bbox 2024 3268 2115 3323; x_wconf 88' lang='lat' dir='ltr'><strong>Sic</strong></span> <span class='ocrx_word' id='word_1_575' title='bbox 2143 3267 2400 3334; x_wconf 79' lang='lat' dir='ltr'><strong>Joannes,</strong></span> <span class='ocrx_word' id='word_1_576' title='bbox 2429 3284 2495 3323; x_wconf 87' lang='lat' dir='ltr'><strong>eo</strong></span> <span class='ocrx_word' id='word_1_577' title='bbox 2524 3269 2666 3338; x_wconf 90' lang='lat' dir='ltr'><strong>quod</strong></span> <span class='ocrx_word' id='word_1_578' title='bbox 2707 3269 2889 3323; x_wconf 59' lang='lat' dir='ltr'><strong>divina</strong></span> <span class='ocrx_word' id='word_1_579' title='bbox 2934 3271 3037 3327; x_wconf 86' lang='lat' dir='ltr'><strong>sibi</strong></span> <span class='ocrx_word' id='word_1_580' title='bbox 3070 3273 3243 3342; x_wconf 88' lang='lat' dir='ltr'><strong>gratia</strong></span> <span class='ocrx_word' id='word_1_581' title='bbox 3274 3274 3445 3328; x_wconf 81' lang='lat' dir='ltr'><strong>admi—</strong></span> 
     </span>
    </p>
   </div>
   <div class='ocr_carea' id='block_1_78' title="bbox 1850 3359 3443 3432">
    <p class='ocr_par' dir='ltr' id='par_1_78' title="bbox 1850 3359 3443 3432">
     <span class='ocr_line' id='line_1_78' title="bbox 1850 3359 3443 3432; baseline 0.003 -18"><span class='ocrx_word' id='word_1_582' title='bbox 1850 3360 2148 3427; x_wconf 81' lang='lat' dir='ltr'><strong>niculante,</strong></span> <span class='ocrx_word' id='word_1_583' title='bbox 2175 3360 2295 3430; x_wconf 88' lang='lat' dir='ltr'><strong>plus</strong></span> <span class='ocrx_word' id='word_1_584' title='bbox 2316 3376 2435 3415; x_wconf 87' lang='lat' dir='ltr'><strong>esse</strong></span> <span class='ocrx_word' id='word_1_585' title='bbox 2460 3359 2667 3414; x_wconf 80' lang='lat' dir='ltr'><strong>meruit’</strong></span> <span class='ocrx_word' id='word_1_586' title='bbox 2683 3375 2845 3429; x_wconf 88' lang='lat' dir='ltr'><strong>quam</strong></span> <span class='ocrx_word' id='word_1_587' title='bbox 2888 3363 3175 3432; x_wconf 84' lang='lat' dir='ltr'><strong>propheta,</strong></span> <span class='ocrx_word' id='word_1_588' title='bbox 3202 3375 3255 3417; x_wconf 87' lang='lat' dir='ltr'><strong>et</strong></span> <span class='ocrx_word' id='word_1_589' title='bbox 3297 3365 3443 3432; x_wconf 87' lang='lat' dir='ltr'><strong>quod</strong></span> 
     </span>
    </p>
   </div>
   <div class='ocr_carea' id='block_1_79' title="bbox 1851 3453 3439 3527">
    <p class='ocr_par' dir='ltr' id='par_1_79' title="bbox 1851 3453 3439 3527">
     <span class='ocr_line' id='line_1_79' title="bbox 1851 3453 3439 3527; baseline 0.002 -19"><span class='ocrx_word' id='word_1_590' title='bbox 1851 3468 2011 3508; x_wconf 90' lang='lat' dir='ltr'><strong>nemo</strong></span> <span class='ocrx_word' id='word_1_591' title='bbox 2042 3455 2185 3511; x_wconf 82' lang='lat' dir='ltr'><strong>inter</strong></span> <span class='ocrx_word' id='word_1_592' title='bbox 2209 3464 2364 3510; x_wconf 86' lang='lat' dir='ltr'><strong>natos</strong></span> <span class='ocrx_word' id='word_1_593' title='bbox 2388 3453 2681 3509; x_wconf 87' lang='lat' dir='ltr'><strong>mulierum</strong></span> <span class='ocrx_word' id='word_1_594' title='bbox 2713 3454 2886 3523; x_wconf 83' lang='lat' dir='ltr'><strong>major</strong></span> <span class='ocrx_word' id='word_1_595' title='bbox 2906 3454 2998 3511; x_wconf 89' lang='lat' dir='ltr'><strong>illo</strong></span> <span class='ocrx_word' id='word_1_596' title='bbox 3024 3456 3262 3513; x_wconf 72' lang='lat' dir='ltr'><strong>surrexit</strong></span> <span class='ocrx_word' id='word_1_597' title='bbox 3285 3456 3439 3527; x_wconf 85' lang='lat' dir='ltr'><strong>(Luc.</strong></span> 
     </span>
    </p>
   </div>
   <div class='ocr_carea' id='block_1_80' title="bbox 1850 3546 3464 3621">
    <p class='ocr_par' dir='ltr' id='par_1_80' title="bbox 1850 3546 3464 3621">
     <span class='ocr_line' id='line_1_80' title="bbox 1850 3546 3464 3621; baseline 0.004 -19"><span class='ocrx_word' id='word_1_598' title='bbox 1850 3564 1890 3612; x_wconf 88' lang='grc' dir='ltr'>ι,</span> <span class='ocrx_word' id='word_1_599' title='bbox 1925 3546 2116 3602; x_wconf 77' lang='lat' dir='ltr'><strong>Matth.</strong></span> <span class='ocrx_word' id='word_1_600' title='bbox 2141 3554 2196 3621; x_wconf 77' lang='grc' dir='ltr'>ν)</span> <span class='ocrx_word' id='word_1_601' title='bbox 2240 3566 2254 3602; x_wconf 88' lang='lat'><strong>:</strong></span> <span class='ocrx_word' id='word_1_602' title='bbox 2310 3556 2365 3603; x_wconf 90' lang='lat' dir='ltr'><strong>et</strong></span> <span class='ocrx_word' id='word_1_603' title='bbox 2413 3548 2607 3606; x_wconf 87' lang='lat' dir='ltr'><strong>Petrus</strong></span> <span class='ocrx_word' id='word_1_604' title='bbox 2655 3566 2685 3605; x_wconf 90' lang='lat' dir='ltr'><strong>a</strong></span> <span class='ocrx_word' id='word_1_605' title='bbox 2742 3551 2998 3606; x_wconf 81' lang='lat' dir='ltr'><strong>ﬁrmitate</strong></span> <span class='ocrx_word' id='word_1_606' title='bbox 3045 3562 3102 3607; x_wconf 88' lang='lat' dir='ltr'><strong>et</strong></span> <span class='ocrx_word' id='word_1_607' title='bbox 3152 3553 3464 3609; x_wconf 87' lang='lat' dir='ltr'><strong>stabilitate-</strong></span> 
     </span>
    </p>
   </div>
   <div class='ocr_carea' id='block_1_81' title="bbox 1852 3643 3449 3719">
    <p class='ocr_par' dir='ltr' id='par_1_81' title="bbox 1852 3643 3449 3719">
     <span class='ocr_line' id='line_1_81' title="bbox 1852 3643 3449 3719; baseline 0.006 -26"><span class='ocrx_word' id='word_1_608' title='bbox 1852 3649 2018 3709; x_wconf 76' lang='lat' dir='ltr'><strong>prim:</strong></span> <span class='ocrx_word' id='word_1_609' title='bbox 2050 3643 2280 3712; x_wconf 80' lang='lat' dir='ltr'><strong>sumpsit</strong></span> <span class='ocrx_word' id='word_1_610' title='bbox 2325 3658 2624 3711; x_wconf 85' lang='lat' dir='ltr'><strong>cognomen</strong></span> <span class='ocrx_word' id='word_1_611' title='bbox 2670 3644 2886 3718; x_wconf 79' lang='lat' dir='ltr'><strong>(Matth.</strong></span> <span class='ocrx_word' id='word_1_612' title='bbox 2933 3648 3067 3717; x_wconf 73' lang='lat' dir='ltr'><strong>xvi).</strong></span> <span class='ocrx_word' id='word_1_613' title='bbox 3110 3647 3177 3702; x_wconf 82' lang='lat' dir='ltr'><strong>Et</strong></span> <span class='ocrx_word' id='word_1_614' title='bbox 3200 3648 3293 3719; x_wconf 90' lang='lat' dir='ltr'><strong>qui</strong></span> <span class='ocrx_word' id='word_1_615' title='bbox 3320 3658 3449 3704; x_wconf 88' lang='lat' dir='ltr'><strong>ante</strong></span> 
     </span>
    </p>
   </div>
   <div class='ocr_carea' id='block_1_82' title="bbox 1854 3731 3451 3813">
    <p class='ocr_par' dir='ltr' id='par_1_82' title="bbox 1854 3731 3451 3813">
     <span class='ocr_line' id='line_1_82' title="bbox 1854 3731 3451 3813; baseline 0.004 -26"><span class='ocrx_word' id='word_1_616' title='bbox 1854 3731 2066 3793; x_wconf 85' lang='lat' dir='ltr'><strong>Saulus,</strong></span> <span class='ocrx_word' id='word_1_617' title='bbox 2090 3741 2275 3802; x_wconf 85' lang='lat' dir='ltr'><strong>postea</strong></span> <span class='ocrx_word' id='word_1_618' title='bbox 2308 3735 2617 3792; x_wconf 89' lang='lat' dir='ltr'><strong>nominatus</strong></span> <span class='ocrx_word' id='word_1_619' title='bbox 2644 3745 2727 3792; x_wconf 90' lang='lat' dir='ltr'><strong>est</strong></span> <span class='ocrx_word' id='word_1_620' title='bbox 2754 3737 2957 3793; x_wconf 87' lang='lat' dir='ltr'><strong>Paulus</strong></span> <span class='ocrx_word' id='word_1_621' title='bbox 2978 3740 3119 3813; x_wconf 77' lang='lat' dir='ltr'><strong>(Act.</strong></span> <span class='ocrx_word' id='word_1_622' title='bbox 3145 3745 3295 3810; x_wconf 77' lang='lat' dir='ltr'><strong>xm),</strong></span> <span class='ocrx_word' id='word_1_623' title='bbox 3315 3754 3451 3810; x_wconf 57' lang='lat' dir='ltr'><strong>quo-</strong></span> 
     </span>
    </p>
   </div>
   <div class='ocr_carea' id='block_1_83' title="bbox 1853 3821 3445 3902">
    <p class='ocr_par' dir='ltr' id='par_1_83' title="bbox 1853 3821 3445 3902">
     <span class='ocr_line' id='line_1_83' title="bbox 1853 3821 3445 3902; baseline 0.008 -25"><span class='ocrx_word' id='word_1_624' title='bbox 1853 3821 1999 3877; x_wconf 88' lang='lat' dir='ltr'><strong>niam</strong></span> <span class='ocrx_word' id='word_1_625' title='bbox 2031 3821 2164 3894; x_wconf 86' lang='lat' dir='ltr'><strong>legis</strong></span> <span class='ocrx_word' id='word_1_626' title='bbox 2209 3823 2327 3878; x_wconf 87' lang='lat' dir='ltr'><strong>zelo</strong></span> <span class='ocrx_word' id='word_1_627' title='bbox 2376 3836 2567 3881; x_wconf 88' lang='lat' dir='ltr'><strong>contra</strong></span> <span class='ocrx_word' id='word_1_628' title='bbox 2621 3828 2903 3885; x_wconf 86' lang='lat' dir='ltr'><strong>Christum</strong></span> <span class='ocrx_word' id='word_1_629' title='bbox 2947 3841 3191 3899; x_wconf 88' lang='lat' dir='ltr'><strong>erectus,</strong></span> <span class='ocrx_word' id='word_1_630' title='bbox 3244 3835 3312 3888; x_wconf 90' lang='lat' dir='ltr'><strong>ab</strong></span> <span class='ocrx_word' id='word_1_631' title='bbox 3358 3848 3445 3902; x_wconf 86' lang='lat' dir='ltr'><strong>co,</strong></span> 
     </span>
    </p>
   </div>
   <div class='ocr_carea' id='block_1_84' title="bbox 1853 3915 3451 3992">
    <p class='ocr_par' dir='ltr' id='par_1_84' title="bbox 1853 3915 3451 3992">
     <span class='ocr_line' id='line_1_84' title="bbox 1853 3915 3451 3992; baseline 0.009 -23"><span class='ocrx_word' id='word_1_632' title='bbox 1853 3930 2015 3985; x_wconf 86' lang='lat' dir='ltr'><strong>quem</strong></span> <span class='ocrx_word' id='word_1_633' title='bbox 2047 3915 2101 3971; x_wconf 90' lang='lat' dir='ltr'><strong>in</strong></span> <span class='ocrx_word' id='word_1_634' title='bbox 2133 3915 2396 3973; x_wconf 88' lang='lat' dir='ltr'><strong>membris</strong></span> <span class='ocrx_word' id='word_1_635' title='bbox 2447 3919 2562 3975; x_wconf 88' lang='lat' dir='ltr'><strong>suis</strong></span> <span class='ocrx_word' id='word_1_636' title='bbox 2613 3915 3061 3992; x_wconf 82' lang='lat' dir='ltr'><strong>persequebatur,</strong></span> <span class='ocrx_word' id='word_1_637' title='bbox 3118 3926 3185 3979; x_wconf 89' lang='lat' dir='ltr'><strong>de</strong></span> <span class='ocrx_word' id='word_1_638' title='bbox 3223 3926 3364 3981; x_wconf 72' lang='lat' dir='ltr'><strong>coelo</strong></span> <span class='ocrx_word' id='word_1_639' title='bbox 3393 3927 3451 3983; x_wconf 86' lang='lat' dir='ltr'><strong>in</strong></span> 
     </span>
    </p>
   </div>
   <div class='ocr_carea' id='block_1_85' title="bbox 1855 4012 3454 4083">
    <p class='ocr_par' dir='ltr' id='par_1_85' title="bbox 1855 4012 3454 4083">
     <span class='ocr_line' id='line_1_85' title="bbox 1855 4012 3454 4083; baseline 0.009 -20"><span class='ocrx_word' id='word_1_640' title='bbox 1855 4017 2055 4064; x_wconf 89' lang='lat' dir='ltr'><strong>terram</strong></span> <span class='ocrx_word' id='word_1_641' title='bbox 2084 4018 2405 4080; x_wconf 87' lang='lat' dir='ltr'><strong>prostratus,</strong></span> <span class='ocrx_word' id='word_1_642' title='bbox 2439 4012 2578 4083; x_wconf 87' lang='lat' dir='ltr'><strong>apud</strong></span> <span class='ocrx_word' id='word_1_643' title='bbox 2607 4028 2665 4069; x_wconf 89' lang='lat' dir='ltr'><strong>se</strong></span> <span class='ocrx_word' id='word_1_644' title='bbox 2692 4013 2867 4069; x_wconf 82' lang='lat' dir='ltr'><strong>factus</strong></span> <span class='ocrx_word' id='word_1_645' title='bbox 2895 4025 2980 4068; x_wconf 87' lang='lat' dir='ltr'><strong>est</strong></span> <span class='ocrx_word' id='word_1_646' title='bbox 3012 4016 3232 4083; x_wconf 88' lang='lat' dir='ltr'><strong>Paulus,</strong></span> <span class='ocrx_word' id='word_1_647' title='bbox 3268 4019 3321 4074; x_wconf 91' lang='lat' dir='ltr'><strong>id</strong></span> <span class='ocrx_word' id='word_1_648' title='bbox 3366 4031 3454 4077; x_wconf 82' lang='lat' dir='ltr'><strong>est</strong></span> 
     </span>
    </p>
   </div>
   <div class='ocr_carea' id='block_1_86' title="bbox 1855 4105 3450 4180">
    <p class='ocr_par' dir='ltr' id='par_1_86' title="bbox 1855 4105 3450 4180">
     <span class='ocr_line' id='line_1_86' title="bbox 1855 4105 3450 4180; baseline 0.007 -23"><span class='ocrx_word' id='word_1_649' title='bbox 1855 4118 2074 4172; x_wconf 82' lang='lat' dir='ltr'><strong>parvus,</strong></span> <span class='ocrx_word' id='word_1_650' title='bbox 2128 4105 2373 4159; x_wconf 85' lang='lat' dir='ltr'><strong>modicus</strong></span> <span class='ocrx_word' id='word_1_651' title='bbox 2426 4115 2482 4159; x_wconf 91' lang='lat' dir='ltr'><strong>et</strong></span> <span class='ocrx_word' id='word_1_652' title='bbox 2538 4108 2794 4161; x_wconf 85' lang='lat' dir='ltr'><strong>humilis:</strong></span> <span class='ocrx_word' id='word_1_653' title='bbox 2834 4109 3049 4163; x_wconf 88' lang='lat' dir='ltr'><strong>demum</strong></span> <span class='ocrx_word' id='word_1_654' title='bbox 3108 4112 3299 4180; x_wconf 68' lang='lat' dir='ltr'><strong>gratia:</strong></span> <span class='ocrx_word' id='word_1_655' title='bbox 3350 4112 3450 4169; x_wconf 69' lang='lat' dir='ltr'><strong>Rei</strong></span> 
     </span>
    </p>
   </div>
   <div class='ocr_carea' id='block_1_87' title="bbox 1853 4197 3455 4276">
    <p class='ocr_par' dir='ltr' id='par_1_87' title="bbox 1853 4197 3455 4276">
     <span class='ocr_line' id='line_1_87' title="bbox 1853 4197 3455 4276; baseline 0.006 -25"><span class='ocrx_word' id='word_1_656' title='bbox 1853 4213 2082 4268; x_wconf 86' lang='lat' dir='ltr'><strong>magnus</strong></span> <span class='ocrx_word' id='word_1_657' title='bbox 2126 4197 2395 4265; x_wconf 82' lang='lat' dir='ltr'><strong>defensor,</strong></span> <span class='ocrx_word' id='word_1_658' title='bbox 2438 4210 2493 4253; x_wconf 83' lang='lat' dir='ltr'><strong>et</strong></span> <span class='ocrx_word' id='word_1_659' title='bbox 2523 4215 2619 4253; x_wconf 85' lang='lat' dir='ltr'><strong>vas</strong></span> <span class='ocrx_word' id='word_1_660' title='bbox 2665 4199 2947 4255; x_wconf 88' lang='lat' dir='ltr'><strong>electionis</strong></span> <span class='ocrx_word' id='word_1_661' title='bbox 2996 4200 3245 4269; x_wconf 69' lang='lat' dir='ltr'><strong>effectus,</strong></span> <span class='ocrx_word' id='word_1_662' title='bbox 3289 4212 3455 4276; x_wconf 87' lang='lat' dir='ltr'><strong>atque</strong></span> 
     </span>
    </p>
   </div>
   <div class='ocr_carea' id='block_1_88' title="bbox 1857 4290 3453 4366">
    <p class='ocr_par' dir='ltr' id='par_1_88' title="bbox 1857 4290 3453 4366">
     <span class='ocr_line' id='line_1_88' title="bbox 1857 4290 3453 4366; baseline 0.003 -20"><span class='ocrx_word' id='word_1_663' title='bbox 1857 4292 2021 4347; x_wconf 84' lang='lat' dir='ltr'><strong>totius</strong></span> <span class='ocrx_word' id='word_1_664' title='bbox 2054 4300 2137 4347; x_wconf 89' lang='lat' dir='ltr'><strong>est</strong></span> <span class='ocrx_word' id='word_1_665' title='bbox 2178 4290 2432 4346; x_wconf 74' lang='lat' dir='ltr'><strong>Ecclesia:</strong></span> <span class='ocrx_word' id='word_1_666' title='bbox 2476 4292 2736 4362; x_wconf 85' lang='lat' dir='ltr'><strong>magister</strong></span> <span class='ocrx_word' id='word_1_667' title='bbox 2764 4301 2819 4347; x_wconf 90' lang='lat' dir='ltr'><strong>et</strong></span> <span class='ocrx_word' id='word_1_668' title='bbox 2847 4293 3171 4363; x_wconf 65' lang='lat' dir='ltr'><strong>praedicator</strong></span> <span class='ocrx_word' id='word_1_669' title='bbox 3200 4296 3453 4366; x_wconf 85' lang='lat' dir='ltr'><strong>egregius</strong></span> 
     </span>
    </p>
   </div>
   <div class='ocr_carea' id='block_1_89' title="bbox 1858 4359 3465 4460">
    <p class='ocr_par' dir='ltr' id='par_1_89' title="bbox 1858 4359 3465 4460">
     <span class='ocr_line' id='line_1_89' title="bbox 1858 4359 3465 4460; baseline 0.006 -22"><span class='ocrx_word' id='word_1_670' title='bbox 1858 4386 1996 4457; x_wconf 81' lang='lat' dir='ltr'><strong>(Act.</strong></span> <span class='ocrx_word' id='word_1_671' title='bbox 2024 4385 2120 4460; x_wconf 76' lang='grc' dir='ltr'>ιχ).</span> <span class='ocrx_word' id='word_1_672' title='bbox 2152 4386 2218 4441; x_wconf 87' lang='grc' dir='ltr'>Ει</span> <span class='ocrx_word' id='word_1_673' title='bbox 2250 4385 2343 4440; x_wconf 83' lang='lat' dir='ltr'><strong>ﬁlii</strong></span> <span class='ocrx_word' id='word_1_674' title='bbox 2380 4359 2650 4453; x_wconf 62' lang='lat' dir='ltr'><strong>Zebedaii,</strong></span> <span class='ocrx_word' id='word_1_675' title='bbox 2682 4402 2747 4442; x_wconf 87' lang='lat' dir='ltr'><strong>eo</strong></span> <span class='ocrx_word' id='word_1_676' title='bbox 2779 4359 2922 4458; x_wconf 75' lang='lat' dir='ltr'><strong>quod</strong></span> <span class='ocrx_word' id='word_1_677' title='bbox 2956 4387 3186 4460; x_wconf 58' lang='lat' dir='ltr'><strong>verbum</strong></span> <span class='ocrx_word' id='word_1_678' title='bbox 3207 4359 3298 4445; x_wconf 59' lang='lat' dir='ltr'><strong>u&#39;ei</strong></span> <span class='ocrx_word' id='word_1_679' title='bbox 3332 4359 3465 4446; x_wconf 69' lang='grc' dir='ltr'><strong>ἱετί</strong></span> 
     </span>
    </p>
   </div>
   <div class='ocr_carea' id='block_1_90' title="bbox 157 4480 3456 4590">
    <p class='ocr_par' dir='ltr' id='par_1_90' title="bbox 157 4480 3456 4590">
     <span class='ocr_line' id='line_1_90' title="bbox 157 4480 3456 4590; baseline 0.002 -57"><span class='ocrx_word' id='word_1_680' title='bbox 157 4506 217 4552; x_wconf 65' lang='grc' dir='ltr'>ει</span> <span class='ocrx_word' id='word_1_681' title='bbox 244 4500 505 4570; x_wconf 63' lang='lat' dir='ltr'><strong>recipiam</strong></span> <span class='ocrx_word' id='word_1_682' title='bbox 534 4500 740 4556; x_wconf 52' lang='lat' dir='ltr'><strong>lumen.</strong></span> <span class='ocrx_word' id='word_1_683' title='bbox 768 4499 903 4555; x_wconf 64' lang='lat' dir='ltr'><strong>Nam</strong></span> <span class='ocrx_word' id='word_1_684' title='bbox 936 4506 995 4553; x_wconf 71' lang='grc' dir='ltr'><strong>,η</strong></span> <span class='ocrx_word' id='word_1_685' title='bbox 1028 4498 1226 4552; x_wconf 52' lang='lat' dir='ltr'><strong>merita</strong></span> <span class='ocrx_word' id='word_1_686' title='bbox 1256 4496 1331 4551; x_wconf 72' lang='grc' dir='ltr'>ίιιί</span> <span class='ocrx_word' id='word_1_687' title='bbox 1355 4502 1751 4557; x_wconf 57' lang='grc' dir='ltr'><strong>θρετεερθι-θηι,</strong></span> <span class='ocrx_word' id='word_1_688' title='bbox 1782 4529 1833 4590; x_wconf 77' lang='lat' dir='ltr'><strong><em>D</em></strong></span> <span class='ocrx_word' id='word_1_689' title='bbox 1865 4480 2092 4535; x_wconf 77' lang='lat' dir='ltr'><strong>rihiliter</strong></span> <span class='ocrx_word' id='word_1_690' title='bbox 2124 4482 2326 4534; x_wconf 88' lang='lat' dir='ltr'><strong>mundo</strong></span> <span class='ocrx_word' id='word_1_691' title='bbox 2353 4480 2598 4551; x_wconf 85' lang='lat' dir='ltr'><strong>pcccanti</strong></span> <span class='ocrx_word' id='word_1_692' title='bbox 2629 4480 3006 4545; x_wconf 89' lang='lat' dir='ltr'><strong>intonuerunt,</strong></span> <span class='ocrx_word' id='word_1_693' title='bbox 3052 4481 3283 4547; x_wconf 73' lang='lat' dir='ltr'><strong>filiorum</strong></span> <span class='ocrx_word' id='word_1_694' title='bbox 3313 4486 3456 4540; x_wconf 87' lang='lat' dir='ltr'><strong>toni-</strong></span> 
     </span>
    </p>
   </div>
   <div class='ocr_carea' id='block_1_91' title="bbox 160 4588 1750 4667">
    <p class='ocr_par' dir='ltr' id='par_1_91' title="bbox 160 4588 1750 4667">
     <span class='ocr_line' id='line_1_91' title="bbox 160 4588 1750 4667; baseline -0.004 -22"><span class='ocrx_word' id='word_1_695' title='bbox 160 4589 306 4646; x_wconf 88' lang='lat' dir='ltr'><strong>sicut</strong></span> <span class='ocrx_word' id='word_1_696' title='bbox 351 4601 407 4647; x_wconf 89' lang='lat' dir='ltr'><strong>et</strong></span> <span class='ocrx_word' id='word_1_697' title='bbox 431 4601 621 4647; x_wconf 85' lang='lat' dir='ltr'><strong>sancto</strong></span> <span class='ocrx_word' id='word_1_698' title='bbox 646 4590 830 4647; x_wconf 79' lang='lat' dir='ltr'><strong>Tobiae</strong></span> <span class='ocrx_word' id='word_1_699' title='bbox 852 4589 1006 4663; x_wconf 83' lang='lat' dir='ltr'><strong>(Tob.</strong></span> <span class='ocrx_word' id='word_1_700' title='bbox 1042 4589 1125 4661; x_wconf 88' lang='grc' dir='ltr'>ιι),</span> <span class='ocrx_word' id='word_1_701' title='bbox 1171 4588 1325 4657; x_wconf 81' lang='lat' dir='ltr'><strong>juxta</strong></span> <span class='ocrx_word' id='word_1_702' title='bbox 1362 4588 1606 4667; x_wconf 70' lang='lat' dir='ltr'><strong>divinum</strong></span> <span class='ocrx_word' id='word_1_703' title='bbox 1633 4599 1750 4640; x_wconf 85' lang='lat' dir='ltr'><strong>ser-</strong></span> 
     </span>
    </p>
   </div>
   <div class='ocr_carea' id='block_1_92' title="bbox 165 4680 1748 4757">
    <p class='ocr_par' dir='ltr' id='par_1_92' title="bbox 165 4680 1748 4757">
     <span class='ocr_line' id='line_1_92' title="bbox 165 4680 1748 4757; baseline -0.008 -13"><span class='ocrx_word' id='word_1_704' title='bbox 165 4697 404 4753; x_wconf 83' lang='lat' dir='ltr'><strong>monem,</strong></span> <span class='ocrx_word' id='word_1_705' title='bbox 436 4685 511 4743; x_wconf 84' lang='lat' dir='ltr'><strong>Ut</strong></span> <span class='ocrx_word' id='word_1_706' title='bbox 533 4686 714 4757; x_wconf 89' lang='lat' dir='ltr'><strong>justus</strong></span> <span class='ocrx_word' id='word_1_707' title='bbox 738 4684 1131 4751; x_wconf 85' lang='lat' dir='ltr'><strong>justillceretur</strong></span> <span class='ocrx_word' id='word_1_708' title='bbox 1160 4683 1339 4737; x_wconf 87' lang='lat' dir='ltr'><strong>adhuc</strong></span> <span class='ocrx_word' id='word_1_709' title='bbox 1370 4682 1555 4752; x_wconf 81' lang='lat' dir='ltr'><strong>(Apoc.</strong></span> <span class='ocrx_word' id='word_1_710' title='bbox 1588 4680 1748 4749; x_wconf 78' lang='lat' dir='ltr'><strong>xxii),</strong></span> 
     </span>
    </p>
   </div>
   <div class='ocr_carea' id='block_1_93' title="bbox 165 4774 1752 4845">
    <p class='ocr_par' dir='ltr' id='par_1_93' title="bbox 165 4774 1752 4845">
     <span class='ocr_line' id='line_1_93' title="bbox 165 4774 1752 4845; baseline -0.001 -15"><span class='ocrx_word' id='word_1_711' title='bbox 165 4775 309 4834; x_wconf 88' lang='lat' dir='ltr'><strong>idem</strong></span> <span class='ocrx_word' id='word_1_712' title='bbox 337 4780 530 4836; x_wconf 88' lang='lat' dir='ltr'><strong>beatus</strong></span> <span class='ocrx_word' id='word_1_713' title='bbox 558 4777 847 4833; x_wconf 76' lang='lat' dir='ltr'><strong>Montanus</strong></span> <span class='ocrx_word' id='word_1_714' title='bbox 874 4776 1055 4830; x_wconf 86' lang='lat' dir='ltr'><strong>lumen</strong></span> <span class='ocrx_word' id='word_1_715' title='bbox 1079 4775 1444 4845; x_wconf 89' lang='lat' dir='ltr'><strong>corporalium</strong></span> <span class='ocrx_word' id='word_1_716' title='bbox 1469 4774 1752 4829; x_wconf 85' lang='lat' dir='ltr'><strong>oculorum</strong></span> 
     </span>
    </p>
   </div>
   <div class='ocr_carea' id='block_1_94' title="bbox 167 4865 1754 4936">
    <p class='ocr_par' dir='ltr' id='par_1_94' title="bbox 167 4865 1754 4936">
     <span class='ocr_line' id='line_1_94' title="bbox 167 4865 1754 4936; baseline -0.002 -14"><span class='ocrx_word' id='word_1_717' title='bbox 167 4872 443 4927; x_wconf 85' lang='lat' dir='ltr'><strong>amiserat.</strong></span> <span class='ocrx_word' id='word_1_718' title='bbox 467 4869 709 4926; x_wconf 86' lang='lat' dir='ltr'><strong>Tandem</strong></span> <span class='ocrx_word' id='word_1_719' title='bbox 731 4866 1080 4924; x_wconf 83' lang='lat' dir='ltr'><strong>credentibus</strong></span> <span class='ocrx_word' id='word_1_720' title='bbox 1102 4867 1420 4936; x_wconf 84' lang='lat' dir='ltr'><strong>parentibus</strong></span> <span class='ocrx_word' id='word_1_721' title='bbox 1445 4865 1624 4919; x_wconf 79' lang='lat' dir='ltr'><strong>verbis</strong></span> <span class='ocrx_word' id='word_1_722' title='bbox 1652 4865 1754 4919; x_wconf 83' lang='lat' dir='ltr'><strong>viri</strong></span> 
     </span>
    </p>
   </div>
   <div class='ocr_carea' id='block_1_95' title="bbox 170 4962 1754 5036">
    <p class='ocr_par' dir='ltr' id='par_1_95' title="bbox 170 4962 1754 5036">
     <span class='ocr_line' id='line_1_95' title="bbox 170 4962 1754 5036; baseline -0.002 -16"><span class='ocrx_word' id='word_1_723' title='bbox 170 4962 287 5030; x_wconf 84' lang='lat' dir='ltr'><strong>Dei,</strong></span> <span class='ocrx_word' id='word_1_724' title='bbox 319 4967 379 5021; x_wconf 85' lang='lat' dir='ltr'><strong>tit</strong></span> <span class='ocrx_word' id='word_1_725' title='bbox 406 4968 686 5036; x_wconf 87' lang='lat' dir='ltr'><strong>gaudium,</strong></span> <span class='ocrx_word' id='word_1_726' title='bbox 717 4965 863 5035; x_wconf 87' lang='lat' dir='ltr'><strong>quod</strong></span> <span class='ocrx_word' id='word_1_727' title='bbox 892 4964 1053 5020; x_wconf 87' lang='lat' dir='ltr'><strong>talem</strong></span> <span class='ocrx_word' id='word_1_728' title='bbox 1083 4963 1389 5035; x_wconf 86' lang='lat' dir='ltr'><strong>suscepturi</strong></span> <span class='ocrx_word' id='word_1_729' title='bbox 1419 4970 1602 5017; x_wconf 85' lang='lat' dir='ltr'><strong>essent</strong></span> <span class='ocrx_word' id='word_1_730' title='bbox 1629 4976 1754 5032; x_wconf 80' lang='lat' dir='ltr'><strong>pro-</strong></span> 
     </span>
    </p>
   </div>
   <div class='ocr_carea' id='block_1_96' title="bbox 169 5052 1758 5128">
    <p class='ocr_par' dir='ltr' id='par_1_96' title="bbox 169 5052 1758 5128">
     <span class='ocr_line' id='line_1_96' title="bbox 169 5052 1758 5128; baseline 0.003 -21"><span class='ocrx_word' id='word_1_731' title='bbox 169 5052 294 5123; x_wconf 90' lang='lat' dir='ltr'><strong>lem,</strong></span> <span class='ocrx_word' id='word_1_732' title='bbox 326 5060 381 5116; x_wconf 89' lang='lat' dir='ltr'><strong>in</strong></span> <span class='ocrx_word' id='word_1_733' title='bbox 401 5058 558 5128; x_wconf 84' lang='lat' dir='ltr'><strong>cujus</strong></span> <span class='ocrx_word' id='word_1_734' title='bbox 601 5059 956 5128; x_wconf 85' lang='lat' dir='ltr'><strong>conceptione</strong></span> <span class='ocrx_word' id='word_1_735' title='bbox 985 5072 1091 5112; x_wconf 90' lang='lat' dir='ltr'><strong>non</strong></span> <span class='ocrx_word' id='word_1_736' title='bbox 1138 5058 1280 5114; x_wconf 73' lang='lat' dir='ltr'><strong>foret</strong></span> <span class='ocrx_word' id='word_1_737' title='bbox 1305 5055 1474 5112; x_wconf 88' lang='lat' dir='ltr'><strong>ardor</strong></span> <span class='ocrx_word' id='word_1_738' title='bbox 1511 5055 1758 5126; x_wconf 79' lang='lat' dir='ltr'><strong>explendi</strong></span> 
     </span>
    </p>
   </div>
   <div class='ocr_carea' id='block_1_97' title="bbox 171 5145 1761 5219">
    <p class='ocr_par' dir='ltr' id='par_1_97' title="bbox 171 5145 1761 5219">
     <span class='ocr_line' id='line_1_97' title="bbox 171 5145 1761 5219; baseline -0.001 -17"><span class='ocrx_word' id='word_1_739' title='bbox 171 5145 431 5218; x_wconf 86' lang='lat' dir='ltr'><strong>libidinis,</strong></span> <span class='ocrx_word' id='word_1_740' title='bbox 477 5152 572 5206; x_wconf 90' lang='lat' dir='ltr'><strong>sed</strong></span> <span class='ocrx_word' id='word_1_741' title='bbox 617 5164 772 5205; x_wconf 88' lang='lat' dir='ltr'><strong>amor</strong></span> <span class='ocrx_word' id='word_1_742' title='bbox 800 5150 1125 5219; x_wconf 70' lang='lat' dir='ltr'><strong>generandae</strong></span> <span class='ocrx_word' id='word_1_743' title='bbox 1159 5151 1317 5219; x_wconf 77' lang='lat' dir='ltr'><strong>juxta</strong></span> <span class='ocrx_word' id='word_1_744' title='bbox 1354 5147 1597 5204; x_wconf 82' lang='lat' dir='ltr'><strong>divinum</strong></span> <span class='ocrx_word' id='word_1_745' title='bbox 1628 5162 1761 5218; x_wconf 69' lang='lat' dir='ltr'><strong>prai-</strong></span> 
     </span>
    </p>
   </div>
   <div class='ocr_carea' id='block_1_98' title="bbox 170 5238 1760 5313">
    <p class='ocr_par' dir='ltr' id='par_1_98' title="bbox 170 5238 1760 5313">
     <span class='ocr_line' id='line_1_98' title="bbox 170 5238 1760 5313; baseline 0.004 -23"><span class='ocrx_word' id='word_1_746' title='bbox 170 5242 375 5310; x_wconf 87' lang='lat' dir='ltr'><strong>sagium</strong></span> <span class='ocrx_word' id='word_1_747' title='bbox 404 5242 626 5300; x_wconf 89' lang='lat' dir='ltr'><strong>sobolis.</strong></span> <span class='ocrx_word' id='word_1_748' title='bbox 656 5240 974 5311; x_wconf 84' lang='lat' dir='ltr'><strong>Concipitur</strong></span> <span class='ocrx_word' id='word_1_749' title='bbox 1000 5256 1130 5313; x_wconf 88' lang='lat' dir='ltr'><strong>ergo</strong></span> <span class='ocrx_word' id='word_1_750' title='bbox 1155 5242 1373 5299; x_wconf 74' lang='lat' dir='ltr'><strong>futurus</strong></span> <span class='ocrx_word' id='word_1_751' title='bbox 1395 5238 1598 5294; x_wconf 83' lang='lat' dir='ltr'><strong>Christi</strong></span> <span class='ocrx_word' id='word_1_752' title='bbox 1627 5252 1760 5309; x_wconf 87' lang='lat' dir='ltr'><strong>pon-</strong></span> 
     </span>
    </p>
   </div>
   <div class='ocr_carea' id='block_1_99' title="bbox 174 5328 1762 5399">
    <p class='ocr_par' dir='ltr' id='par_1_99' title="bbox 174 5328 1762 5399">
     <span class='ocr_line' id='line_1_99' title="bbox 174 5328 1762 5399; baseline 0.003 -18"><span class='ocrx_word' id='word_1_753' title='bbox 174 5328 321 5399; x_wconf 76' lang='lat' dir='ltr'><strong>tifex,</strong></span> <span class='ocrx_word' id='word_1_754' title='bbox 348 5344 403 5391; x_wconf 91' lang='lat' dir='ltr'><strong>et</strong></span> <span class='ocrx_word' id='word_1_755' title='bbox 446 5331 645 5391; x_wconf 83' lang='lat' dir='ltr'><strong>Christi</strong></span> <span class='ocrx_word' id='word_1_756' title='bbox 680 5331 1105 5389; x_wconf 68' lang='lat' dir='ltr'><strong>adminiculante</strong></span> <span class='ocrx_word' id='word_1_757' title='bbox 1148 5329 1543 5394; x_wconf 82' lang='lat' dir='ltr'><strong>misericordia,</strong></span> <span class='ocrx_word' id='word_1_758' title='bbox 1586 5338 1762 5385; x_wconf 86' lang='lat' dir='ltr'><strong>mater</strong></span> 
     </span>
    </p>
   </div>
   <div class='ocr_carea' id='block_1_100' title="bbox 171 5416 1762 5496">
    <p class='ocr_par' dir='ltr' id='par_1_100' title="bbox 171 5416 1762 5496">
     <span class='ocr_line' id='line_1_100' title="bbox 171 5416 1762 5496; baseline 0.001 -23"><span class='ocrx_word' id='word_1_759' title='bbox 171 5416 484 5483; x_wconf 84' lang='lat' dir='ltr'><strong>beatissima</strong></span> <span class='ocrx_word' id='word_1_760' title='bbox 529 5439 713 5496; x_wconf 90' lang='lat' dir='ltr'><strong>quem,</strong></span> <span class='ocrx_word' id='word_1_761' title='bbox 754 5426 974 5496; x_wconf 88' lang='lat' dir='ltr'><strong>auspice</strong></span> <span class='ocrx_word' id='word_1_762' title='bbox 1016 5424 1163 5489; x_wconf 87' lang='lat' dir='ltr'><strong>Deo,</strong></span> <span class='ocrx_word' id='word_1_763' title='bbox 1208 5420 1487 5491; x_wconf 89' lang='lat' dir='ltr'><strong>concepit,</strong></span> <span class='ocrx_word' id='word_1_764' title='bbox 1531 5418 1762 5475; x_wconf 84' lang='lat' dir='ltr'><strong>feliciter</strong></span> 
     </span>
    </p>
   </div>
   <div class='ocr_carea' id='block_1_101' title="bbox 172 5510 1737 5532">
    <p class='ocr_par' dir='ltr' id='par_1_101' title="bbox 172 5510 1737 5532">
     <span class='ocr_line' id='line_1_101' title="bbox 172 5510 1737 5532; baseline 0 0"><span class='ocrx_word' id='word_1_765' title='bbox 172 5510 240 5532; x_wconf 76' lang='lat' dir='ltr'><strong>Ill!</strong></span> <span class='ocrx_word' id='word_1_766' title='bbox 533 5517 563 5532; x_wconf 72' lang='grc' dir='ltr'><strong>ο-</strong></span> <span class='ocrx_word' id='word_1_767' title='bbox 730 5516 740 5527; x_wconf 75' lang='grc' dir='ltr'><strong>ο</strong></span> <span class='ocrx_word' id='word_1_768' title='bbox 786 5516 823 5532; x_wconf 81' lang='lat' dir='ltr'><strong>n</strong></span> <span class='ocrx_word' id='word_1_769' title='bbox 927 5520 937 5530; x_wconf 77' lang='grc' dir='ltr'><strong>ι</strong></span> <span class='ocrx_word' id='word_1_770' title='bbox 981 5517 1013 5529; x_wconf 68' lang='grc' dir='ltr'><strong>υ·</strong></span> <span class='ocrx_word' id='word_1_771' title='bbox 1276 5519 1289 5532; x_wconf 81' lang='grc' dir='ltr'><strong>ι</strong></span> <span class='ocrx_word' id='word_1_772' title='bbox 1447 5513 1652 5532; x_wconf 72' lang='lat' dir='ltr'><strong>n-__-__-</strong></span> <span class='ocrx_word' id='word_1_773' title='bbox 1702 5514 1737 5532; x_wconf 71' lang='lat'><strong>)2</strong></span> 
     </span>
    </p>
   </div>
   <div class='ocr_carea' id='block_1_102' title="bbox 1861 4571 3458 4644">
    <p class='ocr_par' dir='ltr' id='par_1_102' title="bbox 1861 4571 3458 4644">
     <span class='ocr_line' id='line_1_102' title="bbox 1861 4571 3458 4644; baseline 0.003 -15"><span class='ocrx_word' id='word_1_774' title='bbox 1861 4574 1966 4629; x_wconf 71' lang='lat' dir='ltr'><strong>tnui</strong></span> <span class='ocrx_word' id='word_1_775' title='bbox 1992 4581 2403 4642; x_wconf 86' lang='lat' dir='ltr'><strong>assumpseruut</strong></span> <span class='ocrx_word' id='word_1_776' title='bbox 2423 4571 2722 4643; x_wconf 76' lang='lat' dir='ltr'><strong>cognomen</strong></span> <span class='ocrx_word' id='word_1_777' title='bbox 2755 4571 2951 4644; x_wconf 76' lang='lat' dir='ltr'><strong>(Marc.</strong></span> <span class='ocrx_word' id='word_1_778' title='bbox 2973 4575 3079 4643; x_wconf 90' lang='grc' dir='ltr'>ιιι).</span> <span class='ocrx_word' id='word_1_779' title='bbox 3108 4573 3171 4628; x_wconf 81' lang='lat' dir='ltr'><strong>Et</strong></span> <span class='ocrx_word' id='word_1_780' title='bbox 3197 4574 3458 4633; x_wconf 86' lang='lat' dir='ltr'><strong>Dominus</strong></span> 
     </span>
    </p>
   </div>
   <div class='ocr_carea' id='block_1_103' title="bbox 1862 4660 3459 4733">
    <p class='ocr_par' dir='ltr' id='par_1_103' title="bbox 1862 4660 3459 4733">
     <span class='ocr_line' id='line_1_103' title="bbox 1862 4660 3459 4733; baseline 0.004 -16"><span class='ocrx_word' id='word_1_781' title='bbox 1862 4678 1925 4720; x_wconf 92' lang='lat' dir='ltr'><strong>ac</strong></span> <span class='ocrx_word' id='word_1_782' title='bbox 1953 4663 2285 4733; x_wconf 78' lang='lat' dir='ltr'><strong>Redemptor</strong></span> <span class='ocrx_word' id='word_1_783' title='bbox 2310 4671 2497 4717; x_wconf 84' lang='lat' dir='ltr'><strong>noster</strong></span> <span class='ocrx_word' id='word_1_784' title='bbox 2524 4660 2705 4728; x_wconf 86' lang='lat' dir='ltr'><strong>Jesus,</strong></span> <span class='ocrx_word' id='word_1_785' title='bbox 2735 4665 2791 4721; x_wconf 91' lang='lat' dir='ltr'><strong>id</strong></span> <span class='ocrx_word' id='word_1_786' title='bbox 2814 4674 2902 4723; x_wconf 90' lang='lat' dir='ltr'><strong>est</strong></span> <span class='ocrx_word' id='word_1_787' title='bbox 2948 4664 3223 4732; x_wconf 84' lang='lat' dir='ltr'><strong>Salvator,</strong></span> <span class='ocrx_word' id='word_1_788' title='bbox 3259 4677 3343 4722; x_wconf 83' lang='lat' dir='ltr'><strong>est</strong></span> <span class='ocrx_word' id='word_1_789' title='bbox 3369 4684 3459 4724; x_wconf 89' lang='lat' dir='ltr'><strong>co-</strong></span> 
     </span>
    </p>
   </div>
   <div class='ocr_carea' id='block_1_104' title="bbox 1862 4756 3460 4826">
    <p class='ocr_par' dir='ltr' id='par_1_104' title="bbox 1862 4756 3460 4826">
     <span class='ocr_line' id='line_1_104' title="bbox 1862 4756 3460 4826; baseline 0.003 -17"><span class='ocrx_word' id='word_1_790' title='bbox 1862 4756 2210 4826; x_wconf 87' lang='lat' dir='ltr'><strong>gnominatus</strong></span> <span class='ocrx_word' id='word_1_791' title='bbox 2241 4766 2535 4826; x_wconf 89' lang='lat' dir='ltr'><strong>antequam</strong></span> <span class='ocrx_word' id='word_1_792' title='bbox 2564 4772 2731 4813; x_wconf 88' lang='lat' dir='ltr'><strong>carne</strong></span> <span class='ocrx_word' id='word_1_793' title='bbox 2763 4769 2949 4824; x_wconf 87' lang='lat' dir='ltr'><strong>natus,</strong></span> <span class='ocrx_word' id='word_1_794' title='bbox 2981 4772 3046 4811; x_wconf 89' lang='lat' dir='ltr'><strong>eo</strong></span> <span class='ocrx_word' id='word_1_795' title='bbox 3073 4760 3215 4826; x_wconf 90' lang='lat' dir='ltr'><strong>quod</strong></span> <span class='ocrx_word' id='word_1_796' title='bbox 3250 4760 3460 4814; x_wconf 76' lang='lat' dir='ltr'><strong>salvum</strong></span> 
     </span>
    </p>
   </div>
   <div class='ocr_carea' id='block_1_105' title="bbox 1867 4846 3462 4916">
    <p class='ocr_par' dir='ltr' id='par_1_105' title="bbox 1867 4846 3462 4916">
     <span class='ocr_line' id='line_1_105' title="bbox 1867 4846 3462 4916; baseline 0.004 -17"><span class='ocrx_word' id='word_1_797' title='bbox 1867 4846 2110 4901; x_wconf 82' lang='lat' dir='ltr'><strong>tacturus</strong></span> <span class='ocrx_word' id='word_1_798' title='bbox 2158 4856 2307 4903; x_wconf 87' lang='lat' dir='ltr'><strong>esset</strong></span> <span class='ocrx_word' id='word_1_799' title='bbox 2371 4847 2627 4916; x_wconf 87' lang='lat' dir='ltr'><strong>populum</strong></span> <span class='ocrx_word' id='word_1_800' title='bbox 2683 4865 2843 4904; x_wconf 90' lang='lat' dir='ltr'><strong>suum</strong></span> <span class='ocrx_word' id='word_1_801' title='bbox 2892 4863 2923 4903; x_wconf 90' lang='lat' dir='ltr'><strong>a</strong></span> <span class='ocrx_word' id='word_1_802' title='bbox 2988 4850 3228 4915; x_wconf 89' lang='lat' dir='ltr'><strong>peccatis</strong></span> <span class='ocrx_word' id='word_1_803' title='bbox 3272 4863 3462 4905; x_wconf 86' lang='lat' dir='ltr'><strong>eorum</strong></span> 
     </span>
    </p>
   </div>
   <div class='ocr_carea' id='block_1_106' title="bbox 1868 4937 3471 5011">
    <p class='ocr_par' dir='ltr' id='par_1_106' title="bbox 1868 4937 3471 5011">
     <span class='ocr_line' id='line_1_106' title="bbox 1868 4937 3471 5011; baseline 0.001 -19"><span class='ocrx_word' id='word_1_804' title='bbox 1868 4937 2087 5011; x_wconf 80' lang='lat' dir='ltr'><strong>(Matth.</strong></span> <span class='ocrx_word' id='word_1_805' title='bbox 2115 4937 2178 5009; x_wconf 91' lang='grc' dir='ltr'>ι).</span> <span class='ocrx_word' id='word_1_806' title='bbox 2211 4938 2291 4995; x_wconf 89' lang='lat' dir='ltr'><strong>lta</strong></span> <span class='ocrx_word' id='word_1_807' title='bbox 2322 4954 2454 5008; x_wconf 86' lang='lat' dir='ltr'><strong>ergo</strong></span> <span class='ocrx_word' id='word_1_808' title='bbox 2494 4950 2550 4994; x_wconf 88' lang='lat' dir='ltr'><strong>et.</strong></span> <span class='ocrx_word' id='word_1_809' title='bbox 2577 4938 2767 4995; x_wconf 88' lang='lat' dir='ltr'><strong>beatus</strong></span> <span class='ocrx_word' id='word_1_810' title='bbox 2796 4937 3076 5006; x_wconf 82' lang='lat' dir='ltr'><strong>Remigius</strong></span> <span class='ocrx_word' id='word_1_811' title='bbox 3123 4938 3194 4993; x_wconf 87' lang='lat' dir='ltr'><strong>ab</strong></span> <span class='ocrx_word' id='word_1_812' title='bbox 3229 4955 3295 4995; x_wconf 90' lang='lat' dir='ltr'><strong>eo</strong></span> <span class='ocrx_word' id='word_1_813' title='bbox 3321 4939 3471 5010; x_wconf 87' lang='lat' dir='ltr'><strong>quod</strong></span> 
     </span>
    </p>
   </div>
   <div class='ocr_carea' id='block_1_107' title="bbox 1866 5026 3473 5097">
    <p class='ocr_par' dir='ltr' id='par_1_107' title="bbox 1866 5026 3473 5097">
     <span class='ocr_line' id='line_1_107' title="bbox 1866 5026 3473 5097; baseline -0.005 -10"><span class='ocrx_word' id='word_1_814' title='bbox 1866 5030 2165 5087; x_wconf 75' lang='lat' dir='ltr'><strong>Ecclesium</strong></span> <span class='ocrx_word' id='word_1_815' title='bbox 2210 5032 2314 5088; x_wconf 90' lang='lat' dir='ltr'><strong>sibi</strong></span> <span class='ocrx_word' id='word_1_816' title='bbox 2366 5030 2691 5086; x_wconf 81' lang='lat' dir='ltr'><strong>credendam</strong></span> <span class='ocrx_word' id='word_1_817' title='bbox 2739 5030 2881 5085; x_wconf 88' lang='lat' dir='ltr'><strong>inter</strong></span> <span class='ocrx_word' id='word_1_818' title='bbox 2931 5026 3252 5097; x_wconf 80' lang='lat' dir='ltr'><strong>ﬂuctivagos</strong></span> <span class='ocrx_word' id='word_1_819' title='bbox 3282 5026 3473 5087; x_wconf 83' lang='lat' dir='ltr'><strong>mundi</strong></span> 
     </span>
    </p>
   </div>
   <div class='ocr_carea' id='block_1_108' title="bbox 1868 5121 3481 5194">
    <p class='ocr_par' dir='ltr' id='par_1_108' title="bbox 1868 5121 3481 5194">
     <span class='ocr_line' id='line_1_108' title="bbox 1868 5121 3481 5194; baseline -0.006 -15"><span class='ocrx_word' id='word_1_820' title='bbox 1868 5135 2118 5180; x_wconf 84' lang='lat' dir='ltr'><strong>recturus</strong></span> <span class='ocrx_word' id='word_1_821' title='bbox 2146 5137 2297 5184; x_wconf 84' lang='lat' dir='ltr'><strong>esset</strong></span> <span class='ocrx_word' id='word_1_822' title='bbox 2324 5122 2627 5187; x_wconf 76' lang='lat' dir='ltr'><strong>anfractus,</strong></span> <span class='ocrx_word' id='word_1_823' title='bbox 2687 5121 2918 5194; x_wconf 79' lang='lat' dir='ltr'><strong>Remigii</strong></span> <span class='ocrx_word' id='word_1_824' title='bbox 2949 5132 3257 5187; x_wconf 85' lang='lat' dir='ltr'><strong>cognomen</strong></span> <span class='ocrx_word' id='word_1_825' title='bbox 3284 5136 3314 5175; x_wconf 85' lang='lat' dir='ltr'><strong>a</strong></span> <span class='ocrx_word' id='word_1_826' title='bbox 3365 5121 3481 5174; x_wconf 83' lang='lat' dir='ltr'><strong>Deo</strong></span> 
     </span>
    </p>
   </div>
   <div class='ocr_carea' id='block_1_109' title="bbox 1866 5209 3481 5287">
    <p class='ocr_par' dir='ltr' id='par_1_109' title="bbox 1866 5209 3481 5287">
     <span class='ocr_line' id='line_1_109' title="bbox 1866 5209 3481 5287; baseline -0.006 -12"><span class='ocrx_word' id='word_1_827' title='bbox 1866 5225 2151 5277; x_wconf 86' lang='lat' dir='ltr'><strong>assecutus</strong></span> <span class='ocrx_word' id='word_1_828' title='bbox 2176 5232 2284 5275; x_wconf 86' lang='lat' dir='ltr'><strong>est.</strong></span> <span class='ocrx_word' id='word_1_829' title='bbox 2328 5216 2624 5275; x_wconf 73' lang='lat' dir='ltr'><strong>Serrorum</strong></span> <span class='ocrx_word' id='word_1_830' title='bbox 2651 5229 2888 5287; x_wconf 87' lang='lat' dir='ltr'><strong>namque</strong></span> <span class='ocrx_word' id='word_1_831' title='bbox 2920 5209 3019 5266; x_wconf 82' lang='lat' dir='ltr'><strong>Dei</strong></span> <span class='ocrx_word' id='word_1_832' title='bbox 3058 5214 3344 5282; x_wconf 83' lang='lat' dir='ltr'><strong>proprium</strong></span> <span class='ocrx_word' id='word_1_833' title='bbox 3372 5221 3481 5274; x_wconf 83' lang='lat' dir='ltr'><strong>est,</strong></span> 
     </span>
    </p>
   </div>
   <div class='ocr_carea' id='block_1_110' title="bbox 1866 5304 3484 5376">
    <p class='ocr_par' dir='ltr' id='par_1_110' title="bbox 1866 5304 3484 5376">
     <span class='ocr_line' id='line_1_110' title="bbox 1866 5304 3484 5376; baseline -0.011 -4"><span class='ocrx_word' id='word_1_834' title='bbox 1866 5332 1898 5373; x_wconf 88' lang='lat' dir='ltr'><strong>a</strong></span> <span class='ocrx_word' id='word_1_835' title='bbox 1943 5316 2056 5371; x_wconf 88' lang='lat' dir='ltr'><strong>Deo</strong></span> <span class='ocrx_word' id='word_1_836' title='bbox 2085 5310 2417 5370; x_wconf 86' lang='lat' dir='ltr'><strong>nominatim</strong></span> <span class='ocrx_word' id='word_1_837' title='bbox 2456 5305 2604 5361; x_wconf 87' lang='lat' dir='ltr'><strong>sciri.</strong></span> <span class='ocrx_word' id='word_1_838' title='bbox 2650 5304 2805 5376; x_wconf 84' lang='lat' dir='ltr'><strong>Unde</strong></span> <span class='ocrx_word' id='word_1_839' title='bbox 2851 5306 2946 5364; x_wconf 85' lang='lat' dir='ltr'><strong>uni</strong></span> <span class='ocrx_word' id='word_1_840' title='bbox 2989 5316 3183 5358; x_wconf 86' lang='lat' dir='ltr'><strong>eorum</strong></span> <span class='ocrx_word' id='word_1_841' title='bbox 3243 5304 3484 5362; x_wconf 85' lang='lat' dir='ltr'><strong>dicitur:</strong></span> 
     </span>
    </p>
   </div>
   <div class='ocr_carea' id='block_1_111' title="bbox 1875 5380 3488 5471">
    <p class='ocr_par' dir='ltr' id='par_1_111' title="bbox 1875 5380 3488 5471">
     <span class='ocr_line' id='line_1_111' title="bbox 1875 5380 3488 5471; baseline -0.01 -7"><span class='ocrx_word' id='word_1_842' title='bbox 1875 5408 2013 5464; x_wconf 82' lang='lat' dir='ltr'><strong>Novi</strong></span> <span class='ocrx_word' id='word_1_843' title='bbox 2046 5415 2094 5458; x_wconf 83' lang='lat' dir='ltr'><strong>te</strong></span> <span class='ocrx_word' id='word_1_844' title='bbox 2121 5422 2188 5459; x_wconf 78' lang='lat' dir='ltr'><strong>ex</strong></span> <span class='ocrx_word' id='word_1_845' title='bbox 2214 5401 2430 5462; x_wconf 83' lang='lat' dir='ltr'><strong>nomine</strong></span> <span class='ocrx_word' id='word_1_846' title='bbox 2450 5395 2654 5468; x_wconf 76' lang='lat' dir='ltr'><strong>(Exod.</strong></span> <span class='ocrx_word' id='word_1_847' title='bbox 2683 5380 2915 5471; x_wconf 68' lang='grc' dir='ltr'>χχχιιιῇ</span> <span class='ocrx_word' id='word_1_848' title='bbox 2940 5403 2995 5451; x_wconf 92' lang='lat' dir='ltr'><strong>et</strong></span> <span class='ocrx_word' id='word_1_849' title='bbox 3017 5393 3180 5449; x_wconf 88' lang='lat' dir='ltr'><strong>beato</strong></span> <span class='ocrx_word' id='word_1_850' title='bbox 3215 5396 3488 5459; x_wconf 66' lang='lat' dir='ltr'><strong>Jeremiai,</strong></span> 
     </span>
    </p>
   </div>
   <div class='ocr_carea' id='block_1_112' title="bbox 1874 5485 3496 5532">
    <p class='ocr_par' dir='ltr' id='par_1_112' title="bbox 1874 5485 3496 5532">
     <span class='ocr_line' id='line_1_112' title="bbox 1874 5485 3496 5532; baseline 0 0"><span class='ocrx_word' id='word_1_851' title='bbox 1874 5505 1939 5532; x_wconf 68' lang='grc' dir='ltr'><strong>...ι</strong></span> <span class='ocrx_word' id='word_1_852' title='bbox 1972 5499 2119 5532; x_wconf 64' lang='grc' dir='ltr'>ιω..ιά</span> <span class='ocrx_word' id='word_1_853' title='bbox 2151 5496 2321 5532; x_wconf 55' lang='lat' dir='ltr'><strong>una“:</strong></span> <span class='ocrx_word' id='word_1_854' title='bbox 2368 5490 2797 5532; x_wconf 69' lang='lat' dir='ltr'><strong>nrmlionl&#39;tnnnin</strong></span> <span class='ocrx_word' id='word_1_855' title='bbox 2833 5494 2997 5532; x_wconf 77' lang='lat' dir='ltr'><strong>itum-</strong></span> <span class='ocrx_word' id='word_1_856' title='bbox 3028 5485 3238 5532; x_wconf 73' lang='lat' dir='ltr'><strong>dicitur</strong></span> <span class='ocrx_word' id='word_1_857' title='bbox 3260 5509 3272 5521; x_wconf 87' lang='lat'><strong>-</strong></span> <span class='ocrx_word' id='word_1_858' title='bbox 3309 5487 3496 5532; x_wconf 68' lang='lat' dir='ltr'><strong>Prius-</strong></span> 
     </span>
    </p>
   </div>
  </div>
