4010 6330
491 353 634 413 1135

1306 341 1640 401 HINCMARI
1677 341 1895 398 ausu.
1936 297 2266 399 Asculea.
2299 341 2669 402 epuseuu
2707 308 2943 398 vanu.

3642 349 3794 406 H56

493 474 588 530 tris
628 482 734 526 tua:
784 464 1108 535 sanctiﬁcavi
1153 471 1202 515 te
1233 459 1366 532 (λεν.
1411 457 1469 529 ι).
1512 457 1776 513 Jeremias
1827 456 1971 510 enim
2011 457 2080 511 ab
2108 459 2158 517 Α
2185 453 2634 530 Gennadiolegit]
2661 458 3073 529 archiepiscopo
3099 457 3153 513 in
3178 459 3283 514 hac
3303 460 3438 516 urbe
3457 458 3790 530 Rhemensi,

493 564 761 624 idolorum
787 558 932 615 cultu
961 554 1214 627 populum
1246 560 1618 614 revocaturus,
1646 550 1696 604 in
1723 559 1912 604 ventre
1953 564 2080 604 san-

493 657 766 714 ctiﬁcatur
811 670 826 706 :
861 629 1097 707 Joannes
1141 643 1396 715 populum
1431 658 1530 698 suo
1569 641 1972 696 illuniinaturus
1999 640 2082 694 al-

494 751 701 821 loquio,
727 747 780 803 in
810 755 964 800 utero
1001 748 1248 794 materno
1289 734 1658 806 propheticam
1698 733 1934 802 suscepit
1961 747 2084 802 gra-

496 843 627 897 tiam
657 837 915 912 (Luat);
957 842 1012 889 et
1062 834 1254 888 beatus
1303 830 1582 900 Remigius
1639 823 1853 900 gentem
1907 826 2083 880 Fran-

494 949 683 990 corum
715 945 745 983 a
778 926 1018 982 tenebris
1048 923 1366 995 ignorantia
1407 921 1472 975 ad
1523 920 1694 976 lucem
1726 919 2085 988 perducturus

495 1021 799 1092 Evangelii,
824 1020 1010 1074 itidem
1043 1017 1225 1074 divina
1256 1016 1488 1070 donatus
1517 1022 1602 1068 est
1630 1011 1829 1084 gratia,
1861 1021 1919 1064 ut
1939 1009 2084 1079 quod

494 1117 838 1190 perfecturus
865 1120 987 1167 erat
1029 1109 1352 1170 ministerio,
1389 1122 1511 1164 cum
1562 1105 1917 1176 participibus
1957 1103 2085 1190 suis

493 1209 608 1279 pari
641 1207 971 1262 claresceret
995 1217 1240 1266 munere,
1288 1209 1343 1256 et
1369 1201 1481 1271 qui,
1519 1208 1578 1254 ut
1603 1199 1806 1252 dictum
1858 1203 1959 1259 est,
1983 1194 2086 1249 Ec-

493 1301 718 1358 clesiam
745 1298 861 1362 Dei,
891 1294 1112 1366 speciali
1148 1302 1327 1349 autem
1368 1308 1497 1347 cura
1529 1290 1862 1344 Rhemorum
1893 1286 2085 1342 civita-

498 1402 607 1450 tem
653 1399 816 1460 atque
844 1388 1204 1460 provinciam,
1233 1386 1459 1456 remigio
1507 1383 1716 1437 alarum
1747 1387 2082 1444 sanctarum,

498 1485 708 1542 scilicet
755 1483 921 1538 verbo
951 1492 1006 1538 et
1057 1479 1329 1550 exemplo,
1382 1477 1590 1532 meritis
1620 1485 1674 1530 et
1723 1472 2082 1536 orationibus,

496 1585 618 1631 erat
644 1574 736 1630 Dei
792 1571 1266 1644 pradestinatione
1308 1577 1576 1630 recturus,
1609 1576 1659 1622 et
1691 1565 1932 1636 perfecto
1960 1578 2086 1617 cer-

497 1671 703 1724 tamine
733 1669 924 1740 spiritu
956 1665 1196 1722 calestia
1228 1678 1391 1734 regna
1438 1662 1726 1732 petiturus,
1771 1658 2085 1730 angelorum

498 1761 686 1832 utique
715 1761 1006 1817 subvectus
1034 1758 1258 1822 auxilio,
1290 1753 1569 1826 Remigius
1588 1763 1672 1808 est
1687 1753 1808 1824 jure
1832 1752 1925 1808 Dei
1952 1766 2088 1822 pra-

497 1855 748 1924 ceptione
770 1864 1010 1908 vocatus.

570 1941 637 1997 γ.
663 1941 772 1998 Nec
798 1943 926 1997 illud
964 1942 1232 1997 silendum
1263 1949 1365 2003 est,
1389 1938 1516 2009 quia
1549 1938 1602 1992 in
1633 1937 1840 1993 chartis
1881 1936 2088 1992 recenti

500 2047 744 2108 tempore
768 2045 892 2106 post
913 2036 1056 2091 illius
1085 2036 1316 2100 obitum,
1349 2035 1444 2090 sed
1474 2043 1532 2088 et
1571 2041 1697 2102 post
1740 2031 1893 2100 plura
1922 2044 2094 2085 anno-

501 2145 622 2185 rum
653 2128 924 2185 curricula
957 2129 1136 2189 factis.
1171 2129 1238 2183 de
1288 2126 1450 2182 rebus
1495 2125 1788 2180 Rhemensi
1835 2124 2092 2179 Ecclesia

500 2221 736 2286 traditis,
761 2219 1076 2276 Remedium
1102 2219 1268 2274 fuisse
1294 2218 1631 2273 nominatum
1663 2218 1907 2288 legimus.
1937 2216 2092 2283 Quod

499 2312 593 2383 qui
627 2310 816 2367 merita
845 2318 901 2366 et
927 2319 1046 2365 acta
1079 2309 1222 2364 illius
1251 2307 1502 2372 attendit,
1548 2321 1788 2378 congrue
1833 2307 1936 2360 hoc
1965 2321 2091 2360 eum

501 2405 723 2461 nomine
744 2403 1068 2474 appellatum
1095 2402 1264 2457 fuisse
1286 2401 1553 2470 intelligit.
1585 2401 1687 2469 Qui
1709 2401 1984 2472 mitigator
2008 2399 2093 2454 fu-

501 2493 644 2550 roris
684 2493 920 2559 Domini,
952 2493 1007 2548 in
1040 2502 1282 2563 tempore
1327 2490 1624 2546 iracundia
1673 2490 1849 2546 factus
1879 2498 1964 2545 est
2009 2504 2094 2544 re-

498 2585 829 2649 conciliatio,
861 2592 917 2640 et
955 2584 1336 2655 magniﬁcatus
1361 2599 1392 2637 a
1437 2583 1666 2637 Domino
1716 2581 1770 2635 in
1799 2589 2093 2651 conspectu

502 2691 715 2746 regum,
745 2673 799 2730 in
841 2673 1025 2730 verbis
1060 2673 1192 2738 suis,
1243 2673 1385 2729 sicut
1431 2673 1486 2727 in
1536 2672 1886 2741 sequentibus
1915 2680 2096 2726 osten-

500 2767 714 2834 demus,
749 2774 1016 2832 monstra,
1044 2765 1294 2821 videlicet
1319 2779 1559 2837 paganos
1585 2763 1815 2828 feroces,
1837 2763 2091 2834 placavit.

500 2860 695 2916 Merito
726 2859 890 2932 igitur
927 2873 1052 2914 eum
1093 2855 1411 2912 Remedium
1467 2856 1633 2911 fuisse
1675 2855 2012 2910 nominatum
2040 2854 2092 2908 in

501 2951 828 3022 baptismate
901 2948 1290 3014 crederemus,
1348 2947 1454 3003 nisi
1526 2949 1580 3002 in
1633 2947 2095 3002 emendatioribus

501 3044 668 3114 gestis
719 3043 870 3097 illum
924 3040 1146 3098 oraculo
1196 3041 1378 3096 divino
1439 3055 1537 3110 per
1581 3048 1828 3096 sanctum
1887 3039 2093 3095 Monta-

502 3150 630 3190 num
673 3132 979 3204 Remigium
1009 3133 1193 3188 vocari
1237 3133 1436 3187 debere
1472 3145 1939 3201 cognosceremus.
1983 3131 2092 3187 Sed

501 3236 557 3283 et
580 3227 632 3282 in
656 3226 900 3282 versibus
925 3224 1167 3280 metricis
1186 3223 1255 3278 ab
1277 3224 1394 3295 ipso
1420 3224 1756 3294 compositis,
1780 3232 1834 3277 et
1848 3221 2096 3294 iussione

504 3320 650 3374 illius
680 3318 732 3374 in
761 3318 995 3390 quodam
1019 3332 1148 3372 vase
1173 3318 1242 3372 ab
1271 3332 1336 3372 eo
1368 3326 1688 3372 consecrato
1717 3316 1967 3386 sculptis,
2023 3317 2096 3371 ita

501 3411 732 3485 legimus
753 3429 768 3468 :

626 3519 832 3568 Hauriat
853 3518 966 3567 hinc
985 3514 1196 3579 p0pulus
1219 3517 1364 3579 vitam
1387 3513 1874 3579 desanguinesacro
1889 3549 1903 3575 ,

635 3579 818 3640 Iujecto
840 3575 1060 3640 aternus
1081 3590 1228 3640 quem
1255 3575 1376 3625 fudit
1397 3575 1601 3624 vulnere
1621 3575 1861 3640 Christus.

629 3636 885 3703 Remigius
905 3639 1065 3688 reddit
1088 3638 1296 3688 Domino
1320 3650 1404 3684 sua
1429 3645 1535 3685 vota
1561 3636 1803 3685 sacerdos.

578 3718 731 3786 Quod
771 3733 868 3774 vas
921 3733 1091 3787 usque
1140 3718 1206 3770 ad
1239 3724 1423 3770 nostra
1463 3728 1702 3784 tempora
1754 3715 2094 3784 perduravit,

504 3811 677 3865 donec
708 3808 909 3875 fusum,
941 3809 993 3864 in
1021 3808 1443 3878 redemptionem
1485 3807 1669 3860 datum
1701 3818 1783 3861 est
1835 3805 2097 3862 Christia-

504 3919 724 3969 norum,
759 3911 817 3958 ut
847 3919 874 3958 a
906 3903 1167 3958 ministris
1192 3902 1389 3956 diaboli
1422 3900 1770 3956 Nortmannis
1809 3903 2096 3957 redimeret

501 3995 738 4067 pretium
768 3995 1008 4066 argentei
1037 3994 1242 4060 calicis,
1270 4009 1403 4062 quos
1449 3994 1513 4048 de
1558 4001 1822 4062 potestate
1855 3995 2097 4049 tenebra-

503 4105 622 4144 rum
656 4091 960 4144 redemerat
1001 4086 1200 4141 effusus
1249 4088 1466 4157 sanguis
1511 4085 1718 4150 calieis,
1765 4085 1964 4140 Christi
2015 4087 2094 4139 vi-

502 4181 700 4236 delicet
726 4179 1011 4251 passionis.

574 4271 663 4328 VI.
695 4272 949 4328 Traditus
975 4280 1156 4327 autem
1206 4288 1236 4326 a
1297 4274 1611 4343 parentibus
1657 4274 1856 4329 schola
1895 4273 2092 4329 litteris

501 4363 846 4428 imbuendus,
873 4365 926 4418 in
956 4364 1102 4419 brevi
1131 4365 1343 4429 coavis,
1373 4375 1427 4420 et
1455 4367 1617 4420 etiam
1645 4375 1770 4420 natu
1797 4365 2090 4435 majoribus

500 4456 616 4511 suis
639 4455 880 4510 doctrina
907 4455 1260 4510 excellentior
1290 4467 1371 4512 est
1391 4456 1633 4511 effectus.
1670 4457 1934 4512 Studebat
1961 4475 2089 4528 quo-

2183 548 2424 603 omnium
2455 548 2782 619 generaliter
2805 548 2945 603 votis
2966 547 3032 602 ad
3058 548 3323 620 pontiﬁcii
3349 550 3565 606 culmen
3600 565 3793 622 raptus

2185 641 2355 698 fuisse
2406 643 2742 713 dignoscitur
2792 643 2973 712 potius
3026 659 3187 713 quam
3243 644 3470 700 electus.
3517 645 3612 700 Fit
3654 663 3790 717 ergo

2185 750 2482 792 concursus
2508 735 2712 806 populi,
2742 736 2942 792 diversi
2989 737 3209 808 quidem
3240 752 3422 805 sexus,
3454 740 3792 798 conditionis

2186 840 2251 880 ac
2280 826 2583 896 dignitatis,
2629 841 2837 881 necnon
2881 835 2937 882 et
2987 828 3166 884 atatis
3211 843 3225 894 ;
3273 830 3367 885 sed
3423 830 3591 886 unius
3621 842 3792 902 atque

2186 915 2425 985 ejusdem
2448 917 2732 973 sententia
2754 919 2935 974 cuncti
2983 919 3130 975 hunc
3157 934 3286 977 vere
3315 921 3427 978 Deo
3455 923 3710 996 dignum,
3736 937 3793 979 et

2187 1011 2278 1080 qui
2300 1010 2510 1080 populis
2523 1009 2723 1080 praeﬁci
2741 1011 2985 1079 deberet,
3013 1013 3409 1070 acclamabant.
3427 1015 3529 1071 Vir
3559 1028 3789 1072 anteme

2187 1102 2536 1157 beatissimus
2566 1103 2651 1157 his
2683 1105 2950 1174 angustiis
3002 1105 3314 1176 depressus,
3367 1108 3558 1163 nimiis
3587 1109 3796 1168 allicie-

2186 1195 2348 1249 batur
2372 1193 2702 1263 angoribus:
2734 1197 2860 1266 quia
2913 1212 3013 1253 nec
3064 1196 3206 1270 fuga
3235 1199 3384 1257 locus
3412 1218 3589 1273 usque
3635 1217 3796 1274 pate-

2185 1287 2302 1351 bat,
2339 1302 2438 1342 nec
2457 1288 2674 1358 pepulo,
2701 1299 2760 1343 ut
2788 1288 2857 1344 ab
2877 1289 3177 1346 intentione
3197 1304 3376 1364 capta
3408 1297 3794 1366 resipisceret,

2187 1379 2463 1433 ullomodo
2501 1380 2814 1437 satisfacere
2844 1393 3076 1454 poterat.
3129 1385 3334 1444 Divina
3371 1406 3616 1461 namque
3672 1405 3797 1448 erat

2188 1469 2504 1536 voluntatis,
2533 1480 2593 1525 ut
2621 1473 2713 1542 qui
2743 1475 2987 1529 omnium
3017 1477 3180 1532 saluti
3226 1491 3622 1551 prospecturus
3647 1497 3792 1549 erat,

2187 1563 2431 1617 omnium
2473 1564 2958 1623 acclamationibus
3001 1569 3414 1641 eligeretur;et
3463 1576 3560 1645 qui
3594 1578 3796 1633 unitati

2190 1656 2313 1711 ﬁdei
2339 1671 2459 1712 cum
2481 1657 2594 1726 jam
2622 1659 2890 1727 ﬁdelibus,
2922 1672 2976 1716 et
3012 1661 3208 1719 futuris
3231 1666 3476 1721 ﬁdelibus
3511 1679 3636 1722 erat
3669 1686 3797 1739 pro-

2189 1751 2425 1814 visurus,
2458 1752 2655 1807 unione
2705 1757 2882 1810 cuncti
2908 1759 3088 1829 pOpuii
3142 1762 3208 1814 ad
3244 1762 3428 1817 sedem
3459 1766 3798 1823 eveheretur

2115 1817 2166 1880 B
2193 1844 2548 1900 sacerdotalis
2577 1847 2817 1903 honoris.
2867 1848 3254 1908 Sanctissimus
3281 1856 3501 1924 quidem
3534 1859 3638 1921 vir,
3666 1873 3796 1914 cum

2195 1941 2280 1994 his
2301 1940 2786 2000 acclamationibus
2813 1958 2876 1998 se
2918 1946 3100 2014 urgeri
3150 1948 3512 2017 conspiceret,
3547 1951 3614 2006 de
3638 1951 3796 2006 inﬁr-

2196 2033 2400 2088 mitatis
2448 2043 2504 2088 et
2557 2035 2733 2090 atatis
2772 2052 2884 2091 sua
2913 2046 3157 2109 tempore
3194 2043 3451 2112 conqueri
3514 2047 3710 2115 capit,
3741 2056 3796 2102 et

2195 2125 2322 2194 quia
2359 2126 2766 2183 ecclesiasticus
2792 2128 2928 2184 ordo
2959 2131 3232 2186 inﬁrmam
3280 2142 3497 2189 atatem
3548 2137 3618 2191 ad
3649 2137 3797 2194 hanc

2195 2233 2302 2272 non
2332 2220 2598 2290 reciperet
2621 2221 2942 2292 dignitatem
2968 2239 3098 2281 voce
3131 2227 3343 2296 publica
3369 2227 3671 2286 fatebatur.
3701 2231 3795 2286 ’ῐί-

2197 2312 2382 2366 mebat
2403 2313 2569 2377 enim,
2597 2329 2664 2368 ne
2701 2315 2990 2372 immatura
3013 2325 3147 2372 atas
3176 2318 3380 2376 inimici
3409 2321 3672 2377 versutiis
3695 2323 3795 2377 im-

2197 2414 2452 2472 pugnata,
2505 2403 2706 2475 aliquid
2767 2407 3116 2464 contraheret
3163 2409 3390 2468 sinistri.
3443 2411 3556 2466 Sed
3608 2414 3794 2469 divina

2195 2496 2389 2566 gratia,
2413 2505 2468 2550 et
2498 2513 2684 2553 vocem
2715 2500 3032 2569 populorum
3061 2504 3503 2560 constantissime
3539 2506 3594 2560 in
3621 2508 3797 2578 ipsius

2196 2590 2493 2658 perdurare
2542 2589 2670 2645 fecit
2704 2592 2990 2660 electione,
3034 2604 3088 2648 et
3117 2604 3363 2650 sanctum
3396 2597 3580 2651 virum
3607 2597 3678 2653 ab
3705 2614 3796 2653 an-

2200 2679 2332 2749 tiqui
2361 2679 2539 2736 hostis
2582 2683 2823 2752 protexit
2853 2683 3206 2755 malignitate.
3255 2686 3470 2742 Etcum
3495 2689 3683 2760 populi
3707 2705 3795 2746 ac.

2197 2769 2459 2826 clamaret
2483 2771 2808 2843 frequentia,
2838 2783 2894 2829 et
2919 2777 3295 2850 sanctissimus
3319 2780 3406 2834 vir
3426 2795 3624 2854 magna
3651 2783 3796 2836 reni-

2199 2872 2406 2918 teretur
2427 2868 2758 2932 constantia,
2786 2867 2989 2938 placuit
3017 2869 3374 2941 omnipotenti
3405 2871 3519 2928 Deo
3548 2874 3600 2927 ei
3629 2875 3796 2930 maui-

2199 2957 2509 3015 festissimis
2536 2969 2842 3018 monstrare
2877 2963 3114 3029 indiciis,
3145 2961 3288 3034 q'uod
3337 2966 3458 3036 ipse
3487 2967 3554 3022 de
3599 2983 3666 3022 eo
3697 2968 3798 3023 ba-

2195 3054 2350 3110 heret
2376 3053 2663 3123 judicium.

2270 3147 2378 3205 VII.
2411 3149 2624 3204 Etenim
2646 3165 2768 3206 cum
2797 3152 2958 3208 modo
2992 3151 3248 3224 pradicto
3279 3153 3445 3209 reniti
3483 3164 3797 3220 conaretur,

2204 3241 2509 3295 videntibus
2543 3243 2755 3297 cunctis
2779 3243 2871 3312 qui
2903 3243 3150 3307 aderant,
3192 3243 3476 3298 descendit
3498 3245 3678 3300 subito
3712 3260 3800 3298 ra-

2201 3331 2322 3386 dius
2347 3333 2471 3387 novi
2503 3332 2724 3388 luminis
2753 3350 2917 3405 super
2969 3334 3136 3404 ipsius
3172 3336 3272 3390 viri
3302 3339 3478 3392 sancti
3510 3338 3799 3403 verticem,

2201 3441 2266 3480 ac
2290 3426 2333 3479 si
2372 3426 2487 3494 ipse
2532 3424 2610 3480 sol
2651 3425 2717 3480 de
2761 3427 2900 3481 coelo
2936 3435 3114 3482 motus
3143 3443 3308 3498 super
3331 3443 3451 3484 eum
3483 3429 3800 3484 ceciderit:

2198 3525 2252 3572 et
2294 3517 2422 3587 quia
2465 3517 2942 3574 illuniinandarum
2986 3519 3075 3574 lux
3122 3521 3408 3590 parabatur
3435 3522 3805 3588 animarum,

2199 3611 2315 3680 ipse
2342 3628 2583 3682 quoque,
2626 3628 2750 3668 cum
2779 3614 2846 3668 ad
2884 3613 2986 3670 hoc
3011 3631 3147 3686 opus
3175 3618 3562 3672 ascisceretur.
3594 3619 3804 3674 lumine

2199 3702 2386 3756 debuit
2417 3703 2686 3758 declarari
2716 3704 2937 3760 visibili.
2989 3705 3108 3776 Ipse
3133 3722 3368 3776 namque
3397 3715 3521 3761 erat
3549 3707 3802 3775 lucerna,

2198 3812 2316 3866 qua
2345 3812 2450 3851 non
2484 3797 2585 3852 sub
2614 3799 2794 3852 modio
2821 3814 2964 3853 cura
2990 3814 3262 3869 corporea
3281 3841 3296 3865 ,
3339 3801 3440 3856 sed
3479 3815 3644 3869 super
3669 3817 3797 3856 can-

2198 3885 2477 3952 delabrum
2510 3888 2815 3958 purissima
2861 3905 2926 3944 ac
2971 3889 3066 3944 Dei
3108 3890 3319 3945 dilecta
3361 3892 3800 3948 conversationis

2196 3987 2315 4032 erat
2358 3980 2604 4048 ponenda
2631 4020 2644 4043 ,
2694 3987 2961 4050 quatenus
2993 3980 3098 4044 his,
3148 3981 3239 4049 qui
3287 3982 3340 4035 in
3387 3981 3552 4037 domo
3595 3993 3798 4037 sancta

2195 4068 2450 4124 Ecclesia
2494 4069 2660 4124 futuri
2706 4080 2863 4126 erant
2889 4112 2904 4138 ,
2957 4072 3135 4127 lumen
3179 4075 3401 4143 optima
3435 4075 3800 4133 institutionis

2193 4164 2482 4232 praberet.

2271 4256 2397 4311 VIII.
2425 4257 2807 4314 Placuitetiam
2821 4261 3226 4332 omnipotentiae
3253 4262 3454 4317 divina
3479 4263 3606 4318 huic
3628 4265 3796 4318 mira-

2193 4349 2314 4404 culo
2337 4351 2479 4403 aliud
2495 4351 2710 4416 addere,
2729 4355 2794 4407 ad
2809 4353 3174 4409 ostensionem
3190 4355 3510 4409 meritorum
3538 4355 3790 4411 beatissi-

2193 4442 2264 4497 mi
2288 4444 2408 4497 viri.
2435 4442 2646 4498 Etenim
2677 4446 2829 4500 radio
2855 4445 3167 4515 supradicto
3185 4461 3245 4500 se
3275 4445 3603 4510 illustrante,
3621 4447 3795 4502 sensit

504 4563 610 4616 quc
659 4555 877 4602 teneros
921 4561 1092 4601 annos
1126 4564 1336 4603 tuorum
1389 4551 1702 4604 maturitate
1754 4550 1993 4616 vincere,
2042 4561 2096 4606 et

2199 4535 2363 4606 capiti
2408 4550 2508 4590 suo
2553 4537 2806 4606 unguinis
2852 4537 2994 4594 sacri
3036 4538 3272 4593 infusum
3307 4537 3618 4607 liquorem;
3689 4555 3796 4610 quo

503 4637 936 4694 benevolentiam
963 4639 1142 4692 cordis
1190 4623 1470 4692 charilatis
1502 4639 1658 4692 melle
1700 4641 1940 4704 condire,
1975 4649 2088 4695 tur-

501 4732 601 4788 bas
625 4729 1053 4802 frequentiorum
1077 4730 1392 4801 populorum
1414 4731 1607 4797 vitare,
1629 4741 1684 4787 et
1705 4741 1763 4786 ut
1787 4748 2091 4803 praconem

419 4855 428 4864 -
503 4841 660 4882 suum
693 4824 884 4880 fecisse
913 4823 1194 4886 didicerat,
1247 4822 1355 4878 vita
1397 4825 1638 4879 solitaria
1684 4825 1736 4880 in
1786 4826 2089 4881 reclusione

504 4916 736 4972 Domino
772 4916 1013 4969 servire:
1042 4915 1135 4984 qui
1191 4913 1340 4969 locus
1392 4916 1445 4968 in
1477 4929 1656 4972 castro
1703 4917 1962 4974 Lauduno
1992 4921 2089 4973 ha-

502 5015 697 5063 ctenus
722 5005 1058 5077 designatur,
1089 5013 1142 5060 ct
1192 5006 1576 5061 venerabiliter
1606 5009 1820 5064 colitur.
1873 5009 1929 5063 In
1982 5026 2088 5080 qua

503 5098 807 5154 reclusione
830 5097 1082 5152 secumlis
1112 5100 1452 5154 successibus
1471 5102 1714 5154 certatim
1746 5112 1946 5157 sancta
1961 5119 2090 5157 con-

501 5189 825 5244 versationis
854 5190 1048 5245 studiis
1093 5189 1272 5260 justus
1321 5191 1635 5247 adolescens
1688 5193 1915 5247 Domino
1947 5195 2087 5248 mili-

505 5280 660 5336 tavit.
693 5281 758 5336 Et
784 5297 907 5336 cum
937 5281 1006 5336 ad
1061 5281 1245 5352 viginti
1278 5291 1333 5336 et
1377 5283 1512 5339 duos
1555 5283 1730 5338 atatis
1767 5299 1876 5338 sua
1917 5299 2091 5342 annos

499 5373 787 5444 pervenit,
845 5370 1100 5448 defuncto
1149 5371 1423 5428 Beunadio
1476 5373 1595 5447 [al.,
1645 5373 1900 5444 Benagio.
1955 5373 2085 5430 Bar.

573 5589 600 5619 ι
626 5576 781 5646 Quod
825 5576 894 5632 ad
939 5581 1159 5632 atatem
1202 5573 1440 5645 pertinet
1469 5573 1526 5630 S.
1559 5574 1793 5646 Remigii
1822 5573 2088 5631 accidisse

503 5645 773 5703 interdum
811 5645 1177 5720 cognoscitur,
1215 5654 1277 5720 ut
1307 5646 1377 5720 ob
1405 5645 1888 5720 eminentissimam
1915 5646 2086 5720 virtu-

501 5727 634 5787 tem_
666 5724 826 5786 atque
875 5715 1160 5773 scientiam
1211 5715 1438 5787 alicujus
1485 5716 1976 5787 (quemadmodum
2024 5716 2084 5787 in

503 5785 562 5843 S.
606 5785 815 5842 Joanne
839 5787 1224 5860 Chrysostomo
1256 5785 1522 5843 accidisse
1546 5787 1816 5853 videmus,
1854 5787 1945 5856 qui
1980 5786 2084 5844 nisi

2202 4634 2371 4680 totum
2403 4623 2518 4693 ejus
2546 4624 2844 4680 delibutum
2875 4635 2958 4682 est
2986 4638 3166 4696 caput.
3222 4627 3286 4682 Et
3323 4630 3561 4683 merito:
3603 4639 3666 4684 ut
3703 4630 3792 4699 qui

2197 4717 2375 4771 oleum
2413 4716 2694 4785 spirituale
2729 4717 2960 4788 populis,
2994 4733 3100 4787 quo
3135 4734 3326 4773 eorum
3361 4721 3586 4789 quidem
3613 4723 3792 4792 capita

2198 4809 2390 4864 visibili
2410 4853 2424 4876 ,
2466 4820 2677 4866 mentes
2704 4822 2884 4868 autem
2916 4813 3331 4883 pradicatione,
3363 4827 3558 4872 sancto
3585 4818 3791 4888 Spiritu

2196 4909 2248 4962 in
2281 4924 2340 4963 se
2368 4907 2643 4978 loquente,
2674 4917 2936 4963 uncturus
2957 4919 3075 4964 erat
3101 4910 3398 4965 chrismate
3428 4911 3713 4976 invisibili,
3742 4913 3788 4967 id

2193 5011 2277 5056 est
2303 5001 2473 5071 gratia
2503 5002 2743 5072 ejusdem
2769 5000 3003 5070 Spiritus
3029 5002 3226 5067 sancti,
3251 5001 3367 5072 ipse
3393 5017 3614 5072 quoque
3641 5005 3788 5073 prius

2194 5093 2286 5147 tali
2317 5085 2569 5148 unctione
2603 5093 2969 5164 insigniretur.
3002 5093 3255 5162 Acceptis
3279 5103 3464 5149 autem
3494 5095 3700 5151 talibus
3725 5112 3786 5150 ac

2195 5187 2360 5242 tantis
2403 5187 2701 5256 auspiciis,
2752 5186 2950 5242 divinis
2998 5186 3177 5240 timuit
3221 5187 3503 5242 contraire
3542 5190 3778 5244 statutis.

2193 5276 2377 5347 Neque
2402 5279 2545 5333 enim
2579 5287 2751 5332 tutum
2783 5278 2858 5332 illi
2888 5278 3057 5334 videri
3085 5287 3320 5348 poterat,
3351 5290 3431 5334 tot
3457 5280 3632 5350 signis
3657 5297 3782 5351 pra-

2195 5370 2558 5438 currentibus,
2584 5370 2781 5427 divina
2803 5371 3178 5426 contradicere
3194 5369 3460 5439 iussioni,
3480 5372 3782 5443 prasertim

2192 5577 2317 5647 fuga
2366 5575 2467 5631 sibi
2498 5575 2785 5647 consulere
2826 5572 3035 5647 potuit,
3077 5586 3148 5647 ne
3173 5572 3418 5644 ejusdem
3439 5573 3628 5647 atatis
3666 5571 3781 5647 epi-

2191 5642 2782 5776 l“obpanstordinaretur)
2826 5642 2893 5704 de
2937 5644 3140 5702 minori
3177 5642 3339 5702 atate
3378 5644 3608 5702 minime
3648 5642 3783 5700 ratio

2211 5735 2256 5774 ia
2333 5733 2390 5774 re
2416 5734 2498 5775 ur.
