4010 6330
195 425 326 485 “57

1432 422 1589 484 VITA
1627 422 1872 482 SANCTI
1912 424 2191 486 REMlGll.

3322 399 3460 498 uss

191 560 309 602 cum
340 536 456 597 luce
480 546 535 597 et
562 542 815 600 unctione
843 540 1016 601 sancti
1048 538 1302 616 Spiritus,
1336 560 1455 616 qua:
1483 544 1603 601 oleo
1630 544 1762 601 visi-
1789 524 1842 606 Α
1869 543 2208 615 triumphare
2246 544 2539 619 martyrio;
2573 548 2672 617 pro
2710 545 2831 604 cibo
2867 561 2932 605 ac
2972 556 3101 619 potu
3134 551 3236 608 hoc
3274 568 3459 611 secum

190 634 278 695 bili
310 636 642 706 designatur,
676 634 906 693 interius
936 636 1238 695 illustratus
1262 647 1425 715 atque
1447 646 1765 709 perunctus,

190 728 328 783 utet
357 724 412 781 S.
447 723 635 792 Isaias,
672 725 1069 783 admittendum
1116 741 1177 787 se
1220 728 1275 783 in
1320 727 1560 785 divinum
1609 728 1769 784 mini-

187 817 441 882 sterium,
484 816 682 873 debere
719 832 780 874 se
818 817 1001 889 potius
1045 817 1244 876 oll‘erre
1288 834 1453 890 quam
1484 833 1767 886 excusare,

188 908 450 967 didicerit.
596 966 601 973 ,

254 1000 344 1056 1x.
384 999 699 1059 Posthabita
738 1016 868 1075 ergo
902 1002 1050 1060 omni
1076 1004 1431 1071 dubitatione,
1481 1011 1643 1074 atque
1674 1018 1770 1061 an-

137 1103 143 1109 '
185 1091 327 1164 cipiti
358 1093 611 1148 submota
646 1093 917 1150 sententia
940 1134 957 1161 ,
1008 1094 1366 1150 unanimitate
1392 1094 1769 1164 episcoporum

185 1184 508 1243 Bbemensis
526 1187 837 1259 provincite,
860 1186 1043 1245 infulis
1064 1187 1305 1243 induitur
1320 1186 1768 1254 sacerdotalibus,

182 1276 562 1332 benedictione
591 1285 945 1333 consecratur
973 1275 1267 1349 episcopali
1294 1293 1309 1343 ;
1358 1285 1520 1346 atque
1557 1277 1612 1333 in
1641 1277 1769 1333 sede

180 1366 503 1438 prazsulatus
554 1367 850 1424 collocatur
904 1367 1065 1440 hujus
1120 1368 1358 1424 civitatis
1410 1368 1765 1424 Rhemorum.

183 1457 282 1516 Ubi
311 1460 500 1515 statim
526 1458 606 1516 sic
631 1459 882 1533 apparuit
906 1467 1064 1530 aptus
1088 1467 1145 1515 et
1170 1460 1412 1522 devotus,
1443 1467 1697 1530 tanquam
1722 1458 1769 1514 si

179 1549 376 1617 ofﬁcio,
407 1551 480 1607 ad
510 1552 655 1622 quod
685 1550 897 1607 noviter
921 1550 1271 1614 ascenderat,
1295 1548 1500 1622 jugiter
1524 1548 1772 1619 pr:efuis-'

180 1651 281 1697 set.
337 1640 470 1697 Fuit
510 1642 693 1712 itaque
739 1642 795 1697 in
840 1639 1196 1712 eleemosynis
1236 1640 1440 1711 largus,
1492 1642 1546 1696 in
1573 1640 1770 1713 vigiliis

180 1732 417 1799 sedulus,
446 1733 500 1789 in
520 1732 769 1791 oratione
792 1733 1034 1800 devotus,
1056 1733 1109 1788 in
1134 1732 1474 1788 humanitate
1493 1732 1766 1803 profusus,

179 1820 233 1879 in
268 1818 515 1881 doctrina
551 1824 888 1896 prmcipuus,
943 1825 996 1879 in
1046 1825 1316 1880 cbaritate
1360 1825 1662 1895 perfectus,
1712 1825 1769 1879 in

1871 633 2212 692 incessanter
2240 637 2559 694 ruminans:
2601 635 2845 695 Fuerunt
2888 640 3018 696 mihi
3057 640 3307 715 lacrymw
3330 658 3461 712 mere

1870 743 2030 798 panes
2058 727 2145 782 die
2173 745 2237 784 ac
2269 738 2418 785 nocte
2444 728 2619 802 (Psal.
2647 731 2783 804 xu).
2835 728 3170 804 Concupitcit
3204 744 3255 791 et
3286 735 3461 806 deﬁcit

1872 819 2051 872 animo
2077 834 2193 873 mea
2222 819 2278 874 in
2305 821 2709 885 atria_Domini.
2758 821 2865 879 Cor
2888 839 3061 879 meum
3098 835 3147 881 et
3187 842 3313 883 caro
3343 844 3462 884 mea

1871 909 2263 966 exultauerunt
2292 912 2351 966 in
2375 911 2544 968 Deum
2574 914 2744 970 vivum
2770 913 2944 988 (Psal;
2968 916 3223 990 Lxxxtn).
3255 917 3462 988 Defecit

1870 998 1928 1054 in
1971 998 2206 1055 salutare
2251 1011 2399 1056 tuum
2448 1005 2628 1059 anima
2671 1022 2788 1061 mea
2816 1005 2989 1080 (Psal.
3017 1002 3230 1083 cxv'ttt).
3285 1008 3463 1067 Sitieit

1871 1091 1928 1145 in
1969 1101 2019 1146 te
2059 1093 2238 1148 anima
2276 1111 2391 1150 mea
2415 1136 2429 1160 ,
2480 1113 2639 1167 quant
2685 1097 3045 1170 multipliciter
3068 1102 3161 1156 tibi
3190 1118 3317 1157 caro
3346 1118 3465 1157 mea

1873 1181 2046 1255 (Psal.
2071 1186 2229 1257 tht).
2285 1174 2459 1243 Sili'uit
2489 1189 2668 1243 anima
2700 1206 2814 1244 mea
2844 1192 2914 1245 ad
2942 1191 3111 1247 Deum
3146 1194 3345 1265 {autem
3380 1194 3461 1249 vi-

1871 1290 1990 1329 uum
2015 1292 2033 1330 :
2068 1277 2282 1347 quando
2312 1278 2515 1333 veniam
2563 1289 2613 1333 et
2660 1282 2923 1351 apparebo
2953 1292 3075 1337 ante
3104 1282 3292 1350 faciem
3322 1283 3419 1337 Dei
3441 1281 3467 1335 ν

1872 1365 2048 1439 (Psal.
2074 1370 2211 1439 xu.)
2262 1370 2332 1425 Et
2354 1371 2685 1427 consolando
2719 1388 2779 1428 se
2807 1373 3020 1429 dicebat
3043 1390 3063 1428 :
3093 1371 3271 1440 Quare
3299 1375 3467 1429 tristis

1870 1475 1942 1525 es,
1974 1460 2153 1514 anima
2179 1476 2317 1525 mea,
2344 1472 2392 1516 et
2420 1479 2583 1532 quare
2612 1463 2892 1519 conturbas
2921 1463 3048 1519 me?
3075 1462 3243 1534 Spera
3272 1464 3327 1519 in
3355 1462 3466 1519 Deo

1869 1551 2118 1629 quoniam
2160 1551 2334 1607 adhuc
2375 1553 2663 1623 conﬁtebor
2690 1552 2811 1609 illi:
2855 1552 3102 1610 Salutare
3129 1553 3305 1610 uultus
3340 1554 3466 1621 mei,

1870 1651 1920 1696 et
1950 1643 2091 1699 Deus
2121 1660 2268 1699 meus
2306 1644 2506 1716 (ibid.).
2562 1645 2835 1714 Satiabor,
2868 1648 2995 1702 dum
3036 1648 3469 1720 manifestabitur

1870 1733 2040 1805 gloria
2067 1736 2183 1806 ejus
2209 1734 2385 1809 (Psal.
2416 1738 2552 1811 xvr).

1941 1830 2010 1885 Χ.
2056 1828 2189 1884 Nam
2222 1829 2346 1899 quia
2398 1831 2694 1900 speciesui
2716 1831 3044 1898 Conditoris,
3079 1836 3147 1889 ad
3177 1848 3341 1905 quam
3367 1848 3467 1892 an-

180 1930 435 1972 sermone
487 1924 708 1985 paratus
733 1957 748 1982 ,
800 1915 855 1971 in
896 1906 1320 1999 conversatione
1369 1915 1768 1971 sanctissinms.
1803 1906 1849 1967 Β
1876 1919 2113 1984 hclabat,
2145 1920 2371 1975 necdum
2396 1920 2717 1986 satiabatur,
2744 1923 3021 1978 continuis
3040 1923 3289 1993 suspiriis
3303 1932 3467 1996 atque

181 2005 567 2064 Sinceritatem
608 2010 808 2064 mentis
842 2005 1027 2063 vultus
1062 2009 1144 2064 sui
1177 2009 1471 2065 serenitate
1500 2018 1769 2064 monstra-

181 2097 309 2156 bat:
355 2110 414 2156 et
455 2102 710 2172 pietatem
748 2101 1171 2157 clementissimi
1228 2102 1405 2157 cordis
1450 2103 1771 2158 ostendebat

182 2187 234 2242 in
275 2189 506 2244 lenitate
547 2190 834 2245 sermonis.
890 2189 1159 2261 Quidquid
1210 2191 1277 2245 ad
1326 2190 1553 2247 salutem
1586 2200 1770 2262 posset

180 2284 457 2351 pertinere
483 2292 763 2349 aeternam,
795 2299 900 2340 non
933 2284 1113 2340 minus
1143 2284 1401 2356 implebat
1426 2284 1770 2340 beatissimus

182 2384 376 2439 opere,
410 2388 573 2443 quam
602 2374 870 2430 sermonis
900 2372 1286 2444 praedicatione
1314 2373 1561 2429 docebat.
1611 2371 1657 2429 Ο
1687 2373 1768 2427 vi-

182 2477 302 2518 rum
353 2478 453 2535 per
500 2466 681 2521 omnia
736 2467 846 2521 Deo
891 2465 1113 2538 dignum
1163 2465 1176 2519 l
1233 2465 1517 2521 Eminebat
1558 2466 1610 2520 in
1656 2466 1772 2537 ipso

185 2556 378 2612 habitu
424 2559 590 2614 animi
634 2559 1022 2630 pulchritudo:
1060 2560 1111 2614 in
1145 2560 1325 2630 specie
1363 2561 1648 2617 exterioris
1677 2562 1774 2616 ho-

185 2649 368 2715 minis,
403 2650 575 2721 ipsam
600 2660 824 2721 putares
850 2665 1158 2722 expressam
1192 2652 1484 2722 imaginem
1516 2652 1767 2706 sanctita-

1869 2013 2177 2085 gemitibus,
2195 2013 2406 2071 diurnis
2420 2026 2581 2085 atque
2597 2015 2877 2071 nocturnis
2893 2015 3149 2087 lacrymis
3166 2015 3311 2071 illum
3326 2016 3468 2073 desi-

1869 2106 2087 2172 derans,
2122 2107 2212 2177 pio
2240 2105 2387 2162 luctu
2417 2106 2485 2161 ad
2515 2120 2747 2175 superna
2776 2107 2972 2178 gaudia
3000 2107 3301 2173 sublevata,
3332 2105 3468 2166 flen-

1870 2198 2001 2270 dose
2025 2198 2203 2253 anima
2237 2209 2424 2254 sancta
2452 2200 2710 2270 pascebat
2733 2216 2747 2253 :
2771 2207 2828 2254 et
2847 2200 2992 2254 intus
3021 2192 3238 2270 quidem
3262 2199 3468 2257 doloris

1871 2290 1953 2345 sui
1983 2291 2243 2361 gemitum
2274 2290 2558 2357 tolerabat,
2601 2290 2697 2346 sed
2737 2305 2802 2345 eo
2846 2289 3157 2346 refectionis
3202 2290 3466 2360 pabulum

1870 2383 2241 2453 percipiebat,
2274 2400 2385 2455 quo
2414 2385 2503 2439 hic
2533 2383 2614 2439 vis
2640 2385 2843 2439 amoris
2887 2398 2986 2452 per
3015 2383 3286 2455 laerymas
3318 2398 3468 2439 ema-

1872 2474 2061 2528 nabat.
2091 2473 2300 2529 Prwtcr
2329 2475 2496 2528 vitam
2553 2474 2712 2528 avide
2761 2473 2895 2528 nihil
2940 2474 3237 2538 esuriebat,
3268 2483 3468 2545 praeter

1867 2563 2138 2634 justitiam
2203 2553 2340 2620 nihil
2410 2565 2801 2621 delectabiliter
2866 2565 3106 2621 sitiebat.
3170 2565 3467 2624 Prazsentia

1877 2665 2132 2724 tanquam
2172 2655 2354 2710 inania
2379 2664 2544 2725 atque
2574 2664 2847 2711 transacta
2880 2657 3105 2712 absente
3136 2657 3326 2727 spiritu
3358 2672 3467 2713 non

184 2742 273 2796 tis.
303 2742 882 2799 Eratirreverentibus
905 2743 1162 2798 terribilis
1180 2745 1773 2814 aspectu,rcrerendus
1873 2746 2109 2811 videbat,
2149 2755 2204 2800 et
2229 2746 2281 2801 in
2318 2745 2501 2801 futuro
2537 2748 2772 2817 reposita
2815 2748 2969 2818 quasi
3019 2747 3196 2803 oculis
3247 2748 3465 2804 subdita

184 2835 433 2901 incessu,
464 2838 786 2893 metuendus
815 2837 1129 2903 severitate,
1160 2839 1504 2893 venerandus
1534 2838 1776 2909 henigni-
1875 2836 2313 2907 concupiscebat.
2351 2837 2413 2891 Et
2444 2835 2557 2892 fere
2584 2838 2674 2892 vix
2700 2846 2867 2903 terra,
2897 2854 3018 2909 quae
3059 2839 3222 2894 talem
3256 2840 3465 2909 genuit,

182 2934 319 2983 tate.
348 2927 642 2984 Censuram
666 2930 1008 2986 auctoritatis
1056 2931 1394 3002 temperabat
1420 2931 1774 2986 mansuetudo
1876 2943 1941 2984 ac
1978 2927 2043 2983 de
2086 2928 2307 2984 alumno
2331 2928 2487 2984 nobis
2515 2936 2829 3000 patronum,
2863 2931 2929 2986 de
2958 2931 3180 2988 homine
3214 2931 3468 3003 angelum

182 3016 531 3076 humilitatis.
562 3020 1017 3092 Delinquentibus
1043 3020 1260 3092 quidem
1291 3023 1598 3078 minabatur
1626 3021 1775 3076 fron-
1876 3036 1942 3075 ac
1991 3019 2265 3076 doctorem
2312 3021 2467 3076 nobis
2519 3022 2722 3078 emisit.
2769 3023 2915 3078 Bene
2944 3023 3108 3096 igitur
3128 3031 3184 3079 et
3205 3038 3465 3096 congrue,

188 3109 258 3165 tis
306 3112 636 3178 austeritas,
689 3112 783 3167 sed
829 3111 1213 3167 blandiebatur
1258 3111 1441 3167 cordis
1487 3109 1772 3166 serenitas.
1877 3111 2171 3166 secundum
2203 3111 2528 3181 Prophetam
2557 3112 2626 3169 de
2654 3112 2745 3170 illo
2779 3114 3064 3171 dicamus:
3117 3115 3179 3172 in
3213 3114 3470 3171 memoria

188 3199 330 3273 Erga
358 3202 497 3259 bene
524 3212 765 3276 agentes,
797 3204 995 3259 Petrus
1022 3203 1318 3275 apparebat
1343 3202 1396 3258 in
1424 3201 1575 3257 vultu
1602 3221 1615 3256 :
1645 3218 1773 3274 erga
1813 3268 1844 3276 _
1878 3212 2072 3255 (eterna
2115 3203 2213 3256 erit
2227 3202 2409 3272 justus
2438 3199 2610 3273 (Paul.
2655 3203 2758 3276 ιιι).
2793 3204 2963 3276 Digne
2987 3206 3133 3260 enim
3164 3205 3219 3261 in
3259 3221 3470 3263 memo-

188 3268 594 3365 delinquentes',
640 3294 840 3351 Paulus
885 3295 956 3349 in‘
983 3268 1175 3366 spiritu
1204 3312 1217 3348 :
1252 3309 1315 3350 ac
1344 3294 1387 3350 si
1420 3268 1776 3349 convenienie
1802 3268 1848 3332 (ἶ
1881 3290 1961 3345 ria
1988 3268 2242 3346 versatur
2265 3268 2563 3356 hominum,
2601 3292 2695 3362 qui
2718 3268 2801 3349 'ad
2830 3268 3025 3364 gaudia
3067 3294 3263 3350 transit
3303 3309 3470 3368 ange-

186 3383 244 3440 in
281 3401 393 3442 uno
424 3387 739 3443 diversitate
769 3387 1104 3459 gratiarum,
1150 3385 1294 3443 illius
1322 3386 1570 3457 pietatis,
1616 3385 1777 3455 hujus
1880 3380 2078 3435 lorum.
2110 3380 2212 3449 Qui
2260 3382 2382 3439 ideo
2420 3381 2654 3453 gratiam
2710 3381 2811 3438 Dei
2858 3384 3195 3456 glorificatus
3237 3386 3468 3454 invenit,

187 3485 308 3531 erat
347 3476 635 3533 aemulator
661 3478 1055 3535 districtionis:
1090 3478 1165 3533 ita
1193 3485 1252 3535 ut
1278 3492 1400 3533 cum
1428 3476 1775 3548 prmsentiam
1880 3472 2005 3541 quia
2051 3472 2238 3527 mundi
2263 3472 2514 3544 gloriam,
2551 3472 2768 3542 adjutus
2799 3475 2893 3530 Dei
2935 3476 3132 3548 gratia,
3178 3491 3287 3531 non
3321 3490 3471 3548 qua-

188 3569 304 3641 ejus
336 3571 621 3644 quisquam
657 3574 752 3628 vix
789 3575 1120 3639 sustineret,
1166 3572 1467 3630 absentiam
1498 3570 1643 3628 ferre
1668 3587 1776 3627 non
1880 3564 2025 3619 SiVil-
2094 3564 2195 3633 Qlli
2267 3564 2694 3637 gubernaculum
2762 3567 2886 3622 “dei
2952 3566 3181 3625 νὶτῖιῖῑθι·
3250 3576 3467 3635 tenens.

186 3670 394 3731 posset.
450 3661 792 3719 Inter-norum
822 3672 1002 3719 autem
1031 3664 1295 3719 bonorum
1324 3678 1547 3720 suorum
1575 3663 1779 3720 formas
1881 3655 2176 3709 anchoram
2198 3655 2315 3725 spei
2344 3655 2636 3726 tranquilla
2654 3654 2766 3728 jam
2790 3656 2844 3711 in
2868 3656 3104 3713 statione
3139 3657 3467 3729 composuit.

188 3764 253 3807 ac
287 3752 527 3823 species,
558 3752 700 3808 sicut
727 3768 887 3808 nemo
924 3753 992 3807 ad
1027 3753 1247 3824 plenum
1283 3753 1461 3824 potuit
1487 3753 1775 3823 inspicere,
1882 3744 1985 3812 Qui
2011 3755 2203 3802 contra
2226 3746 2490 3817 impetum
2516 3747 2739 3814 diaboli,
2764 3756 2977 3805 scutum
3002 3749 3098 3806 Dei
3127 3751 3200 3805 ita
3219 3749 3472 3821 infatiga-

188 3839 261 3895 ita
297 3855 463 3897 nemo
493 3840 695 3897 sufﬁcit
724 3842 1023 3912 explicare.
1079 3841 1229 3909 Quas
1267 3843 1409 3898 sicut
1446 3843 1539 3899 ille
1574 3844 1782 3899 studuit
1880 3835 2064 3892 biliter
2089 3836 2281 3901 tenuit,
2326 3844 2386 3891 ut
2406 3837 2473 3892 ad
2499 3838 2781 3894 victoriam
2824 3841 3160 3910 perveniret.
3194 3841 3471 3899 Habemus

184 3934 461 4000 excolere,
494 3935 568 3991 ita
599 3943 656 3992 et
684 3934 951 3992 laboravit
979 3935 1262 4002 occulere;
1298 3946 1353 3992 et
1378 3951 1499 3993 cum
1525 3936 1642 3992 haec
1669 3937 1776 3992 vel-

1882 3925 1938 3981 in
1969 3940 2035 3981 eo
2066 3926 2335 3981 medicum
2362 3941 2395 3982 e
2418 3926 2580 3994 coelo,
2619 3942 2745 3983 cum
2776 3942 2885 3999 quo
2913 3930 3196 3998 sanctitas,
3224 3931 3335 3987 imo
3355 3932 3470 4002 ipse

186 4021 259 4081 let
286 4025 499 4099 augeri,
526 4025 744 4082 nolebat
772 4026 1014 4099 agnosci,
1049 4024 1156 4083 Sed
1185 4028 1309 4096 quia
1339 4028 1444 4084 hoc
1472 4036 1556 4083 est
1584 4036 1778 4083 natura
1883 4015 2188 4072 sanctitatis
2249 4026 2471 4085 auctor,
2525 4017 2803 4074 civitatem
2887 4030 3130 4076 nostram
3222 4021 3466 4077 intravit.

179 4112 443 4184 iustitiae,
475 4127 533 4173 ut
559 4126 765 4188 quanto
792 4116 1092 4174 studiosius
1121 4117 1379 4174 abscondi
1410 4127 1595 4188 optat,
1629 4110 1799 4174 tanto-
1883 4108 2114 4177 Quantis
2160 4111 2339 4176 οωοίε,
2371 4126 2401 4166 a
2437 4112 2523 4166 Via
2576 4111 2823 4170 Veritatis
2884 4115 3228 4181 errantibus,
3293 4115 3470 4171 Visum

187 4206 395 4265 clarius
423 4208 747 4272 innotescat,
776 4218 831 4262 et
856 4206 1156 4264 occultatio
1185 4207 1301 4277 ipsa
1329 4206 1641 4276 praedicatio
1671 4207 1776 4263 sit:
1882 4214 1993 4270 quo
2016 4198 2265 4256 Christus
2278 4202 2511 4269 videatr,
2531 4202 2777 4272 aperuit?
2799 4201 2855 4257 In
2876 4213 3201 4273 quantorum
3222 4203 3466 4271 auribus,

186 4311 282 4368 per
301 4299 537 4371 populos
561 4309 833 4355 tantorum
856 4301 1125 4356 bonorum
1151 4300 1294 4354 fama
1318 4298 1600 4354 volitabat.
1632 4299 1781 4354 Emi-
1882 4296 2223 4351 sermonibus
2297 4295 2601 4350 caelestium
2678 4296 3054 4351 mandatorum
3076 4336 3092 4362 ,
3170 4296 3470 4365 pretiosum

188 4391 347 4447 nebat
395 4393 448 4447 in
479 4392 839 4448 admiratione
867 4393 1144 4459 omnium,
1192 4391 1354 4448 veluti
1387 4392 1580 4449 civitas
1619 4407 1781 4462 super
1882 4386 2080 4442 infudit
2137 4387 2418 4441 auditum?
2469 4387 2711 4454 Quantos
2762 4387 3088 4442 intrinsecus
3134 4386 3470 4454 vulneratos,

186 4486 454 4541 verticem
483 4485 684 4541 montis
707 4485 951 4557 exposita
971 4526 987 4553 ,
1029 4501 1131 4541 nec
1163 4485 1276 4555 jam
1316 4485 1535 4541 lucerna
1566 4494 1779 4557 poterat
1883 4480 2110 4552 angelici
2133 4481 2248 4535 oris
2279 4488 2398 4534 arte
2414 4488 2469 4535 et
2493 4470 2755 4536 orationis
2779 4479 2982 4536 virtute
3010 4480 3472 4548 curavit?‘Quan-

185 4570 351 4631 latere
380 4575 481 4630 sub
500 4574 702 4630 modio.
727 4574 973 4631 Gloriosa
998 4574 1088 4630 illa
1110 4575 1289 4630 anima
1312 4576 1526 4647 aperuit
1546 4564 1778 4631 latentes
1804 4625 1855 4647 h
1884 4580 2062 4628 torum
2094 4571 2323 4638 animas,
2351 4572 2589 4643 peccatis
2610 4572 2723 4643 jam
2771 4571 2826 4627 in
2882 4584 3109 4642 corpore
3159 4570 3465 4637 defunctas,

1804 4625 1857 4686 D

189 4667 242 4722 in
286 4684 346 4725 se
398 4668 617 4723 divitias
642 4667 947 4724 caelestium
977 4683 1286 4735 munerum,
1334 4676 1389 4724 et
1431 4669 1498 4724 de
1540 4668 1779 4723 armario

190 4774 353 4816 suave
384 4759 645 4815 olentium
673 4761 970 4823 virtutum,
1018 4769 1263 4815 aromata
1304 4759 1776 4826 sanctificationis,

192 4852 575 4923 ebgratiarum
607 4866 830 4908 suarum
867 4866 1030 4922 supra
1063 4865 1281 4908 omnem
1309 4851 1452 4905 hanc
1477 4850 1780 4907 Ecclesiam

192 4939 402 4998 ell'udit.
453 4941 742 5013 Neglector
769 4942 992 5014 quietis,
1036 4941 1225 5014 refuga
1256 4941 1571 5014 voluptatis,
1610 4956 1779 5013 appe.

196 5030 324 5087 titor
348 5031 577 5098 laboris,
607 5033 820 5104 patiens
848 5032 1183 5104 abjectionis,
1218 5032 1508 5104 impatiens
1532 5033 1778 5098 honoris,

196 5136 405 5195 pauper
428 5122 482 5178 in
511 5123 768 5194 pecunia,
808 5123 959 5179 dives
985 5122 1430 5186 in'conscientia,
1462 5122 1686 5178 humilis
1711 5122 1781 5178 ad

200 5216 416 5282 merita,
447 5216 713 5287 superbus
741 5215 809 5271 ad
836 5215 990 5271 vitia.
1044 5216 1137 5272 Sic
1166 5216 1223 5272 in
1251 5230 1312 5272 se
1337 5215 1574 5273 excoluit
1602 5216 1782 5273 diver-

202 5322 288 5362 sas
314 5310 614 5382 gratiarum
642 5310 898 5374 virtutes,
947 5317 1006 5365 ut
1050 5309 1142 5365 vix
1190 5309 1350 5380 pauci
1399 5317 1645 5366 tenerent
1671 5310 1815 5365 sint

203 5398 376 5469 gulas,
405 5400 677 5471 quomodo
708 5399 798 5457 ille
827 5399 1071 5470 implevit
1105 5399 1410 5457 universas.
1469 5398 1697 5470 Semper
1726 5401 1782 5456 in

204 5490 381 5558 operis
411 5491 691 5557 exercitio,
742 5504 959 5562 semper
1002 5490 1059 5546 in
1104 5490 1540 5562 compunctionis
1564 5489 1782 5558 affectu,

205 5579 345 5635 nulla
394 5582 471 5638 illi
519 5598 589 5640 ex
632 5583 887 5640 omnibus
915 5583 1238 5655 propensior
1270 5598 1435 5649 cura,
1469 5582 1574 5638 nisi
1605 5590 1667 5637 ut
1692 5591 1788 5638 aut

205 5670 272 5728 de
300 5672 409 5730 Deo
434 5676 488 5731 in
520 5675 754 5733 lectione
781 5684 944 5748 atque
970 5691 1243 5741 sermone,
1291 5685 1386 5730 aut
1426 5690 1549 5730 cum
1592 5673 1705 5730 Deo
1731 5676 1784 5729 in
1816 5743 1823 5747 _

205 5764 448 5820 oratione
504 5765 838 5838 loqueretur.
887 5768 989 5835 Qui
1041 5767 1273 5823 contrita
1331 5765 1602 5821 continuis
1647 5763 1788 5836 jeju-

205 5850 312 5909 niis
356 5869 479 5916 ossa
526 5860 778 5917 studebat
818 5860 885 5916 de
930 5866 1277 5930 persecutore
1325 5857 1580 5925 inimico,
1627 5857 1787 5926 longo

1884 4663 1951 4719 ad
2006 4662 2439 4718 emendationem
2508 4671 2766 4733 tanquam
2844 4662 2911 4718 ad
2976 4662 3153 4719 lucem
3226 4663 3469 4720 vocando

1885 4754 2273 4809 resuscitavit?
2322 4754 2559 4810 Docebat
2607 4754 2847 4825 quotidie
2896 4754 3033 4810 filios
3064 4769 3212 4820 suos,
3263 4769 3333 4809 ne
3382 4769 3473 4809 res

1887 4846 2094 4901 alienas
2149 4846 2615 4916 concupiscerent,
2664 4862 2735 4901 ne
2776 4847 2857 4901 eis
2890 4846 3148 4917 conjuges
3192 4854 3469 4901 extranea:

1886 4937 2127 5008 pulchrae
2161 4945 2365 5002 essent,
2405 4951 2474 4993 ne
2494 4938 2703 5009 peccati
2750 4952 3016 4993 venenum
3056 4951 3155 5007 per
3189 4945 3470 5006 aspectum

1889 5028 2122 5083 animam
2159 5035 2487 5098 penetraret.
2537 5029 2615 5084 De
2660 5038 2988 5099 quantorum
3046 5027 3303 5093 cordibus
3357 5027 3469 5093 ille,

1886 5120 2303 5193 quos-iniquitas
2329 5130 2385 5177 et
2415 5119 2662 5191 impietas
2702 5119 3038 5190 possidebat,
3070 5116 3275 5190 fugavit
3305 5118 3465 5175 luxu-

1886 5212 2047 5280 riam,
2072 5213 2303 5268 removit
2339 5213 2496 5278 iram,
2530 5209 2813 5266 restrinxit
2843 5208 3119 5274 invidiam,
3166 5208 3472 5266 revocando
3500 5208 3505 5213 ”

1887 5300 2014 5358 illuc
2059 5304 2219 5359 fidem
2277 5312 2335 5358 et
2391 5301 2719 5365 castitatem,
2778 5308 2942 5372 atque
2992 5300 3464 5357 misericordiam?

1887 5396 2129 5463 Quantos
2155 5394 2338 5450 virille
2360 5393 2687 5465 apostolicus
2701 5393 3034 5465 paenitentiae
3052 5394 3465 5452 medicamentis

1887 5504 1917 5543 a
1947 5498 2291 5561 peccatorum
2316 5500 2493 5544 morte
2520 5488 2881 5554 resuscitavit,
2914 5496 3099 5545 custos
3137 5489 3465 5556 unimanum,

1885 5582 2207 5654 cupiditates
2264 5595 2543 5647 rcsecans,
2596 5582 2734 5637 iram
2786 5582 3172 5654 comprimens,
3239 5582 3473 5640 malitias

1885 5671 2226 5742 exstirpans?
2254 5671 2350 5728 His
2371 5672 2544 5743 magis
2556 5672 2641 5727 vir
2667 5672 2756 5728 ille
2780 5673 3116 5745 temporibus
3133 5675 3473 5733 necessarius

1886 5763 2081 5824 fuerat,
2153 5764 2351 5836 quibus
2420 5773 2570 5820 tanta
2622 5765 2876 5836 iniquitas
2929 5766 3158 5837 sumptis
3205 5767 3470 5837 quotidie,

1887 5856 2173 5913 deﬁciente
2213 5856 2443 5929 justitia,
2500 5857 2706 5915 viribus
2756 5858 3103 5916 convalescit.
3154 5857 3467 5930 thuidem
