4010 6330
483 419 622 476 M59

1297 409 1626 467 inscitum
1667 409 1879 466 ausu.
1927 401 2246 461 ARCHIEP.
2286 379 2652 460 orusctJLi
2692 399 2923 458 VARlA.

3621 393 3772 452 1140

485 531 573 584 ille
603 531 654 584 in
705 531 807 586 hac
839 525 1273 599 peregrinatione
1313 524 1493 578 saeculi
1527 523 1642 579 solo
1670 534 1899 591 corpore
1935 532 2064 574 con-
2091 516 2146 577 Î‘
2240 514 2356 572 XII.
2407 514 2513 570 Sed
2543 515 2589 570 si
2637 513 2796 569 altius
2825 510 3025 582 aliquid
3055 509 3107 564 in
3133 511 3238 564 hoc
3279 507 3458 563 sancti
3487 505 3587 560 Dei
3622 506 3775 560 facta

485 623 728 688 stitutus,
782 619 1108 690 cogitatione
1162 627 1338 671 tamen
1391 617 1445 670 in
1491 615 1578 670 illa
1637 624 1843 670 aeterna
1890 612 2068 684 patria

483 723 837 770 conversatus
861 722 964 768 est.
992 711 1094 778 Qui
1116 709 1241 765 huic
1272 709 1471 764 mundo
1499 706 1788 762 crucifixus
1828 722 1890 760 ac
1917 719 2067 760 mor-

487 816 631 868 tuus,
646 805 904 877 quidquid
935 801 1218 863 laboravit,
1248 801 1312 855 de
1334 801 1434 855 hac
1463 801 1592 864 vita,
1626 799 1693 853 ad
1722 798 1868 852 illam
1898 806 2072 852 trans-

487 896 627 962 tulit,
650 907 706 953 et
739 897 804 951 de
825 893 1041 949 sinistra
1066 907 1280 960 semper
1318 891 1621 946 transmisit
1668 891 1733 945 ad
1765 890 2068 953 dexteram,

487 987 732 1058 atquein
759 983 895 1042 caelo
919 1001 1046 1042 suos
1100 986 1338 1056 reposuit
1380 985 1622 1039 sudores.
1649 983 1718 1038 Et
1769 983 1912 1038 inter
1955 982 2074 1037 haec

481 1081 660 1133 munia
698 1077 1015 1134 intendebat
1060 1078 1142 1131 vir
1193 1078 1382 1132 beatus
1430 1075 1752 1145 jactantiam
1806 1075 2072 1128 virtutum

484 1168 672 1242 fugere
705 1173 756 1226 in
784 1188 892 1241 quo
915 1187 1022 1226 non
1042 1179 1256 1242 poterat
1280 1171 1450 1241 gratia
1480 1170 1693 1226 excelsa
1720 1169 1916 1224 latere:
1941 1169 2074 1223 adeo

478 1272 538 1318 ut
577 1280 682 1320 non
742 1265 914 1320 solum
972 1264 1136 1320 corda
1196 1263 1498 1327 hominum,
1549 1262 1787 1317 belluina
1851 1260 2073 1316 feritate

480 1355 746 1420 crudelia,
777 1355 844 1410 ad
879 1356 1344 1410 mansuetudinem
1383 1353 1582 1410 Christi
1607 1354 1854 1408 domaret
1902 1350 2076 1405 fidelis

480 1461 671 1500 servus
700 1444 837 1516 ejus,
885 1455 940 1501 et
968 1446 1223 1516 prudens,
1251 1446 1426 1502 sciens
1458 1444 1737 1500 conservis
1788 1442 1902 1512 ejus
1941 1442 2074 1498 dare

482 1538 536 1594 in
581 1548 822 1611 tempore
852 1540 1016 1595 tritici
1061 1554 1394 1604 mensuram,
1428 1539 1480 1593 id
1507 1545 1614 1603 est,
1647 1552 1747 1608 pro
1782 1544 1945 1607 captu
1979 1550 2078 1590 au-

485 1629 748 1686 dientium
825 1640 1136 1686 mensurate
1196 1639 1250 1686 et
1319 1639 1622 1702 opportune
1685 1628 1851 1684 divini
1927 1628 2076 1683 verbi

481 1721 676 1793 pabula
700 1725 1041 1789 ministrare;
1075 1739 1264 1778 verum
1294 1723 1458 1779 etiam
1489 1737 1639 1786 aves,
1675 1729 1736 1776 ut
1765 1718 2074 1775 innocentia

480 1821 536 1868 et
575 1822 816 1884 potestas
843 1814 1003 1885 primi
1032 1814 1184 1882 Adae,
1209 1823 1506 1884 antequam
1538 1819 1810 1885 peccaret,
1838 1811 1926 1867 cui
1955 1826 2074 1865 om-

482 1905 571 1959 nia
632 1907 967 1962 irrationalia
1020 1908 1260 1979 subjecta
1315 1880 1588 1977 dderunt,
1663 1916 1722 1960 ut
1791 1880 2153 1974 ScripturaB

485 1997 823 2052 demonstrat
870 1997 1022 2069 (Gen.
1056 2016 1095 2065 t,
1127 2000 1265 2070 psal.
1294 1999 1435 2071 vni),
1485 2000 1540 2054 in
1571 1999 1678 2054 isto
1707 2006 1896 2054 sancto
1931 1997 2073 2064 viro,

482 2105 580 2159 per
596 2092 892 2146 secundum
915 2092 1090 2146 Adam
1113 2092 1398 2147 Dominum
1426 2100 1672 2146 nostrum
1699 2089 1884 2146 Jesum
1917 2088 2076 2145 Chri-

484 2190 649 2245 stum,
685 2179 981 2238 reformata
1033 2182 1480 2252 intelligerentur.

557 2268 648 2326 XI.
682 2270 818 2327 Cum
838 2274 982 2328 enim
1016 2273 1155 2328 inter
1198 2273 1526 2328 domesticos
1565 2286 1692 2328 suos
1729 2272 2076 2343 contingebat

487 2359 634 2417 illum
665 2364 928 2420 secretius
951 2363 1151 2419 habere
1175 2365 1504 2429 convivium,
1533 2372 1588 2419 et
1614 2362 1976 2418 delectaretur
2018 2362 2074 2417 in

487 2456 761 2512 hilaritate
799 2458 1110 2523 charorum,
1138 2454 1539 2512 descendebant
1567 2456 1634 2510 ad
1663 2469 1788 2510 eum
1819 2455 2073 2527 intrepidi

486 2563 755 2619 passeres,
789 2557 844 2603 et
882 2551 935 2604 in
967 2565 1129 2604 manu
1177 2549 1293 2620 ejus
1327 2564 1526 2605 mensae
1547 2548 1804 2618 reliquias
1845 2547 2068 2617 collige-

483 2641 632 2694 bant.
688 2639 1042 2696 Discedebant
1067 2640 1158 2695 alii
1186 2641 1378 2708 saturi,
1409 2641 1739 2696 accedebant
1780 2638 1872 2693 alii
1923 2646 2076 2694 satu-

489 2730 663 2784 randi.
688 2729 778 2784 Sic
809 2731 1220 2787 mansuescebat
1236 2731 1425 2786 feritas
1447 2731 1650 2797 avium,
1679 2730 1734 2786 in
1758 2732 2074 2800 operatione

489 2822 768 2876 virtutum.
829 2822 1121 2878 Delectatio
1170 2838 1405 2892 namque
1456 2821 1598 2876 illius
1665 2819 1786 2877 talis
1837 2830 1957 2876 erat
2021 2821 2074 2876 in

488 2915 760 2970 hilaritate
816 2916 1130 2980 charorum,
1185 2914 1324 2971 sicut
1373 2914 1440 2970 de
1479 2915 1639 2971 beato
1680 2911 1782 2968 Job
1825 2912 2076 2985 legimus,

490 3008 746 3077 quoniam
800 3023 906 3061 non
957 3007 1184 3062 cadebat
1231 3006 1320 3061 lux
1378 3006 1561 3061 vultus
1612 3004 1728 3075 ejus
1777 3005 1834 3060 in
1873 3013 2076 3061 terram

488 3097 607 3165 (Job
661 3096 810 3165 xxrx)
847 3114 858 3150 :
889 3097 1014 3167 quia
1047 3097 1300 3150 nimirum
1332 3096 1386 3150 in
1417 3105 1565 3150 tanta
1589 3096 1852 3166 gravitate
1866 3095 2076 3151 vultum

489 3198 672 3242 tenere
700 3197 1078 3253 consueverat,
1105 3199 1164 3243 ut
1194 3203 1469 3258 nunquam
1515 3189 1907 3260 contemptibili
1934 3190 2075 3246 lazti-

489 3284 560 3336 tia
594 3282 999 3338 resolveretur:
1051 3285 1146 3340 sed
1199 3285 1627 3356 quotiescunque
1675 3285 2078 3340 hilarioremse

487 3378 843 3444 praesentibus
907 3379 1219 3445 exhibebat,
1279 3389 1432 3436 certa
1487 3394 1701 3450 semper
1757 3379 1862 3434 hoc
1909 3391 2077 3433 causa

486 3468 734 3524 utilitatis
760 3485 948 3525 eorum
977 3470 1198 3527 faceret.
1253 3472 1328 3527 Ita
1353 3480 1410 3527 et
1435 3472 1524 3527 hic
1546 3480 1788 3538 sanctus,
1823 3471 2077 3542 religiosa

487 3558 755 3627 gravitate
783 3560 1048 3615 discretus
1074 3560 1126 3613 in
1153 3562 1424 3625 omnibus,
1448 3576 1553 3616 non
1583 3561 1838 3615 vanitatis
1857 3559 2076 3629 jactan-

490 3651 562 3704 tia
583 3652 700 3706 haec
728 3651 810 3706 vel
834 3650 1188 3708 dissolutione
1219 3653 1412 3722 agebat
1439 3669 1452 3705 :
1494 3653 1591 3708 sed
1619 3661 1678 3707 ut
1705 3653 1798 3707 Dei
1830 3653 2080 3708 ostende-

489 3753 639 3811 retur
667 3744 858 3798 collata
888 3744 988 3800 sibi
1017 3745 1212 3815 gratia,
1237 3753 1292 3800 et
1315 3745 1383 3799 ad
1404 3745 1523 3816 ejus
1547 3760 1786 3801 amorem
1808 3756 1864 3801 et
1894 3745 2076 3810 fidem,

489 3836 580 3904 qui
611 3835 875 3891 mirabilis
899 3836 950 3888 in
972 3838 1175 3893 sanctis
1206 3837 1684 3902 suis,servossuos
1705 3835 2080 3892 multismodis

490 3929 782 3996 consolari,
842 3946 907 3984 ac
957 3931 1248 3987 miriticare
1304 3932 1576 4002 dignatur,
1633 3947 1856 3988 suorum
1914 3932 2079 3987 corda

422 4091 425 4094 _
488 4023 877 4089 excitarentur,
900 4033 954 4078 et
976 4023 1118 4079 illius
1147 4025 1396 4080 servituti
1427 4040 1487 4080 se
1517 4024 1840 4096 propensius
1870 4023 2080 4078 manci-

487 4124 703 4185 parent.
780 4115 888 4172 Sed
933 4125 988 4172 et
1041 4133 1147 4172 non
1203 4117 1320 4173 sine
1375 4117 1810 4174 consideratione
1862 4115 2080 4171 videtur

492 4208 948 4276 praetereundum,
976 4225 1073 4264 cur
1099 4209 1200 4264 iste
1245 4218 1466 4265 sanctus
1495 4208 1914 4278 injucunditate
1950 4208 2081 4263 cha-

490 4315 693 4363 rorum,
754 4301 986 4371 amplius
1030 4300 1084 4355 in
1118 4302 1558 4367 mansuetudine,
1587 4317 1652 4359 ac
1680 4301 1930 4372 pastione
1951 4316 2079 4372 pas-

491 4408 690 4457 serum,
738 4409 901 4462 quam
945 4393 1175 4448 aliarum
1220 4394 1399 4449 avium
1457 4393 1850 4450 delectabatur.
1909 4393 1974 4447 Et
2020 4401 2081 4448 ut

491 4485 666 4553 primo
687 4485 930 4539 dicamus
955 4485 1289 4556 simpliciter,
1313 4486 1487 4541 solent
1518 4486 1766 4543 homines
1792 4486 1928 4541 alias
1950 4499 2080 4542 aves

491 4574 820 4630 domesticas
849 4575 1049 4630 habere
1072 4577 1124 4630 in
1155 4577 1408 4634 domibus
1433 4592 1564 4643 suis,
1591 4591 1842 4647 passeres
1869 4584 2075 4642 autem,

491 4665 621 4722 licet
669 4666 722 4720 in
769 4667 944 4732 tectis,
981 4669 1122 4724 sicut
1157 4668 1406 4738 legimus,
1454 4679 1506 4725 et
1554 4670 1798 4724 videntes
1855 4671 2075 4733 scimus,

491 4757 702 4814 soleant
731 4758 998 4824 habitare,
1031 4761 1264 4814 lmmana
1289 4762 1584 4831 gaudentes
1604 4761 1899 4824 vicinitate,
1935 4761 2079 4816 intra

490 4850 682 4906 domos
700 4858 879 4904 tamen
898 4865 1022 4906 suas
1038 4853 1363 4909 domesticos
1378 4853 1579 4910 habere
1599 4869 1708 4910 non
1724 4851 2081 4908 solent.Unde

490 4949 726 5008 constat,
763 4942 889 5013 quia
911 4942 955 4998 si
1013 4957 1161 5010 aves,
1197 4950 1343 5015 'quae
1378 4945 1432 5000 in
1472 4945 1721 5001 domibus
1770 4945 2081 5000 domesticae

491 5033 683 5090 haberi
713 5033 907 5103 solent,
936 5053 990 5091 tn
1019 5053 1178 5092 manu
1209 5047 1476 5108 pasceret,
1501 5055 1600 5110 pro
1615 5038 1761 5094 nullo
1788 5038 2083 5094 haberetur

491 5127 780 5194 miraculo,
814 5145 915 5186 nec
941 5140 1086 5187 esset
1139 5133 1282 5188 unde
1331 5133 1742 5188 convivantibus
1764 5131 2083 5200 jucundatio

489 5219 828 5287 proveniret.
859 5221 918 5275 In
943 5222 1166 5278 domum
1194 5238 1408 5293 quoque
1433 5223 1780 5279 secretiorem
1815 5221 1938 5276 aliis
1962 5222 2082 5276 avi-

495 5311 620 5378 bus,
650 5327 772 5382 quae
807 5311 947 5368 intra
993 5315 1238 5370 cubicula
1279 5315 1590 5371 domesticae
1629 5313 1817 5370 haberi
1850 5328 1957 5369 non
1995 5327 2087 5369 so-

494 5408 765 5476 lent,uisi
816 5410 1149 5479 passeribus,
1200 5411 1292 5482 qui
1342 5412 1397 5465 in
1443 5411 1620 5474 tectis,
1676 5410 1909 5464 humana
1953 5408 2085 5464 vici-

493 5504 666 5559 nitate
694 5504 1016 5574 gaudentes,
1049 5503 1296 5558 habitare
1325 5503 1521 5569 solent,
1549 5504 1616 5558 ad
1642 5504 1784 5558 hanc
1804 5516 1962 5559 servo
1987 5501 2084 5557 Dei

499 5595 739 5651 divinam
772 5595 1024 5652 collatam
1056 5597 1286 5667 gratiam
1317 5597 1815 5663 demonstrandam,
1857 5595 2089 5653 facultas

503 5702 611 5742 non
639 5697 761 5743 erat
799 5689 1176 5746 conveniendi.

573 5857 595 5886 Î¹
625 5842 707 5902 ita
730 5842 1014 5920 legendum
1033 5846 1247 5904 videtur
1272 5859 1284 5900 :
1311 5860 1437 5915 nam
1459 5845 1624 5904 dictio
1647 5854 1765 5903 erat
1783 5845 2086 5906 obliterata.

2172 609 2496 680 perscrutari
2511 607 2779 672 volumus,
2796 604 3090 676 intelligere
3111 614 3420 673 possumus,
3443 599 3574 668 quia
3607 596 3776 653 nulla

2173 717 2302 757 aves
2330 711 2436 757 tam
2485 716 2626 772 saepe
2656 699 2710 754 in
2750 696 3047 768 Scripturis
3089 691 3568 759 commendantur,
3625 689 3775 743 sicut

2171 809 2382 866 passer,
2413 792 2660 847 columba
2685 799 2740 846 et
2769 798 2965 844 turtur.
2994 786 3253 843 Columba
3278 784 3477 853 quippe
3489 789 3549 836 et
3562 790 3775 844 turtur,

2173 904 2292 958 quae
2326 889 2557 959 gemitus
2609 900 2708 956 pro
2737 892 2896 939 cantu
2952 883 3112 937 edere
3161 879 3354 943 solent,
3405 878 3532 947 quia
3591 876 3779 928 luctus

2175 990 2484 1038 sanctorum
2516 980 2567 1033 in
2589 976 2843 1049 pncsenti
2895 973 3111 1037 saeculo,
3143 981 3200 1027 et
3228 984 3464 1040 superna
3491 967 3774 1023 desideria

2174 1089 2270 1142 per
2299 1082 2538 1128 secretas
2574 1069 2882 1125 orationum
2907 1067 3176 1136 lacrymas
3195 1071 3252 1118 et
3285 1075 3313 1104 Î¹
3349 1069 3546 1116 cantus
3578 1057 3778 1113 Eccle-

2177 1168 2269 1221 siae
2309 1164 2554 1234 publicos
2598 1163 2862 1233 designet.
2923 1158 3120 1214 Passer
3167 1171 3298 1211 vero
3351 1155 3470 1210 avis
3535 1164 3780 1219 corpore

2176 1271 2366 1328 parva,
2414 1255 2506 1312 sed
2561 1254 2797 1309 maxima
2852 1251 3148 1323 sagacitate
3199 1248 3449 1312 sollicita,
3495 1261 3624 1316 qua
3670 1258 3781 1300 nec

2177 1349 2336 1405 facile
2379 1347 2587 1418 laqueis
2634 1346 2903 1410 irretitur,
2949 1359 3051 1399 nec
3092 1358 3188 1412 per
3231 1340 3524 1411 ingluviem
3567 1338 3783 1393 ventris

2178 1455 2424 1498 escarum
2448 1439 2746 1494 ambitione
2785 1435 3070 1504 decipitur.
3121 1432 3249 1488 Haec
3289 1439 3513 1502 propter
3543 1427 3784 1483 inï¬rmi.

2179 1541 2345 1588 tatem
2373 1546 2548 1596 suam,
2578 1544 2646 1585 ne
2679 1537 2774 1584 aut
2801 1528 2914 1598 ipsa
2958 1542 2988 1580 a
3019 1541 3118 1582 suo
3145 1523 3460 1579 insidiatore
3493 1521 3782 1591 capiatur,

2177 1635 2272 1681 aut
2324 1625 2486 1681 fmtus
2529 1622 2647 1692 ejus
2689 1618 3017 1690 serpentinis
3069 1616 3395 1672 devorentur
3425 1613 3667 1675 insidiis,
3711 1611 3783 1665 ad

2178 1717 2462 1771 domorum
2511 1712 2726 1783 fastigia
2802 1709 2944 1766 celsa
3009 1708 3304 1764 concurrit.
3363 1703 3504 1759 Huic
3574 1703 3782 1758 merito

2176 1807 2413 1876 prudens
2425 1813 2478 1860 et
2493 1803 2712 1859 humilis
2732 1802 2961 1872 quisque
2987 1806 3338 1869 comparatur
3365 1796 3459 1867 qui
3485 1795 3784 1852 diabolica:

2181 1898 2493 1954 calliditatis
2521 1895 2740 1951 fraudes
2766 1893 2995 1963 fugiens,
3017 1891 3216 1962 vigiliis
3240 1899 3297 1944 et
3320 1886 3687 1948 orationibus,
3713 1901 3784 1940 ac

2181 1988 2515 2061 paenitentia:
2563 1984 2816 2056 lacrymis
2873 1984 3014 2036 intra
3059 1988 3259 2036 sanctae
3305 1978 3569 2034 Ecclesia
3617 1984 3780 2045 septa

2182 2098 2243 2140 se
2272 2084 2482 2138 munire
2529 2078 2767 2134 festinat.
2831 2074 3160 2142 Redemptor
3204 2074 3367 2128 etiam
3418 2079 3473 2125 et
3516 2067 3780 2122 Salvator

2182 2185 2368 2232 noster
2401 2188 2459 2228 sc
2487 2184 2709 2240 passere
2753 2166 3002 2236 dignatus
3033 2169 3116 2216 est
3159 2161 3453 2231 designari,
3479 2158 3776 2216 Psalmista

2183 2275 2320 2322 teste
2377 2263 2470 2336 qui
2521 2262 2670 2317 dicit.
2728 2259 2937 2317 Etenim
2978 2271 3159 2326 passer
3203 2254 3394 2308 invenit
3430 2252 3780 2305 sibidmmun

2184 2356 2358 2430 (Psal.
2411 2352 2664 2426 nxxxm).
2707 2349 2828 2411 Iani
2879 2349 3078 2420 quippe
3141 2359 3336 2417 passer
3391 2343 3614 2398 domum
3672 2337 3781 2395 sibi

2182 2451 2408 2517 invenit,
2435 2449 2560 2520 quia
2605 2445 2810 2502 (etet-ni?
2836 2443 2956 2499 coeli
3009 2438 3375 2498 habitaculum
3422 2442 3617 2490 noster
3669 2435 3778 2491 Itb-

2183 2548 2431 2617 demptor
2457 2541 2681 2598 intravit
2709 2557 2723 2594 :
2749 2538 2836 2596 ubi
2865 2536 3039 2592 factus
3065 2545 3149 2590 est
3179 2534 3315 2587 sicut
3346 2543 3536 2601 passer
3584 2522 3775 2584 solita-

2183 2641 2295 2696 rius
2337 2639 2562 2693 intecto
2613 2631 2786 2706 (Pani.
2838 2631 2947 2700 c1);
2979 2627 3106 2698 quia
3156 2626 3302 2682 solus
3325 2622 3474 2680 inter
3522 2627 3773 2675 mortuos

2184 2732 2340 2795 liber,
2369 2729 2509 2784 sedet
2548 2727 2616 2782 ad
2643 2726 2915 2780 dexteram
2946 2719 3237 2791 maiestatis
3259 2717 3314 2770 in
3337 2713 3596 2777 excelsis;
3630 2719 3780 2763 tante

2183 2823 2369 2877 melior
2407 2816 2606 2888 angelis
2644 2815 2879 2884 á¼€Ï€Îµá½·Ï€Î±Ï‚,
2923 2820 3118 2880 quanto
3159 2804 3490 2876 differentias
3538 2817 3631 2873 pro
3671 2799 3776 2853 illis

2185 2927 2372 2968 nomen
2438 2906 2762 2965 Itwreditavit
2819 2902 3006 2974 (Hebr.
3053 2902 3143 2970 l),
3214 2906 3268 2952 ut
3331 2896 3408 2952 sit
3456 2903 3515 2950 et
3553 2900 3780 2948 vocetur

2184 3004 2354 3061 Filius
2373 3001 2489 3057 Dei.
2525 3001 2623 3055 Hic
2634 3007 2718 3054 est
2731 3013 2892 3052 verus
2905 2997 3062 3056 Deus,
3083 2991 3256 3048 etvita
3269 2995 3475 3044 teter-na
3495 2983 3681 3056 (lacn.
3695 2981 3772 3051 Î³).

2183 3096 2266 3150 Ad
2295 3108 2454 3165 quem
2499 3093 2550 3146 in
2579 3091 2681 3145 hac
2723 3086 3158 3159 peregrinatione
3185 3079 3346 3151 positi
3380 3078 3566 3132 anima
3593 3073 3782 3142 cujus-

2185 3203 2292 3259 que
2319 3185 2492 3242 ï¬delis
2521 3183 2820 3254 suspirans,
2847 3180 2926 3236 sic
2946 3176 3275 3248 jucundatur
3313 3172 3443 3228 dum
3471 3184 3577 3240 per
3618 3166 3783 3222 fidem

2185 3290 2412 3345 rectam,
2469 3289 2524 3334 et
2577 3284 2764 3332 sancta
2810 3271 3073 3328 desideria
3100 3284 3165 3324 ac
3189 3281 3284 3338 per
3318 3268 3464 3321 bona
3521 3275 3693 3332 opera
3729 3259 3786 3314 in

2184 3374 2445 3430 caelorum
2493 3383 2660 3439 regno
2713 3365 3049 3420 mansionem
3089 3373 3242 3416 suam
3269 3355 3437 3412 sentit
3485 3365 3608 3407 esse
3636 3363 3782 3420 prte-

2182 3472 2431 3537 paratam
2457 3479 2470 3516 :
2503 3460 2643 3515 sicut
2663 3471 2850 3528 passer
2873 3456 2925 3508 in
2953 3451 3220 3509 foramine
3261 3445 3483 3518 parietis
3509 3441 3784 3505 exsultat,

2184 3535 2237 3618 id
2277 3569 2382 3627 est,
2413 3557 2579 3614 etiam
2608 3552 2876 3610 veraciter
2913 3547 3087 3604 fidelis
3115 3546 3168 3601 in
3201 3541 3458 3599 foramine
3501 3535 3790 3597 materiae,

2186 3655 2392 3711 scilicet
2433 3653 2486 3706 in
2534 3650 2744 3704 unitate
2794 3642 3074 3705 Ecclesiae,
3120 3652 3243 3708 quae
3293 3636 3358 3689 de
3402 3629 3692 3703 perforato
3730 3627 3785 3680 in

2186 3760 2351 3803 cruce
2383 3742 2587 3800 Christi
2627 3739 2820 3801 latere,
2859 3735 3076 3789 lavacro
3127 3731 3336 3800 rigatur
3393 3733 3449 3779 et
3500 3720 3717 3794 poculo,
3751 3734 3786 3773 a

2184 3837 2404 3906 maligni
2460 3833 2684 3904 spiritus
2736 3837 2792 3883 et
2842 3825 3214 3879 membrorum
3270 3815 3390 3886 ejus
3443 3812 3792 3881 malignitate

2183 3903 2746 4002 protectus,exsultat
2771 3939 2784 3974 :
2809 3927 2866 3974 et
2886 3917 2976 3987 qui
3007 3931 3076 3970 ex
3103 3909 3487 3982 sanguinibus,
3509 3915 3569 3960 et
3597 3903 3790 3958 volun-

2184 3993 2296 4078 tate
2337 4019 2536 4081 carnis,
2594 4024 2650 4072 et
2696 4011 2971 4069 voluntate
3004 4006 3102 4062 viri
3150 4010 3332 4066 natus,
3377 3999 3473 4054 sed
3523 3993 3788 4066 sanguine

2183 4111 2312 4170 Jesu
2337 4109 2461 4166 Filii
2487 4107 2581 4162 Dei
2613 4107 2678 4161 dc
2725 4108 2994 4174 potestate
3039 4095 3389 4152 tenebrarum
3445 4088 3787 4155 redemptus,

2184 4217 2242 4261 et.
2259 4219 2325 4260 ex
2350 4215 2490 4273 aqua
2509 4207 2566 4255 et
2589 4197 2804 4268 spiritu,
2826 4207 2933 4262 quo
2964 4191 3104 4245 idem
3126 4184 3394 4241 Dominus
3420 4181 3570 4236 Deus
3596 4184 3790 4232 noster

2184 4312 2252 4354 ex
2278 4295 2510 4368 gloriosa
2543 4303 2756 4360 semper
2779 4285 3002 4356 Virgine
3047 4281 3210 4335 Maria
3235 4275 3459 4332 domina
3485 4280 3675 4327 nostra
3706 4275 3794 4322 est

2186 4361 2369 4453 natus,
2397 4395 2454 4441 et
2483 4387 2598 4457 ipse
2637 4397 2666 4437 a
2690 4379 2902 4451 virgine
2932 4383 3107 4430 matre
3144 4367 3393 4426 Ecclesia
3435 4361 3790 4419 immaculato

2186 4478 2352 4536 divini
2395 4454 2560 4536 fontis
2605 4481 2761 4528 utero
2805 4476 2890 4524 est
2934 4471 3183 4525 renatus,
3239 4475 3304 4514 ac
3344 4457 3567 4513 Christo
3610 4454 3792 4507 incor-

2183 4581 2428 4646 poratus,
2475 4565 2670 4638 gaudio
2717 4558 3070 4619 inenarrabili
3109 4564 3164 4612 et
3201 4551 3567 4611 exsultatione
3603 4543 3794 4600 exsul-

2191 4674 2396 4811 taâ€˜lilll.
2425 4751 2563 4807 Sunt
2593 4757 2648 4804 et
2691 4745 2819 4811 alia,
2858 4757 2982 4813 quae
3013 4740 3080 4795 de
3109 4738 3213 4792 hoc
3245 4732 3396 4790 beati
3445 4729 3795 4786 Francorum

2191 4845 2416 4917 apostoli
2469 4841 2614 4896 facto
2661 4838 2835 4909 (signa
2865 4834 3012 4889 enim
3055 4827 3394 4899 apostolatus
3419 4820 3562 4891 ejus,
3588 4816 3796 4873 Franci

2193 4950 2337 5007 sunt,
2370 4941 2510 4995 sicut
2563 4936 2616 4990 in
2669 4946 2928 5004 processu
2983 4918 3430 4990 monstrabimus)
3471 4919 3541 4972 ad
3592 4922 3796 4969 nostra

2193 5031 2442 5088 utilitatis
2491 5033 2837 5098 augmentum
2881 5019 3292 5087 considerantes
3339 5010 3558 5066 trahere
3599 5019 3795 5076 possu-

2189 5139 2330 5185 mus,
2373 5096 2752 5189 comparantes
2813 5112 2942 5168 illud
2991 5108 3197 5165 actioni
3253 5103 3486 5160 Joannis
3532 5096 3788 5189 apostoli.

2187 5215 2388 5271 Fertur
2417 5187 2561 5268 enim
2603 5208 2864 5264 relatione
2883 5203 3148 5272 majorum
3175 5199 3306 5270 quia
3344 5211 3470 5252 cum
3502 5194 3566 5248 Î’.
3592 5187 3790 5248 Joanni

2190 5305 2438 5378 apostolo
2476 5303 2610 5368 avis,
2640 5315 2760 5370 quae
2803 5295 2994 5369 perdix
3045 5301 3290 5357 vocatur,
3321 5289 3446 5344 viva
3491 5297 3550 5342 et
3591 5298 3724 5340 sana
3757 5297 3789 5335 a

2189 5373 2424 5470 quodam
2455 5395 2635 5452 oblata
2664 5392 2876 5454 fuisset,
2907 5387 3074 5458 capit
3100 5399 3222 5441 eam
3245 5381 3350 5439 leni
3379 5394 3549 5435 manu
3580 5373 3794 5431 demul.

2192 5467 2364 5548 cendo
2389 5496 2646 5543 tractare.
2675 5483 2828 5552 Quod
2856 5482 3049 5536 videns
3079 5476 3299 5547 quidam
3355 5467 3794 5528 adolescentium

2191 5585 2260 5639 ad
2287 5597 2499 5639 coaevos
2522 5593 2650 5636 suos
2676 5573 2904 5632 ridendo
2939 5572 3077 5628 dixit
3108 5588 3120 5623 :
3153 5567 3342 5623 Videte
3393 5561 3673 5633 quomodo
3704 5558 3798 5613 itte

2193 5691 2364 5738 senex
2389 5690 2512 5732 cum
2535 5671 2764 5730 avicula.
2791 5669 2934 5725 sicut
2957 5676 3015 5722 et
3045 5679 3184 5738 puer
3224 5661 3379 5718 ludit.
3427 5657 3635 5714 Beatus
3666 5666 3796 5710 vero
