4010 6330
168 389 292 447 λιιι

1402 385 1566 444 νιτΑ
1605 385 1686 442 SA
1694 384 1851 443 NCT!
1886 386 2170 448 REMIGII.

3303 393 3443 450 1142

166 499 431 572 apostolus
454 499 563 557 ista
587 514 688 571 per
723 500 974 572 spiritum
1016 513 1372 573 cognoscens,
1402 499 1618 556 vocavit
1661 499 1730 556 ad
1762 504 1807 565 Α
1835 512 2215 575 ρτωευπιθτεῑ,
2268 504 2322 559 in
2349 504 2566 559 nomine
2614 503 2817 560 Christi
2856 504 3132 579 praecepit,
3174 521 3445 580 opemque

166 595 538 664 sejuvenem;
587 593 931 665 interrogans
980 594 1110 666 quid
1158 608 1322 650 manu
1364 601 1605 650 teneret.
1638 593 1742 649 Cui

157 683 365 753 juvenis
393 701 407 737 :
446 684 671 750 Arcum,
720 685 913 755 inquit.
962 685 1032 741 Et
1056 686 1248 742 beatus
1268 684 1507 742 Joannes
1537 703 1553 742 :
1582 685 1742 753 Quod

164 776 321 831 habet
339 772 572 831 cilicium
594 774 723 832 illud
742 777 889 847 quod
911 776 966 831 in
999 791 1162 832 manu
1189 777 1377 833 tenes?
1394 778 1465 833 Et
1486 777 1741 848 juvenis:

164 865 506 937 Sagittamus,
524 867 725 937 inquit,
777 869 902 923 inde
926 868 1149 934 bestias,
1180 870 1296 924 sive
1324 882 1479 934 aves,
1508 870 1593 924 vel
1639 869 1746 924 alia

160 974 400 1031 qunque.
433 960 503 1015 Et
531 960 726 1017 beatus
754 960 994 1017 Joannes
1028 962 1368 1031 :Quomodo,
1416 963 1608 1031 inquit,
1661 961 1748 1017 vel

160 1053 299 1123 quali
332 1052 565 1110 ordine?
585 1054 653 1111 Et
675 1054 889 1124 juvenis
916 1066 1142 1112 curvato
1165 1071 1293 1112 areu
1325 1057 1552 1111 tetendit
1571 1056 1745 1136 illum,

159 1153 212 1201 et
238 1153 451 1201 tensum
480 1144 535 1200 in
559 1160 720 1202 manu
747 1147 936 1201 tenuit.
969 1145 1072 1201 Sed
1097 1158 1220 1202 cum
1246 1148 1306 1201 Β.
1350 1146 1588 1203 Joannes
1609 1145 1749 1201 nihil

156 1236 203 1290 ei
230 1235 563 1293 subsecutus
602 1235 876 1307 loquendo
905 1236 1026 1302 fuit,
1073 1245 1196 1308 post
1243 1237 1462 1307 aliquod
1511 1237 1746 1308 spatium

150 1327 365 1399 juvenis
422 1343 614 1386 areum
646 1329 922 1386 distendit.
954 1328 1053 1384 Cui
1083 1330 1144 1383 Β.
1177 1327 1416 1385 Joannes
1453 1346 1467 1382 :
1498 1328 1628 1394 Cur,
1670 1329 1751 1383 in-

157 1421 290 1491 quit,
343 1436 537 1477 arcum
592 1421 938 1477 disteudisti?
976 1421 1056 1477 Ad
1104 1436 1265 1492 quem
1311 1421 1527 1491 juvenis
1563 1439 1576 1474 :
1607 1419 1745 1487 Quia

156 1515 200 1569 si
227 1515 432 1571 diutius
487 1524 672 1571 tensus
715 1523 1009 1578 teneretur,
1046 1514 1314 1570 inﬁrmius
1359 1514 1461 1569 tela
1485 1514 1743 1585 iactaret.

156 1605 219 1661 Et
251 1606 318 1660 ad
345 1607 469 1662 bree
492 1614 715 1662 sanctus
748 1605 1026 1676 apostolus
1056 1621 1071 1658 ε
1101 1603 1194 1661 Sic
1235 1613 1290 1659 et
1319 1606 1556 1660 humana
1580 1604 1747 1675 fragi-

157 1698 297 1763 litas,
328 1700 377 1755 si
404 1704 630 1770 semper
658 1700 711 1754 in
744 1700 929 1771 rigore
962 1700 1441 1770 contemplationis
1468 1700 1746 1770 persistat,

156 1797 211 1843 et
250 1790 354 1846 sibi
395 1806 509 1846 non
551 1791 970 1856 condescend'at,
1000 1792 1180 1847 minus
1210 1792 1517 1847 necessario
1564 1790 1743 1846 valida

1846 595 2024 650 victus
2050 594 2276 665 petitam
2313 597 2541 668 pauperi
2589 596 2797 653 tribuit.
2834 592 2879 655 0
2925 597 3217 658 ineﬁ'ahilis
3267 602 3443 673 gratia

1846 684 2085 756 pietatis,
2132 684 2238 758 quo
2280 685 2405 742 dum
2450 688 2565 744 sola
2617 688 2917 744 substantia
2962 691 3184 760 petitur,
3245 692 3445 764 triplex

1849 776 2147 832 remedium
2172 777 2475 833 obtinetur!
2502 777 2663 835 Victo
2696 780 2847 850 pavit
2867 792 3116 849 egenum,
3135 783 3446 838 muneravit

1847 869 1966 923 visu
1990 872 2278 933 caecatum,
2303 870 2543 926 reddidit
2566 870 2810 927 iibertati
2838 874 3133 944 captivum.
3161 874 3339 944 Atque
3367 875 3444 931 ita

1849 962 2076 1034 contigit
2104 977 2203 1033 per
2224 964 2332 1017 hoc
2353 964 2566 1036 insigne
2583 964 2905 1020 miraculum
2936 975 3137 1023 sanctae
3159 967 3448 1023 Trinitatis

1849 1054 2193 1128 mysterium,
2215 1056 2278 1110 ut
2307 1068 2429 1111 cum
2474 1056 2725 1126 apparuit
2761 1072 2902 1113 unus
2949 1058 3005 1113 in
3033 1072 3291 1129 paupere,
3319 1057 3445 1114 Tri-

1849 1148 1992 1202 nitas
2014 1161 2072 1202 se
2092 1144 2404 1202 ostenderet
2424 1147 2479 1201 in
2510 1147 2703 1204 salute.

1920 1239 2036 1296 XV.
2062 1240 2165 1309 Qui
2205 1256 2335 1313 ergo
2356 1241 2764 1308 tentationibus,
2788 1242 2902 1299 sive
2918 1241 3143 1298 occultis
3163 1241 3219 1297 in
3242 1251 3443 1308 mente,

1850 1334 1965 1390 sive
1992 1335 2196 1405 apertis
2218 1334 2275 1389 in
2297 1349 2545 1406 corpore,
2578 1335 2783 1405 antiqui
2833 1335 3008 1390 hostis
3044 1334 3211 1389 sentit
3262 1349 3321 1389 se
3367 1333 3450 1387 in-

1851 1423 2142 1481 festatione
2191 1425 2403 1495 urgeri,
2465 1440 2625 1495 opem
2677 1423 3093 1480 intercessionis
3132 1423 3248 1493 ejus
3289 1424 3451 1479 enixe

1850 1519 2143 1589 deposcat;
2203 1527 2252 1573 et
2300 1519 2351 1573 si
2406 1517 2637 1573 ﬁdeliter
2681 1517 2921 1589 petierit,
2982 1516 3052 1575 ab
3100 1515 3452 1571 infestatione

1852 1608 2116 1665 immundi
2141 1608 2370 1679 spiritus
2404 1612 2466 1664 se
2490 1606 2662 1677 ipsius
2691 1607 2902 1664 meritis
2935 1614 2992 1663 et
3038 1606 3376 1661 orationibus
3417 1618 3451 1660 a

1850 1700 1947 1757 Dei
1976 1701 2151 1771 gratia
2180 1700 2399 1755 liberari
2430 1714 2538 1754 non
2567 1700 2794 1756 dubitet.
2833 1699 2936 1768 Qui
2978 1712 3226 1771 supernae
3266 1697 3452 1753 lumen

1852 1792 2329 1864 contemplationis
2358 1793 2593 1863 ignorat,
2617 1793 2709 1864 qui
2740 1792 3027 1864 praesentis
3059 1792 3183 1845 vitae
3210 1788 3452 1845 tenebris

157 1879 630 1951 contemplationis
655 1895 836 1953 penna
878 1882 1213 1939 sublevatur.
1254 1883 1408 1950 Quod
1433 1883 1521 1954 pia
1568 1884 1751 1953 provi-
1779 1876 1829 1936 B
1854 1898 2091 1956 pressus,
2118 1884 2251 1938 cum
2273 1892 2558 1938 venturam
2588 1883 2757 1937 vitam
2798 1884 3145 1953 nequaquam
3179 1876 3453 1949 diligenth

158 1972 308 2029 simne
335 1973 651 2030 Conditoris
675 1984 733 2030 et
754 1975 1060 2032 Salvatoﬁs
1084 1976 1259 2031 nostri
1303 1978 1501 2045 agitur,
1537 1986 1596 2031 ut
1646 1992 1744 2048 per

76 2056 81 2059 ’
158 2064 408 2121 mllatam
440 2067 672 2137 gratiam
720 2081 1042 2125 crescamus
1073 2070 1125 2122 in
1164 2068 1409 2139 profectu
1456 2076 1742 2134 virtutum,

158 2165 211 2211 et
258 2173 359 2227 per
405 2157 740 2217 inﬁrmitatis
786 2169 985 2216 nostrae
1029 2161 1413 2231 cognitionem,
1472 2161 1747 2217 discamus

157 2247 483 2305 humilitatis
504 2250 780 2308 custodire
803 2251 1217 2319 virtutem.Quo
1236 2253 1383 2309 facto
1413 2262 1467 2308 et
1493 2266 1749 2308 sermone

159 2343 506 2399 audientibus
543 2360 793 2417 magnam
844 2346 1213 2403 instrnctionis
1236 2345 1653 2402 :cdificationem
1693 2354 1750 2401 et

157 2438 519 2508 mussantibus
542 2439 794 2505 contulit,
837 2448 892 2496 et
936 2441 1135 2496 futuris
1186 2456 1354 2513 seque
1398 2440 1751 2512 sequentibus

161 2528 470 2600 demliquit.
499 2527 593 2587 Sic
636 2540 693 2587 et
740 2531 811 2587 de
843 2533 945 2589 hoc
974 2531 1133 2589 beato
1150 2530 1386 2605 Remigii
1418 2531 1754 2609 facto‘maxi-

161 2633 304 2674 mam
340 2620 713 2677 instructiouis
748 2623 1188 2689 mdiﬁeationem,
1250 2633 1305 2678 et
1352 2623 1405 2677 in
1449 2624 1746 2679 'cbarorum

161 2707 325 2764 clm
369 2709 677 2775 dilectione,
731 2713 861 2767 etin
900 2711 1209 2785 ﬂagitantis
1258 2718 1461 2769 nostra:
1515 2713 1752 2768 discreta

160 2801 644 2867 condescensione,
696 2802 852 2858 nobis
925 2804 1169 2860 vaieums
1222 2810 1430 2861 aqumv‘
1442 2820 1502 2861 re
1558 2814 1619 2859 nt
1668 2796 1757 2860 ilic

1850 1979 2138 2048 conspicit,
2190 1988 2245 2033 et
2297 1995 2415 2053 quo.
2436 1986 2683 2049 gressum
2713 1978 2894 2048 epe'ris
2922 1974 3185 2048 porrigat,
3236 1972 3449 2029 nescit:

1848 2070 2031 2127 lumen
2059 2062 2428 2142 inteiiigentiae
2460 2084 2525 2126 ac
2553 2064 3050 2140 contemplationis,
3082 2076 3246 2136 atque
3267 2079 3455 2120 neces-

1850 2162 2051 2215 sariam
2090 2162 2271 2218 cordis
2318 2161 2810 2231 compunctio‘nem,
2861 2173 2959 2229 per
3008 2157 3454 2212 intercessionem

1854 2250 1972 2320 ejus
2013 2253 2152 2323 apud
2188 2244 2406 2307 Domini
2437 2251 2697 2323 pietatem
2740 2250 3064 2321 expostulet,
3116 2247 3252 2303 nihil
3296 2246 3455 2302 hcesi-

1853 2350 1999 2411 tans,
2032 2344 2157 2414 quia
2207 2346 2307 2415 pro
2333 2346 2488 2400 'certo
2519 2344 2768 2413 accipiet.
2810 2342 2911 2411 Qui
2940 2338 3270 2411 paupertate
3299 2337 3456 2408 spiri-

1854 2437 2019 2493 tualis
2046 2436 2223 2492 victus
2252 2436 2418 2507 at’qbe
2456 2436 2705 2499 vestitus,
2754 2434 2880 2489 ﬁdei
2930 2433 3205 2498 videlicet,
3238 2430 3353 2500 spei
3396 2438 3454 2484 et

1855 2524 2161 2591 charitutis,
2210 2532 2275 2581 ac
2318 2533 2641 2581 caeterarum
2685 2524 2948 2579 virtutum
2997 2537 3057 2578 se
3112 2522 3310 2599 arctari
3366 2535 3456 2576 co-

1857 2622 2106 2691 guos'cit:
2140 2618 2222 2673 vel
2253 2619 2421 2673 ctiam
2466 2602 2855 2688 temporalibus
2919 2613 3334 2671 necessitatibus
3394 2628 3459 2667 ac

1860 2708 2297 2765 tribulationibus
2326 2708 2495 2766 sentit
2523 2707 2707 2781 albigi,
2750 2705 2867 2776 ejus
2892 2706 3347 2763 intercessionum
3371 2719 3459 2761 so.

1859 2802 1990 2858 latia
2026 2800 2315 2875 gerititibus
2334 2811 2389 2857 et
2416 2802 2673 2872 lae’rymis
2703 2808 2942 2871 expetat,
2972 2802 3027 2855 et
3053 2798 3197 2870 quod
3228 2813 3455 2870 panper,

158 2892 480 2960 passeribus
526 2888 965 2959 sttbmitiisttttns,
1021 2910 1111 2965 qui
1178 2900 1286 2952 non
1332 2902 1525 2953 serunt
1581 2910 1759 2967 neque
1862 2911 2040 2952 exectis
2068 2896 2606 2968 atqiie'dzcmonmsus
2628 2897 2895 2968 perilium
2920 2890 3172 2959 obtinuit,
3190 2910 3247 2950 se
3267 2894 3461 2950 solatio

161 2990 499 3052 congregant
545 2984 599 3038 in
647 2985 880 3041 horres:
913 2988 1011 3042 sed
1054 2989 1199 3043 Deus
1249 2988 1425 3058 pascit
1454 2988 1602 3055 illos,
1640 2988 1761 3045 aliis
1863 2990 2294 3046 consolationum
2317 2988 2565 3046 obtinere
2614 2989 2870 3047 conﬁdat.
2901 2986 3101 3045 Verum
3157 2989 3199 3043 si
3253 2989 3320 3044 ad
3349 2986 3463 3060 pri—

163 3073 451 3139 saturatis,
496 3073 631 3131 alios
666 3078 998 3134 salut-antiis
1020 3078 1302 3151 suscepit;
1339 3092 1443 3138 nos
1473 3082 1564 3151 qni
1590 3097 1679 3137 res
1707 3090 1763 3137 et
1865 3098 1983 3139 mas
2042 3078 2290 3154 rogantis
2348 3083 2619 3155 laerymas
2676 3068 2939 3139 Dominus
2993 3081 3243 3154 precibus
3300 3078 3463 3150 hujus

168 3165 1381 3241 Facultawsﬁeleognutionissuccessionem!
1400 3172 1636 3229 ﬁdelium
1654 3171 1762 3228 col-
1806 3242 1831 3244 η
1866 3174 2243 3231 intercesmris
2270 3175 2441 3229 nostri
2470 3173 2825 3244 respondere,
2862 3174 2914 3228 id
2951 3181 3032 3228 est
3056 3214 3071 3239 ,
3116 3171 3321 3228 erranti
3379 3185 3466 3226 so-

167 3255 371 3315 lutione
395 3260 753 3328 suscepimus,
782 3259 1041 3318 Fratribus
1071 3263 1164 3333 qui
1188 3278 1295 3320 non
1315 3274 1765 3335 prreparaverunt
1790 3242 1836 3304 Ο
1869 3266 2121 3336 spitatem
2153 3260 2352 3319 mentis
2374 3263 2525 3329 dare,
2561 3242 2650 3318 vel
2698 3277 2856 3333 cpem
2906 3261 3051 3317 ferre
3082 3261 3463 3316 necessitatem

168 3347 272 3405 sibi
302 3349 455 3422 (quia
482 3350 703 3407 hilarem
729 3353 960 3408 datorem
986 3355 1160 3425 diligit
1185 3354 1329 3411 Deus
1355 3355 1443 3428 [11
1469 3356 1594 3412 Cor.
1656 3354 1763 3429 ix])
1867 3356 2094 3428 patienti
2128 3348 2399 3409 distulerit
2425 3371 2439 3408 :
2468 3366 2571 3408 nec
2594 3351 2677 3408 sic
2704 3346 2923 3422 quidem
2957 3366 2985 3404 a
3019 3350 3273 3422 petendo,
3318 3363 3468 3419 qua:-

169 3455 291 3494 cum
324 3440 527 3513 gaudio
550 3440 692 3499 bona
730 3456 851 3515 qua!
872 3447 1165 3515 possumus
1195 3448 1592 3514 ministrantes,
1623 3448 1762 3503 alios
1870 3447 2063 3511 tendo,
2088 3444 2351 3515 pulsando
2381 3443 2750 3499 desistendum
2782 3453 2885 3506 est,
2936 3454 3110 3511 neque
3134 3437 3468 3511 impetrandi

169 3532 369 3599 quibus
386 3529 936 3604 bonaministrenms,
960 3537 1279 3609 asciscimus
1303 3558 1316 3593 :
1336 3538 1460 3609 plus
1473 3540 1769 3610 gaudentes
1872 3538 2149 3593 subeunda
2195 3530 2507 3607 desperatio
2533 3552 2548 3602 ;
2597 3533 2693 3591 sed
2722 3540 2871 3588 tanta
2906 3534 3086 3605 potius
3114 3545 3472 3602 perseveran-

167 3622 236 3680 de
267 3623 419 3679 bono
445 3638 609 3694 opere
639 3641 800 3695 quam
831 3626 898 3681 de
925 3629 1063 3683 bona
1087 3630 1448 3698 possessione,
1475 3638 1603 3684 utet
1627 3630 1771 3685 Deus
1874 3632 2000 3687 dum
2060 3631 2340 3694 instantia,
2394 3634 2505 3682 tam
2572 3626 2853 3682 obstinato
2899 3623 3327 3695 frequentandus
3364 3629 3471 3687 est,

169 3715 480 3772 collaatetur
506 3714 651 3771 bono
676 3728 841 3785 opere
873 3724 1080 3784 nostro,
1114 3723 1204 3790 qui
1236 3721 1504 3792 cperariis
1552 3723 1773 3792 pietatis
1875 3739 1998 3778 cum
2029 3718 2512 3777 intercessionibus
2544 3720 2706 3790 hujus
2748 3718 3079 3790 protectoris
3108 3725 3164 3773 et
3209 3712 3477 3787 adjutoris

171 3804 552 3876 seinjudicio
574 3807 843 3863 dicturum
873 3810 1127 3880 pricdixit
1157 3829 1170 3862 :
1200 3812 1356 3877 Quod
1400 3814 1493 3866 uni
1530 3829 1594 3866 ex
1619 3812 1775 3868 mini-

179 3900 283 3954 mis
313 3898 454 3954 meis
472 3898 692 3969 (coistis,
714 3899 845 3954 mihi
871 3900 1064 3969 fecistis
1093 3902 1305 3970 (Matth.
1340 3902 1489 3975 xxv).

245 3987 401 4044 ΧΠ.
444 3988 651 4046 Accidit
691 3997 873 4047 autem
903 3994 1136 4061 quodam
1181 4002 1443 4063 tempore,
1484 4006 1609 4050 cum
1653 4010 1778 4066 pas-

172 4083 337 4140 torali
388 4081 617 4139 solertia
659 4097 727 4140 ex
780 4090 936 4142 inore
984 4086 1276 4156 parochias
1310 4088 1588 4154 circuiret,
1639 4097 1699 4144 ut
1730 4091 1777 4145 si

172 4172 521 4244 negligenter
537 4173 811 4245 aliquidin
836 4177 1037 4232 divinis
1064 4177 1301 4233 Cultibus
1315 4184 1585 4250 ageretur,
1605 4176 1781 4235 ﬁdelis

173 4267 385 4324 Christi
419 4278 610 4323 servus
640 4276 984 4340 agnosceret,
1013 4276 1147 4326 etut
1177 4271 1350 4327 bonus
1378 4271 1638 4342 agricola,
1660 4270 1783 4342 qua:

176 4357 389 4416 monita
434 4368 611 4424 erant,
666 4356 736 4417 ad
778 4362 934 4417 bona!
980 4363 1312 4433 Operationis
1348 4360 1558 4419 fructus
1603 4361 1785 4434 profe-

176 4450 391 4507 nudos
419 4451 714 4517 exeoleret,
743 4459 807 4508 ut
838 4454 906 4511 ad
930 4454 1134 4520 vicum,
1184 4457 1274 4511 cui
1330 4454 1651 4512 vocabulum
1700 4462 1786 4513 est

178 4538 571 4599 Calmacianus
617 4541 1051 4620 [Calmieianus],
1099 4548 1430 4618 perveniret.
1491 4545 1595 4605 Ubi
1656 4548 1783 4604 dum

181 4634 416 4701 quidam
441 4648 619 4691 caecus
644 4650 743 4705 per
778 4638 1068 4694 intervalla
1117 4648 1417 4713 temporum
1462 4642 1788 4698 occultantis

183 4738 245 4780 se
268 4724 535 4781 daemonii
576 4726 860 4784 invasione
898 4744 1204 4798 possessus,
1243 4733 1311 4785 ab
1343 4746 1409 4787 eo
1436 4747 1594 4803 opem
1626 4733 1791 4788 mise-

186 4822 444 4879 ricordiae
466 4821 816 4893 postulasset,
843 4825 1095 4894 quoniam
1132 4834 1260 4881 ante
1288 4827 1458 4897 ipsius
1484 4827 1656 4882 sancti
1686 4826 1793 4882 viri

190 4915 544 4984 praesentiam
592 4915 855 4972 occultari
901 4932 1007 4972 non
1055 4917 1230 4988 potuit
1279 4920 1417 4989 (erat
1462 4920 1607 4975 enim
1652 4912 1795 4974 illius

194 5006 434 5075 generis,
472 5007 538 5061 de
583 5022 693 5077 quo
744 5006 1005 5065 Dominus
1046 5009 1103 5063 in
1146 5006 1439 5080 Evangelio
1467 5009 1617 5075 dicit,
1648 5004 1795 5080 quod

195 5113 304 5152 non
331 5097 574 5166 eiicitur,
609 5099 713 5155 nisi
756 5100 810 5154 in
839 5100 1086 5156 oratione
1128 5108 1183 5155 et
1206 5099 1415 5172 jejunio
1459 5099 1653 5172 (Marc.
1694 5100 1796 5175 ix),

197 5190 387 5259 coepit,
419 5204 525 5260 qua
554 5191 756 5246 dudum
787 5200 979 5263 captus
1016 5191 1212 5260 fuerat,
1262 5194 1526 5249 daemonis
1569 5194 1799 5249 infesta-

200 5279 348 5335 tione
380 5281 522 5335 idem
541 5296 721 5339 etecus
756 5285 1002 5354 corporis
1035 5285 1324 5340 vexatione
1354 5287 1616 5356 torqueri.
1649 5285 1803 5343 Tunc

199 5365 396 5422 beatus
424 5368 706 5442 Remigius
733 5373 789 5426 in
810 5374 1079 5441 oratione,
1107 5390 1216 5446 qua
1257 5390 1472 5447 semper
1515 5376 1698 5432 animo
1732 5377 1802 5433 ad

203 5458 497 5518 Dominum
524 5464 862 5532 intendebat,
901 5480 1149 5537 corpore,
1180 5469 1322 5538 quod
1361 5468 1584 5539 jejuniis
1611 5475 1665 5524 et
1699 5469 1800 5523 bo-

204 5564 402 5606 norum
452 5568 677 5626 operum
728 5558 992 5614 exercitio
1042 5559 1380 5615 incessanter
1421 5561 1712 5627 alliciebat,
1743 5576 1804 5618 se

206 5641 488 5702 humiliter
530 5650 598 5705 ad
651 5660 854 5707 terram
899 5652 1226 5722 prostravit,
1272 5655 1566 5725 statimque
1619 5655 1803 5711 lumen

207 5733 505 5804 pristinum
529 5742 659 5797 caeci
685 5744 860 5798 oculis
884 5743 1139 5811 reddidit,
1172 5754 1229 5800 et
1255 5744 1325 5800 ab
1350 5759 1417 5801 eo
1453 5754 1664 5816 pestem
1698 5746 1804 5803 im-

1812 4590 1866 4651 D

1875 3812 2071 3876 neStri,
2110 3811 2347 3866 clamore
2398 3809 2670 3876 Salvator,
2710 3810 2889 3866 donec
2936 3818 2989 3865 et
3039 3809 3153 3879 ipse
3206 3807 3273 3862 de
3322 3804 3476 3861 caelis

1878 3904 2109 3960 Domino
2133 3918 2233 3973 pro
2262 3902 2627 3972 supplicatore
2662 3914 2759 3955 suo
2790 3898 3054 3969 supplicet
3083 3914 3098 3952 :
3145 3899 3331 3970 sicque
3362 3898 3476 3964 ﬁet,

1879 3994 2002 4050 utsi
2036 4003 2271 4049 mentem
2303 3996 2370 4048 ab
2397 3994 2694 4048 intentione
2724 3992 3001 4062 proposita
3045 4006 3151 4045 non
3187 3987 3480 4044 mutaverit

1880 4094 2159 4158 precator,
2182 4094 2531 4153 nequaquam
2552 4078 2731 4137 fructu
2761 4084 2863 4152 piae
2886 4077 3476 4152 petitionisl‘raudetur.

1884 4172 1993 4233 Sed
2025 4186 2080 4233 et
2101 4177 2145 4231 si
2168 4184 2270 4246 pro
2298 4188 2397 4230 sua
2422 4173 2716 4246 fragilitate
2745 4174 2889 4244 quis,
2920 4187 3011 4226 seu
3044 4184 3142 4241 pro
3170 4169 3291 4224 aliis
3313 4169 3480 4222 inter-

1885 4267 2116 4333 venerit,
2160 4265 2451 4321 desiderati
2501 4264 2738 4335 potietnr
2777 4261 3011 4319 eﬁ‘ectu:
3064 4261 3165 4315 nisi
3219 4260 3353 4314 forte
3388 4254 3484 4329 pe-

1888 4367 2089 4416 tentem
2110 4368 2210 4415 cor
2239 4358 2293 4413 in
2334 4357 2593 4428 petitione
2623 4354 3064 4427 reprehenderit;
3081 4360 3203 4407 eum
3227 4348 3484 4406 resistere

1890 4460 1950 4511 se
1977 4452 2264 4524 praeceptis
2296 4448 2413 4519 ejus
2460 4448 2753 4505 meminit:
2800 4448 2925 4518 quia
2971 4444 3189 4517 dignum
3236 4442 3484 4515 profecto

1890 4555 1997 4611 est,
2022 4554 2085 4600 ut
2106 4545 2174 4600 ab
2198 4544 2316 4614 ejus
2332 4540 2616 4599 beneﬁciis
2644 4541 2717 4596 sit
2743 4540 2973 4610 quisque
2999 4540 3313 4603 extraneos,
3332 4534 3486 4606 cujus

1896 4636 2153 4692 nimirum
2178 4632 2512 4703 jussionibus
2534 4645 2643 4687 non
2674 4629 2789 4686 vult
2814 4640 2935 4684 esse
2962 4628 3255 4698 subjectus.
3286 4625 3402 4693 Qua
3428 4622 3487 4678 in

1896 4743 1958 4784 re
1982 4728 2087 4784 hoc
2125 4735 2209 4782 est
2251 4724 2469 4781 salubre
2498 4721 2821 4788 remedium,
2848 4728 2908 4775 ut
2952 4734 3076 4775 cum
3134 4734 3193 4773 se
3237 4730 3388 4771 mens
3416 4729 3489 4770 ex

1898 4820 2163 4877 memoria
2212 4816 2382 4887 culpis
2416 4815 2788 4887 reprehendit,
2830 4813 2935 4868 hoc
2972 4811 3122 4880 prius
3156 4810 3209 4863 in
3241 4808 3491 4863 oratione

1899 4912 2115 4978 deﬂeat,
2144 4910 2285 4981 (ιιιοὰ
2311 4908 2545 4974 erravit;
2572 4916 2838 4979 quatenus
2869 4904 3073 4959 erroris
3118 4899 3330 4955 macula
3363 4908 3490 4953 cum

1901 5002 2118 5061 ﬂetibus
2146 5000 2370 5074 tegitur,
2400 5002 2455 5056 in
2480 5002 2744 5072 petitione
2774 5000 2871 5054 'sna
2899 4995 3077 5051 cordis
3106 4992 3276 5048 facies
3302 4990 3371 5047 ab
3399 5005 3493 5077 auf-

1906 5109 2060 5155 ctore
2088 5096 2291 5152 munda
2312 5095 2579 5151 videatur.
2608 5090 2921 5149 Curandum
2951 5095 3036 5144 est
3085 5085 3272 5150 etiam,
3299 5098 3369 5139 ne
3421 5080 3492 5138 ad

1906 5190 2011 5249 hoc
2030 5204 2223 5247 rursus
2246 5196 2491 5261 prernat,
2517 5185 2661 5257 quod
2694 5199 2752 5240 se
2782 5180 3071 5238 mundasse
3091 5176 3304 5255 ﬂetibus
3318 5175 3496 5232 exsul-

1907 5293 2024 5349 tat;
2060 5299 2149 5349 ne,
2182 5282 2306 5336 dum
2336 5280 2549 5349 plorata
2580 5275 2780 5330 iterum
2811 5272 2970 5342 culpa
3016 5270 3399 5331 committitur,
3438 5267 3495 5322 in

1907 5382 2199 5445 conspectu
2225 5371 2355 5440 justi
2384 5366 2585 5439 judicis
2613 5366 2726 5436 ipsa
2754 5364 2918 5420 etiam
2944 5363 3181 5418 lamenta
3209 5361 3495 5425 levientur,

1906 5474 1962 5521 et
1988 5480 2085 5521 eor
2113 5464 2307 5518 iterum
2352 5457 2626 5530 praeterita
2681 5456 2734 5511 in
2784 5454 3045 5526 petitione
3076 5451 3493 5523 reprehendant.

1906 5557 2161 5614 Graviter
2206 5548 2440 5622 namque
2474 5549 2845 5619 unusquisque
2874 5545 3242 5611 confunditur,
3279 5542 3500 5615 quando

1909 5649 2162 5704 mandata
2196 5646 2290 5701 Dei
2318 5644 2402 5699 vel
2432 5642 2658 5715 legendo
2679 5642 2765 5697 vel
2793 5641 3064 5696 audiendo
3105 5637 3350 5710 reSpicit,
3379 5650 3503 5708 quae

1909 5738 2143 5798 vivendo
2168 5736 2535 5807 contempsit:
2582 5741 2638 5789 et
2681 5732 2810 5788 inde
2839 5729 3177 5787 dubitatione
3218 5726 3501 5794 confusus,

210 5827 403 5884 BM
447 5831 673 5902 Spiritus
718 5832 993 5908 eﬂugavit,
1038 5844 1096 5893 et
1140 5851 1211 5895 ne
1263 5837 1407 5895 ultra
1440 5852 1564 5897 cum
1606 5853 1809 5899 vexare
1913 5853 1973 5895 se
2004 5834 2071 5892 ad
2100 5831 2367 5891 orandum
2397 5830 2567 5890 Deum
2608 5825 2895 5891 convertit.
2935 5823 3089 5882 Unde
3115 5819 3341 5881 Joannis
3369 5830 3504 5879 voce
