4010 6330
509 377 652 434 11ιὸ

1337 373 1669 430 lllNCMARI
1709 371 1926 428 RHEM.
1965 369 2286 426 AllClllEP.
2327 370 2691 429 OPUSCULA
2731 372 2956 428 VARIA.

3653 373 3797 430 HM

502 491 702 547 dicitur
727 509 740 546 :
767 491 828 547 Si
851 507 943 547 cor
967 500 1206 546 nostrum
1230 506 1333 546 non
1353 490 1678 560 reprehendit
1707 506 1821 555 nos,
1842 489 2096 558 ﬁduciam
2123 491 2177 551 Α
2202 488 2555 563 interrogavit
2579 491 2882 559 cellarium,
2909 492 2954 546 si
2997 491 3221 548 haberet
3247 493 3302 547 in
3331 492 3516 564 aliquo
3559 496 3630 548 de
3662 493 3800 562 ipsis

503 583 756 638 habemus
794 583 935 653 apud
979 581 1188 647 Deum;
1222 591 1271 636 et
1299 580 1553 652 quidquid
1579 581 1881 650 petierimus
1915 581 1979 634 ab
2015 596 2094 645 eo,

505 677 823 747 accipiemus
859 675 911 746 (1
939 674 1102 730 Joau.
1132 674 1237 745 ιιι).
1265 673 1344 729 Αε
1385 675 1429 729 si
1461 675 1705 730 diceret:
1740 673 1796 730 Si
1851 673 1905 728 id
1953 675 2098 743 quod

503 769 752 839 praecipit
796 766 1062 831 facimus,
1139 766 1190 820 id
1242 767 1384 835 quod
1461 765 1696 833 petimus
1766 766 2094 820 obtinemus.

502 858 675 917 Valde
699 875 930 930 namque
955 859 1095 929 apud
1136 858 1306 914 Deum
1353 868 1584 929 utraque
1621 860 1735 914 haec
1773 859 1875 914 sibi
1917 873 2098 914 neces-

503 953 652 1006 sario
673 949 942 1022 congruit,
974 958 1032 1004 ut
1060 957 1114 1004 et
1143 950 1391 1005 oratione
1412 950 1678 1018 operatio,
1703 957 1757 1004 et
1780 949 2100 1019 operatione

501 1046 680 1099 oratio
715 1044 990 1099 fulciatur.
1023 1045 1160 1100 Hinc
1213 1045 1412 1100 etenim
1439 1044 1706 1100 Jeremias
1745 1044 1858 1098 ait:
1892 1040 2102 1098 Sonue-

501 1150 624 1188 mur
649 1135 758 1189 vias
790 1145 1018 1200 nostras,
1048 1146 1094 1189 et
1120 1151 1444 1206 quaeramus,
1467 1146 1514 1188 et
1547 1145 1867 1189 revertamur
1895 1134 1964 1187 ad
1998 1133 2102 1186 Do-

502 1224 724 1277 minum.
758 1223 1007 1278 Levemua
1031 1225 1194 1279 corda
1225 1234 1404 1278 nostra
1427 1241 1546 1278 cum
1577 1226 1814 1278 manibus
1837 1225 1905 1278 ad
1934 1224 2100 1277 Deum

501 1315 556 1368 in
585 1316 738 1369 cwlos
771 1315 986 1382 (Tliren.
1020 1320 1125 1386 ιιι).
1182 1317 1305 1371 Vias
1345 1317 1546 1371 etenim
1589 1327 1802 1371 nostras
1844 1317 2099 1380 scrutari,

504 1414 612 1471 est,
645 1407 1034 1473 cogitationum
1087 1408 1294 1465 interna
1347 1410 1635 1464 discutere.
1667 1407 1774 1464 Cor
1801 1424 1930 1464 vero
1976 1424 2098 1462 eum

507 1497 761 1553 manibus
787 1498 951 1562 levat,
966 1500 1058 1568 qui
1087 1501 1389 1556 orationem
1417 1516 1570 1555 suam
1588 1500 1843 1570 operibus
1858 1501 2095 1555 roborat.

509 1588 647 1645 Nam
675 1593 1072 1662 quisquisorat,
1108 1593 1202 1648 sed
1241 1597 1455 1666 operari
1485 1596 1922 1659 dissimulat,cor
1937 1597 2101 1661 levat,

508 1683 606 1738 sed
631 1698 824 1738 manus
854 1699 960 1738 non
985 1685 1145 1740 levat.
1173 1684 1431 1755 Quisquis
1457 1701 1584 1741 vero
1609 1695 1888 1757 operatur,
1920 1695 1976 1740 et
1996 1701 2100 1739 non

508 1782 651 1840 orat,
679 1789 871 1832 manus
900 1775 1043 1831 levat
1068 1785 1121 1832 et
1146 1793 1242 1833 cor
1270 1794 1375 1832 non
1403 1779 1565 1833 levat.
1599 1779 1757 1834 Juxta
1807 1779 2103 1833 laborantis

2201 582 2437 638 vasculis
2465 583 2549 638 vel
2595 584 2798 655 aliquid
2846 584 2979 638 vini.
3034 583 3102 638 Et
3137 584 3421 656 designato
3449 584 3697 651 vasculo,
3744 588 3798 640 in

2202 687 2311 742 quo
2336 673 2539 744 aliquid
2564 675 2673 729 vini
2704 684 3064 742 remanserat,
3108 675 3248 731 dixit
3272 693 3285 730 :
3339 675 3544 732 Claude
3572 678 3800 744 ouium,

2201 775 2257 820 et
2278 775 2360 820 sta
2388 767 2454 820 de
2475 767 2578 821 ista
2608 775 2784 838 parte,
2817 782 2986 837 usque
3012 767 3137 823 dum
3169 781 3270 838 ego
3320 767 3387 822 ad
3420 776 3476 822 te
3525 778 3799 823 revertar.

2201 857 2271 912 Et
2312 873 2544 928 pergens
2584 859 2650 912 ad
2689 859 2916 914 alteram
2972 858 3208 914 frontem
3262 859 3492 926 vasculi,
3524 875 3652 930 qua:
3683 870 3808 914 erat

2196 950 2350 1022 juxta
2379 952 2666 1022 parietem,
2701 951 3082 1008 fecit.crucem
3112 966 3277 1022 super
3325 951 3468 1007 idem
3520 952 3804 1006 vasculum

2202 1043 2346 1111 quod
2385 1051 2502 1097 erat
2533 1058 2642 1098 non
2668 1043 2894 1098 modica:
2915 1044 3259 1114 quantitatis,
3296 1052 3350 1098 et
3369 1059 3550 1115 genua
3577 1042 3809 1100 ﬂectens

2204 1133 2270 1187 ad
2306 1135 2627 1198 orationem,
2659 1135 2838 1189 oravit
2886 1136 3123 1190 diutius:
3175 1145 3229 1190 et
3273 1135 3418 1205 cepit
3463 1135 3653 1189 vinum
3711 1150 3810 1204 per

2201 1224 2448 1280 foramen
2489 1228 2762 1295 superius,
2786 1242 2884 1297 per
2911 1229 3056 1297 quod
3082 1226 3257 1283 eidem
3294 1227 3514 1283 vasculo
3562 1226 3808 1282 infusum

2205 1317 2402 1384 fuerat,
2435 1321 2568 1373 adeo
2600 1320 2922 1386 redundare,
2949 1328 3006 1374 ut
3033 1336 3199 1391 super
3226 1322 3599 1392 pavimentum
3632 1321 3810 1391 ipsius

2205 1408 2397 1463 domus
2427 1409 2648 1481 largiter
2671 1409 2976 1466 inundaret.
3023 1410 3088 1465 Et
3113 1412 3230 1466 viro
3274 1422 3464 1466 sancto
3497 1411 3688 1466 adhuc
3716 1411 3811 1464 de-

2204 1501 2490 1555 cumbente
2541 1502 2594 1554 in
2637 1503 2923 1566 oratione,
2973 1500 3228 1556 cellarius
3275 1503 3468 1556 timore
3516 1501 3812 1572 perculsus

2204 1593 2550 1659 exclamavit,
2583 1595 2768 1650 dicens
2793 1613 2804 1647 :
2830 1593 2888 1648 ln
2913 1595 3132 1649 nomine
3165 1595 3386 1658 Christi,
3417 1594 3543 1664 quis
3565 1608 3814 1662 unquam

2205 1684 2311 1738 tale
2338 1686 2514 1740 vidit?
2545 1685 2698 1753 Quod
2722 1702 2848 1742 cum
2873 1687 3085 1742 audivit
3112 1696 3335 1742 sanctus
3356 1685 3663 1756 Remigius,
3701 1700 3818 1739 suo

2211 1777 2350 1831 rexit
2371 1776 2439 1830 ab
2469 1778 2738 1844 oratione,
2763 1787 2819 1832 et
2842 1779 3100 1849 praecepit
3130 1780 3205 1834 illi
3225 1788 3285 1834 ut
3311 1779 3512 1834 nemini
3540 1778 3645 1833 hoc
3671 1777 3818 1831 indi-

507 1877 725 1932 vocem,
774 1875 905 1922 tunc
943 1882 1040 1923 cor
1069 1867 1320 1924 fiduciam
1353 1869 1405 1923 in
1448 1870 1695 1925 oratione
1723 1869 1943 1940 accipit,
1975 1884 2099 1924 cum
2132 1850 2176 1908 Β
2206 1876 2378 1930 caret,
2411 1868 2506 1921 sed
2536 1868 2744 1923 diceret
2773 1869 3006 1924 dominae
3048 1884 3160 1925 sua:
3208 1870 3493 1935 ministris,
3548 1869 3817 1937 impetra-

510 1955 614 2010 sibi
642 1957 764 2010 vita:
784 1959 1026 2026 pravitas
1063 1959 1209 2014 nulla
1241 1961 1584 2016 contradicit.

585 2047 724 2103 XVI.
752 2049 884 2104 Erat
914 2051 1058 2105 enim
1089 2051 1178 2106 hic
1221 2052 1418 2121 prtesul
1453 2051 1821 2117 beatissimus,
1865 2051 2108 2107 interno-

511 2155 636 2196 rum
657 2156 845 2195 curam
875 2142 928 2195 in
958 2143 1290 2197 exteriorum
1315 2144 1675 2212 occupatione
1700 2159 1804 2197 non
1831 2144 2104 2208 minuens,

513 2233 847 2288 exteriorum
874 2234 1269 2303 providentiam
1313 2235 1365 2289 in
1396 2235 1714 2291 interiorum
1745 2236 2108 2292 sollicitudine

513 2338 626 2378 non
685 2323 1011 2394 relinquens.
1044 2325 1178 2380 Cum
1228 2341 1359 2397 ergo
1414 2327 1744 2382 circumiens
1791 2327 2107 2395 parochiam

514 2414 882 2470 sollicitudine
908 2418 1190 2486 pastorali,
1225 2420 1482 2475 transiret
1510 2434 1609 2489 per
1630 2419 1967 2476 Condumum
1997 2421 2110 2489 epi-

515 2513 686 2582 seopii
719 2514 875 2580 villae,
902 2513 1056 2584 cujus
1083 2516 1402 2572 vocabulum
1421 2527 1504 2573 est
1521 2518 1871 2584 Tudiniacus,
1900 2519 2113 2588 aspexit

515 2618 791 2661 messores
830 2620 1062 2663 messem
1101 2618 1352 2664 secantes
1389 2628 1402 2664 :
1441 2611 1816 2680 accedensque
1875 2610 1944 2665 ad
1992 2625 2108 2676 eos,

517 2708 643 2749 cum
667 2693 832 2750 verbo
857 2696 1262 2766 praedicationis
1298 2699 1620 2754 exhortatus
1659 2707 1745 2754 est
1771 2714 1888 2766 eos,
1931 2698 2112 2754 dando

519 2785 702 2840 cibum
729 2795 783 2841 et
809 2796 996 2857 potum
1025 2789 1077 2843 in
1126 2791 1555 2848 consolationem
1606 2793 1828 2848 laboris.
1868 2793 1936 2848 Et
1983 2793 2113 2848 dum

519 2875 639 2932 haec
663 2888 976 2947 agerentur,
1001 2880 1220 2947 accidit,
1251 2883 1525 2938 sobrinam
1553 2883 1714 2946 illius.
1748 2885 1964 2940 nomine
1989 2883 2114 2938 Cel-

523 2980 666 3032 sam,
701 2965 811 3022 Deo
841 2977 1137 3035 sacratam,
1167 2972 1393 3040 proinde
1417 2974 1672 3036 transire,
1710 2985 1765 3028 et
1797 2975 1976 3028 villam
2004 2990 2115 3029 suae

519 3056 873 3126 proprietatis
901 3062 1119 3117 nomine
1157 3062 1368 3119 Celtum
1410 3065 1582 3118 adire.
1613 3065 1742 3131 Quae
1765 3081 1888 3120 cum
1916 3081 2117 3136 cogno-

521 3147 604 3202 vit
629 3157 880 3204 sanctum
907 3152 1211 3223 Remigium
1236 3153 1391 3223 juxta
1427 3157 1689 3211 transitus
1709 3159 1792 3213 sui
1814 3159 1955 3213 viam
1969 3173 2113 3224 esse,

2209 1967 2323 2013 tum
2374 1960 2557 2014 vinum
2609 1976 2670 2014 se
2717 1962 2920 2017 habere
2968 1963 3110 2018 unde
3161 1962 3472 2017 ministrare
3534 1959 3810 2016 valerent.

2210 2049 2443 2106 Sanctus
2476 2066 2606 2106 vero
2628 2052 2839 2106 Domini
2871 2052 3086 2108 rediens
3115 2052 3181 2108 ad
3211 2052 3493 2124 przefatam
3521 2053 3812 2107 sobrinam

2209 2157 2385 2207 suam,
2414 2143 2722 2199 consolatus
2749 2153 2832 2199 est
2871 2159 3018 2209 eam,
3068 2146 3292 2201 dicens:
3335 2145 3498 2210 Filia,
3540 2145 3652 2200 noli
3682 2161 3815 2200 eon-

2212 2236 2440 2298 trislari,
2468 2234 2560 2289 sed
2603 2251 2754 2305 spera
2799 2237 2855 2289 in
2884 2235 3128 2302 Domino,
3179 2246 3229 2292 et
3273 2237 3359 2306 [ac
3410 2237 3724 2300 bonitatem,
3769 2246 3818 2289 et

2209 2328 2440 2394 pasceris
2469 2327 2523 2380 in
2548 2327 2739 2381 divitiis
2780 2327 2894 2396 ejus
2943 2325 3116 2400 (Prol.
3164 2331 3375 2394 xxxvi).
3433 2327 3620 2384 Habes
3674 2343 3815 2383 nunc

2211 2419 2438 2472 vinum:
2498 2418 2742 2474 laetemur
2789 2427 2843 2474 et
2883 2420 3223 2477 exsultemus
3267 2422 3320 2476 in
3354 2420 3615 2476 Domino.
3659 2421 3817 2489 Quod

2214 2509 2412 2560 factum
2441 2521 2564 2563 cum
2595 2512 2706 2577 ipsa
2729 2517 2784 2564 et
2809 2509 3054 2565 homines
3103 2512 3220 2580 ejus
3248 2527 3346 2582 per
3381 2511 3676 2566 cellarium
3723 2529 3808 2567 co-

2213 2598 2550 2668 gnovissent,
2573 2599 2700 2669 quia
2725 2600 2985 2670 scriptum
3007 2611 3107 2668 est,
3141 2599 3317 2672 Opera
3341 2600 3567 2656 Domini
3599 2620 3817 2658 narrare

2212 2693 2564 2762 honoriﬁcum
2589 2703 2662 2748 est
2687 2692 2838 2763 (Tob.
2868 2694 2993 2765 χιι),
3017 2695 3150 2750 dixit
3171 2695 3239 2751 ad
3266 2709 3393 2750 eum
3432 2695 3664 2750 sobrina
3687 2712 3812 2751 sua:

2215 2782 2368 2839 Nunc
2392 2785 2641 2855 cognovi,
2665 2777 2852 2842 sancte
2880 2785 3063 2854 Pater,
3087 2787 3216 2856 quia
3242 2787 3431 2862 divina
3455 2788 3815 2859 inspiratione

2216 2875 2285 2928 ad
2315 2874 2457 2929 hanc
2485 2875 2703 2931 domum
2737 2877 2897 2932 hodie
2936 2885 2988 2932 te
3021 2877 3244 2944 vocavi;
3294 2887 3592 2948 propterea
3625 2879 3691 2934 de
3716 2880 3815 2933 hac

2171 2985 2174 2988 ~
2215 2965 2344 3018 villa
2380 2976 2430 3020 te
2455 2975 2510 3020 et
2535 2967 2823 3022 ecclesiam
2867 2977 3012 3022 tuam
3050 2977 3314 3039 perpetuo
3368 2970 3644 3024 haeredem
3698 2983 3819 3025 esse

2218 3056 2436 3111 faciam.
2468 3057 2536 3111 Et
2577 3059 2997 3128 praesentialiter
3034 3059 3206 3131 ipsam
3245 3060 3399 3116 illam
3431 3063 3502 3114 ad
3548 3061 3820 3116 Rhemen-

2221 3161 2334 3200 sem
2361 3145 2646 3203 ecclesiam
2680 3149 2920 3216 tradidit,
2942 3158 2999 3206 et
3024 3149 3204 3205 eidem
3225 3161 3422 3206 sancto
3441 3151 3660 3222 prazsuli
3693 3151 3820 3205 inde

520 3240 763 3297 venitad
792 3257 940 3309 eum,
967 3251 1023 3298 et
1051 3211 1300 3316 ιῖειιίεπῖθ,
1328 3255 1383 3300 ut
1424 3263 1523 3317 par
1561 3257 1702 3312 erat,
1743 3249 1811 3303 ab
1861 3249 1950 3304 ιιιυ
1997 3211 2116 3305 sus:
2143 3211 2190 3274 C
2225 3237 2474 3291 chartam
2518 3247 2573 3292 et
2617 3239 2938 3296 vestituram
2984 3239 3281 3296 secundum
3333 3256 3547 3297 morem
3592 3240 3822 3311 legalem

523 3341 700 3403 cepta,
735 3333 891 3404 petiit
927 3335 1176 3390 eumdem
1205 3337 1382 3391 virum
1423 3347 1694 3400 sanctum,
1725 3349 1786 3392 ut
1833 3355 1937 3395 una
1995 3355 2117 3395 cum

523 3422 617 3479 illa
675 3424 892 3480 domum
955 3442 1145 3492 suam,
1209 3442 1317 3496 quo
1373 3427 1534 3492 ibat,
1581 3429 1895 3499 dignaretur
1945 3429 2114 3484 adire.

522 3513 670 3571 Idem
700 3517 785 3571 vir
831 3528 1073 3584 sanctus,
1125 3527 1184 3572 ut
1239 3526 1359 3573 erat
1385 3519 1712 3588 praestabilis
1752 3535 1914 3590 super
1953 3519 2120 3587 justis

523 3609 903 3678 petitionibus,
929 3610 1099 3679 ipsius
1119 3609 1356 3665 sobrinae
1377 3625 1487 3665 suae
1515 3610 1863 3679 postulationi
1889 3611 2119 3681 praebuit

525 3714 831 3756 assensum.
861 3701 929 3755 Et
959 3716 1082 3757 cum
1108 3701 1315 3771 pariter
1342 3703 1410 3757 ad
1453 3703 1672 3758 domum
1714 3705 2112 3773 pervenissent,

523 3798 581 3845 et
603 3790 746 3846 inter
771 3807 831 3848 se
861 3791 1149 3848 familiaria
1173 3801 1230 3848 et
1259 3793 1522 3864 spiritalia
1543 3795 2114 3866 haberentcolloqnia,

523 3882 677 3937 venit
697 3882 946 3940 minister
966 3883 1136 3954 ipsius
1159 3883 1329 3941 Celsae
1355 3886 1423 3942 ad
1449 3886 1748 3942 auriculam
1769 3886 1886 3958 ejus
1905 3887 2115 3953 dicens,

525 3977 669 4045 quod
692 3974 904 4032 villicus
929 3977 1048 4048 ejus
1072 3976 1280 4043 vinum,
1297 3978 1442 4048 quod
1467 3978 1522 4034 in
1549 3979 1742 4035 eadem
1766 3979 1892 4034 villa
1917 3978 2114 4045 fuerat,

523 4067 804 4123 venditum
829 4067 944 4138 jam
976 4069 1228 4134 habebat,
1275 4079 1502 4141 excepta
1541 4069 1765 4139 parvula
1807 4071 2117 4140 quantitate

523 4173 687 4228 quam
716 4174 814 4229 pro
834 4159 1092 4215 salvando
1122 4165 1341 4218 vasculo
1367 4161 1685 4216 reservavit.
1715 4159 1881 4230 Cujus
1907 4160 2116 4217 vultum

521 4261 744 4308 sanctas
794 4252 1070 4324 Remigius
1096 4254 1286 4310 videns
1315 4253 1514 4312 robore
1539 4253 1842 4325 perfusum,
1879 4255 2116 4310 interro-

523 4343 672 4414 gavit
689 4344 818 4414 quid
842 4345 892 4399 ei
914 4360 1044 4401 suus
1067 4345 1318 4401 minister
1338 4346 1393 4401 in
1418 4345 1720 4401 auriculam
1740 4346 1957 4401 dixerit.
1983 4345 2116 4414 Qua:

521 4433 599 4488 illi
633 4443 880 4504 prompte
904 4438 1202 4505 respondit,
1224 4439 1480 4508 quoniam
1509 4453 1617 4494 non
1656 4446 1865 4493 tantum
1906 4454 2006 4509 pro
2048 4453 2115 4494 eo

523 4523 592 4580 de
614 4524 730 4594 ipso
760 4527 950 4582 nuntio
984 4530 1470 4594 verecundabatnr,
1500 4539 1764 4601 quantum
1789 4547 1888 4601 pro
1916 4533 1997 4587 eis
2019 4532 2114 4602 qui

2225 3329 2374 3385 fecit.

2301 3422 2460 3478 XVll.
2494 3423 2754 3480 Miramur
2777 3426 2926 3497 quia,
2950 3423 3107 3493 juxta
3123 3425 3346 3482 verbum
3371 3425 3540 3481 Elisei
3555 3425 3611 3495 (Ι
3626 3424 3672 3479 γ
3693 3424 3822 3496 Reg.

2224 3514 2324 3585 tv),
2353 3531 2523 3585 parvo
2545 3515 2650 3571 olei
2679 3515 2888 3586 liquore
2913 3531 3111 3587 magna
3140 3531 3268 3572 vasa
3291 3514 3483 3579 infusa,
3505 3515 3638 3571 oleo
3672 3513 3826 3572 fuere

2222 3607 2444 3676 repleta.
2475 3606 2734 3663 Miremur
2764 3608 2888 3677 quia
2922 3608 3304 3665 benedictione
3330 3615 3386 3662 et
3415 3607 3681 3663 oratione
3723 3608 3825 3663 Do-

2223 3699 2376 3764 mini,
2409 3708 2465 3755 et
2491 3697 2673 3756 Patris
2709 3715 2774 3755 ac
2817 3701 3033 3771 patroni
3079 3701 3252 3756 nostri
3283 3699 3542 3771 Remigii,
3582 3715 3682 3755 vas
3709 3715 3819 3754 non

2222 3793 2449 3849 modicae
2477 3793 2816 3863 quantitatis,
2846 3791 2914 3849 de
2960 3807 3128 3863 parvo
3183 3791 3417 3863 liquore,
3462 3793 3608 3861 quod
3659 3791 3718 3846 in
3751 3806 3822 3847 eo

2219 3893 2357 3949 erat,
2384 3884 2566 3939 vinum
2588 3883 2932 3955 superfusum
2955 3884 3120 3939 etiam
3138 3884 3195 3938 in
3212 3883 3585 3954 pavimentum
3609 3881 3820 3939 cellarii

2220 3976 2559 4032 redundavit.
2609 3975 2677 4030 Et
2723 3991 2824 4031 nos
2869 3974 2960 4045 qui
3009 3975 3190 4032 carnis
3233 3975 3611 4031 voluntatibus
3655 3973 3820 4048 [forte

2221 4066 2611 4140 voluptatibus]
2636 4067 2887 4132 debriati,
2910 4067 3045 4122 alios
3070 4067 3236 4122 etiam
3266 4082 3498 4138 peccare
3521 4067 3817 4128 facientes,

2219 4161 2458 4230 peccatis
2485 4159 2892 4223 inebriavimus,
2941 4168 2997 4213 et
3039 4158 3106 4212 ad
3148 4157 3485 4228 peccandum
3521 4156 3823 4213 nostrovel

2219 4252 2486 4323 exemplo,
2535 4251 2621 4308 vel
2670 4253 2836 4306 verbo
2879 4251 3169 4318 illeximus,
3199 4251 3447 4307 evacuati
3497 4267 3530 4306 ιι
3572 4251 3821 4313 Christo.

2219 4360 2348 4401 vasa
2374 4343 2528 4400 donis
2550 4343 2922 4414 spiritualibus
2946 4357 3137 4408 vacua,
3167 4343 3210 4398 si
3234 4343 3303 4398 ad
3317 4344 3644 4398 memoriam
3658 4340 3827 4410 huius

2217 4438 2361 4494 beati
2391 4436 2660 4508 pontificis
2685 4453 2715 4492 a
2742 4435 2909 4492 fundo
2923 4437 3165 4492 oordium
3189 4445 3525 4501 nostrorum,
3542 4450 3826 4492 venenum

2221 4531 2564 4600 iniquitatum
2590 4539 2919 4595 nostrarum,
2932 4529 3076 4600 quod
3089 4528 3505 4596 delectabiliter,
3521 4537 3581 4582 ut
3601 4530 3790 4583 viuum
3802 4570 3820 4594 ,

521 4590 649 4669 cum
685 4629 749 4669 eo
777 4617 1128 4675 advenerant.
1149 4619 1375 4690 Cognita
1405 4590 1536 4676 vero
1564 4637 1751 4688 causa,
1791 4590 1982 4679 beatus
2007 4590 2114 4679 Re-
2143 4590 2195 4651 D
2220 4590 2725 4693 nos-ingurgitando
2756 4590 2990 4678 bibimus
3013 4637 3111 4692 per
3143 4636 3334 4691 puram
3387 4621 3823 4682 confessionem.

522 4706 722 4779 migius
745 4708 905 4764 hilari
935 4710 1081 4765 vultu
1114 4712 1426 4768 consolatus
1452 4722 1537 4768 est
1563 4729 1703 4777 eam,
1736 4714 1924 4772 dicens
1955 4733 1967 4770 :
2005 4715 2113 4772 Pro

520 4798 625 4854 hac
652 4815 730 4865 re,
759 4798 890 4865 ﬁlia,
932 4800 1038 4858 noli
1079 4803 1428 4872 contristari;
1466 4803 1617 4861 dabit
1647 4807 1792 4862 enim
1835 4806 1959 4863 inde
1999 4807 2110 4864 Do-

519 4890 702 4947 minus
736 4891 984 4964 largitate
1023 4894 1241 4966 pietatis
1278 4911 1390 4952 sua:
1417 4896 1633 4954 solitam
1661 4897 2106 4966 consolationem,

519 4984 610 5053 qui
635 4999 731 5054 per
761 4985 1085 5057 Prophetam
1113 5003 1270 5046 suum
1313 5004 1374 5045 se
1408 4990 1722 5047 timentibus
1751 4991 1882 5047 nihil
1921 4993 2111 5049 deesse

517 5076 768 5143 promisit
795 5075 968 5148 (Psal.
998 5079 1250 5150 x-xxvm).
1269 5080 1336 5135 Et
1355 5081 1686 5138 dixiteidem
1709 5085 1944 5142 sobrina:
1972 5102 2108 5154 suae,

517 5166 865 5224 audientibus
907 5170 1012 5226 illis
1039 5172 1130 5241 qui
1170 5173 1418 5239 aderant,
1458 5183 1520 5229 ut
1557 5175 1662 5230 alia
1713 5175 1801 5232 illa
1848 5187 2106 5234 curaret:

518 5258 636 5330 ipse
687 5270 866 5316 autem
916 5262 1076 5320 vellet
1124 5264 1344 5320 interim
1395 5267 1611 5322 hortum
1657 5279 1714 5322 et
1765 5268 2110 5338 viridarium,

518 5359 682 5421 atque
710 5353 899 5409 domos
923 5353 1065 5408 illius
1091 5355 1404 5423 circumire,
1436 5366 1491 5412 et
1529 5358 1713 5413 videre
1748 5359 1981 5429 qualiter
2021 5362 2110 5415 illa

517 5455 786 5501 maneret.
819 5447 885 5502 Et
928 5447 1007 5502 sic
1037 5448 1102 5502 de
1130 5449 1394 5503 industria
1439 5451 1587 5520 prius
1625 5451 1726 5505 alia
1759 5453 2111 5517 circumiens,

515 5539 768 5607 pervenit
795 5554 965 5608 usque
1007 5539 1074 5592 ad
1119 5539 1321 5593 cellarii
1370 5541 1589 5595 ostium.
1626 5542 1688 5594 Et
1731 5544 2107 5614 interroganti,

518 5629 650 5696 quid
681 5630 733 5683 in
763 5629 852 5685 illo
884 5639 1025 5685 tecto
1047 5630 1358 5696 haberetur,
1405 5633 1684 5701 respondit
1710 5635 1975 5702 minister,
2005 5637 2114 5692 cel-

518 5717 713 5771 larium
747 5736 884 5775 esse.
918 5722 1063 5776 ldem
1097 5731 1278 5778 autem
1307 5723 1390 5777 vir
1437 5735 1657 5779 sanctus
1697 5725 1835 5781 dixit
1882 5713 1942 5784 se
1983 5728 2114 5785 illuc

516 5806 752 5865 introire
776 5810 932 5866 velle.
959 5811 1059 5868 Cui
1097 5829 1222 5869 eum
1260 5828 1418 5869 nemo
1461 5816 1689 5871 auderet
1716 5821 2110 5890 contradicere,

2219 4729 2342 4770 cum
2373 4713 2700 4768 contritione
2724 4724 2781 4769 et
2803 4713 2985 4768 cordis
3004 4713 3183 4784 rugitu
3211 4713 3641 4779 evomuerimns,
3687 4727 3790 4769 ενι
3812 4741 3824 4752 -

2218 4815 2444 4862 euantes
2467 4821 2566 4860 nos
2598 4804 2723 4860 felle
2747 4812 3115 4876 peccatomm,
3142 4820 3250 4872 quo
3280 4804 3468 4874 repleti
3512 4820 3738 4870 sumus;
3767 4812 3827 4858 et

2219 4896 2474 4970 lacrymis
2502 4912 2604 4952 nos
2628 4896 2944 4960 eluerimus,
2973 4894 3218 4950 levantes
3258 4896 3425 4950 corda
3467 4905 3661 4951 nostra
3694 4910 3824 4951 cun

2218 4991 2371 5060 puris
2399 4991 2650 5044 manibus
2696 4990 2814 5043 sine
2864 4988 2944 5042 ira
2972 4995 3028 5042 et
3075 4987 3472 5057 disceptatione
3501 4987 3570 5041 ad
3625 4987 3822 5052 Deum,

2215 5083 2426 5139 meritis
2450 5080 2568 5150 ejus
2604 5091 2660 5138 et
2706 5082 2957 5152 precibus
3003 5080 3250 5136 obtinere
3279 5094 3380 5134 nos
3420 5094 3584 5148 posse
3625 5079 3824 5134 creda-

2217 5192 2360 5242 mus,
2390 5186 2450 5231 ut
2477 5175 2786 5245 repleamur
2825 5174 3136 5228 abundante
3161 5173 3336 5243 gratia
3379 5171 3496 5236 Dei,
3541 5172 3734 5254 et'ﬂat
3760 5171 3821 5224 in

2217 5269 2375 5324 nobis
2408 5268 2528 5323 fons
2561 5267 2704 5329 vitae,
2727 5282 2793 5321 ac
2819 5266 2873 5320 in
2902 5265 3022 5336 ejus
3052 5264 3259 5321 lumine
3296 5265 3582 5319 videamus
3611 5263 3820 5316 lumen.

2291 5357 2471 5414 XVIII.
2516 5357 2558 5412 Τ
2564 5376 2667 5413 nnc
2691 5359 2758 5412 ad
2789 5357 3054 5427 justitiam
3093 5357 3379 5412 credentes
3423 5355 3614 5418 corde,
3652 5365 3708 5407 et
3747 5353 3823 5406 ad

2217 5454 2445 5508 salutem
2475 5453 2797 5507 confitentes
2825 5466 2942 5514 ore,
2973 5451 3099 5521 quia
3141 5451 3196 5504 in
3235 5448 3396 5504 Patre
3437 5457 3587 5502 totus
3611 5455 3696 5501 est
3724 5445 3824 5500 Fi-

2218 5546 2340 5605 lius,
2367 5555 2422 5598 et
2450 5546 2502 5599 in
2535 5543 2712 5598 Verbo
2737 5553 2880 5598 totus
2906 5541 3069 5597 Pater
3095 5561 3109 5595 :
3144 5542 3197 5595 in
3225 5540 3389 5596 Patre
3417 5538 3652 5595 simulet
3681 5536 3826 5591 Filio

2221 5647 2364 5692 totus
2393 5647 2478 5693 est
2506 5646 2730 5692 sanctus
2759 5636 2998 5706 Spiritus
3041 5651 3054 5687 :
3099 5649 3130 5688 a
3168 5633 3329 5689 Patre
3370 5631 3530 5688 simul
3583 5640 3643 5686 et
3681 5628 3824 5684 Filio

2218 5738 2367 5784 totus
2400 5730 2540 5784 idem
2573 5729 2815 5798 procedit
2843 5727 3078 5799 Spiritus
3120 5732 3384 5791 sanctus;
3426 5724 3576 5795 quod
3624 5725 3681 5778 in
3731 5721 3822 5776 ιι.

2218 5832 2342 5878 turo
2392 5822 2574 5891 specie
2615 5821 2936 5887 videbimus,
2969 5818 3187 5889 quando
3219 5817 3521 5876 secundum
3577 5813 3819 5887 promis-
