4010 6330
182 320 326 376 μη

1436 314 1592 376 νιΤΑ
1634 315 1880 376 SANCTI
1923 317 2203 375 REMIGII.

3327 313 3464 376 1446

178 440 391 506 sionem
419 451 576 494 suam
605 437 866 494 Dominus
909 447 1096 496 noster
1133 437 1290 496 Jesus
1318 438 1568 496 Christus
1615 437 1770 494 nobis
1803 436 1846 496 A
1875 453 1906 491 e
1930 437 2087 503 cmlo,
2119 454 2216 495 nec
2267 439 2562 496 secundum
2615 454 2832 495 carnem
2881 447 3096 495 creatus
3149 454 3215 493 ex
3264 435 3458 493 nihilo.

177 530 360 602 palam
397 529 464 584 de
493 528 656 584 Patre
703 530 1081 586 annuntiabit:
1128 531 1254 601 quia
1302 545 1400 601 per
1447 529 1771 602 patefactam

180 631 314 676 tunc
357 621 657 692 maiestatis
684 636 794 676 suae
833 622 1090 693 speciem,
1120 632 1175 678 et
1222 623 1492 693 quomodo
1533 621 1649 692 ipse
1689 620 1771 691 gi-

183 713 375 785 gnenti
426 729 532 768 non
589 714 763 784 impar
803 714 1032 781 oriatur,
1089 725 1144 770 et
1189 715 1460 784 quomodo
1492 713 1773 782 utriusque

182 805 423 875 Spiritus
445 804 658 874 utrique
679 807 963 862 comternis
989 806 1266 876 procedat,
1291 804 1556 860 ostendet.
1575 804 1774 873 Aperte

181 914 420 969 namque
459 906 586 954 tunc
613 897 917 953 videbimus
939 900 1210 967 quomodo
1224 898 1348 962 hoc,
1374 898 1517 966 quod
1547 895 1773 950 oriendo

180 999 290 1055 est,
315 991 363 1046 ei
392 990 458 1045 de
480 1005 586 1060 qtto
611 989 803 1054 oritur,
837 990 1173 1060 subsequens
1205 1005 1308 1044 non
1344 998 1426 1044 est
1451 1004 1466 1043 :
1505 987 1774 1056 quomodo

182 1082 252 1146 is,
293 1082 382 1151 qui
409 1081 754 1152 processione
784 1079 1114 1150 producitur,
1162 1095 1190 1134 a
1219 1078 1617 1150 proferentibus
1663 1091 1772 1131 non

182 1175 427 1243 praeitur.
476 1174 673 1245 Aperte
728 1183 855 1229 tunc
920 1173 1226 1228 videbimus
1289 1172 1561 1242 quomodo
1605 1187 1772 1225 unum

185 1263 588 1320 indivisibiliter
616 1267 717 1322 tria
756 1274 903 1333 sunt,
933 1274 988 1319 et
1018 1264 1416 1319 indivisibiliter
1445 1263 1548 1318 tria
1582 1278 1768 1316 unum.

182 1356 484 1412 Credamus
513 1357 674 1428 igitur
708 1365 763 1411 et
809 1356 1166 1411 contiteamur
1191 1365 1430 1410 sanctam
1463 1363 1518 1408 et
1562 1354 1777 1423 insepa-

189 1447 414 1502 rabilem
447 1447 790 1512 Trinitatem,
821 1446 1079 1510 Patrem,
1118 1455 1174 1501 et
1201 1444 1394 1501 Filium
1427 1455 1482 1501 et
1512 1443 1774 1513 Spiritum

184 1548 460 1603 sanctum,
505 1549 833 1594 coaeternam
889 1549 942 1594 et
985 1537 1504 1594 consubstantialem
1560 1553 1625 1592 ac
1681 1552 1774 1592 co-

185 1630 451 1701 aqualem
483 1632 699 1687 sibimet
731 1646 874 1697 esse,
929 1631 1088 1686 unius
1137 1630 1456 1694 divinitatis,
1501 1630 1772 1693 essentiae,

185 1722 612 1792 omnipotentiae,
664 1721 866 1792 gloriae,
921 1721 1324 1792 magnitudinis,
1377 1720 1677 1789 maiestatis
1724 1727 1778 1774 et

1877 527 2135 583 Eamdem
2167 529 2380 601 generis
2423 531 2475 585 in
2526 528 2689 586 Verbi
2740 530 3022 586 divinitate
3064 546 3373 601 personam,
3405 536 3462 584 et

1877 629 2066 676 tenens
2101 638 2443 679 communem
2479 625 2634 680 nobis
2658 625 2709 678 in
2738 639 2963 695 corpore
2989 625 3275 695 animaque
3303 635 3462 680 natu-

1876 729 2012 768 ram.
2039 713 2155 769 Non
2183 715 2324 769 enim
2355 716 2611 772 essetDci
2637 717 3019 786 hominumque
3041 717 3325 781 mediator,
3355 713 3458 770 nisi

1878 805 2018 859 idem
2050 804 2212 870 Deus,
2245 805 2494 876 idemque
2523 807 2682 861 homo
2712 811 2763 860 in
2793 815 3020 876 utroque
3063 814 3118 861 et
3143 823 3283 862 unus
3313 819 3460 862 esset

1877 905 1930 952 et
1971 913 2151 953 verus.
2182 897 2353 965 Quam
2405 900 2653 955 servilem
2693 900 2945 968 formam,
2975 917 3005 956 a
3035 902 3150 957 solo
3195 901 3336 956 Filio
3367 901 3456 956 Dei

1877 998 2202 1059 susceptam,
2237 997 2345 1044 tota
2375 998 2561 1044 sancta
2595 989 2857 1056 Trinitas,
2887 991 3040 1057 cujus
3092 1006 3195 1047 una
3227 1001 3312 1047 est
3357 1007 3452 1045 vo-

1878 1078 2058 1133 luntas
2102 1087 2156 1132 et
2204 1079 2470 1149 operatio,
2527 1080 2579 1132 in.
2641 1088 2794 1136 utero
2842 1081 3092 1152 gloriosae
3137 1097 3199 1136 ac
3244 1097 3461 1152 semper

1877 1170 2115 1239 Virginis
2137 1169 2320 1225 Mariae
2339 1171 2488 1235 fecit,
2526 1171 2666 1224 sicut
2695 1170 3086 1240 evangelizavit
3121 1171 3169 1226 ci
3222 1173 3453 1226 archan-

1878 1263 2030 1334 gelus
2056 1281 2069 1316 :
2105 1261 2336 1332 Spiritus
2366 1274 2578 1317 sanctus
2598 1305 2611 1328 ,
2653 1263 2923 1333 inquiens,
2948 1265 3265 1331 superveniet
3298 1264 3349 1316 in
3390 1273 3461 1325 te,

1878 1367 1925 1410 et
1976 1357 2136 1409 virtus
2189 1355 2445 1408 Altissimi
2495 1355 2821 1408 obumbrabit
2878 1353 2990 1407 tibi.
3044 1353 3275 1424 Ideoque
3324 1353 3462 1420 quod

1880 1459 2124 1502 nascetur
2142 1463 2206 1500 ea:
2224 1457 2272 1501 te
2303 1445 2576 1512 Sanctum,
2604 1447 2877 1500 vocabitur
2904 1443 3076 1498 Filius
3101 1444 3197 1498 Dei
3220 1442 3368 1515 (Luc.
3402 1443 3462 1511 ι).

1881 1542 2010 1610 Qua:
2038 1552 2146 1596 tota
2175 1548 2361 1596 sancta
2405 1539 2665 1605 Trinitas,
2711 1541 2918 1596 scilicet
2949 1539 3090 1594 Deus
3117 1539 3298 1604 Pater,
3332 1554 3470 1591 nun-

1881 1635 2169 1706 cupatione
2208 1633 2474 1688 Altissitni
2529 1633 2882 1703 designatus;
2942 1641 2996 1686 et
3023 1631 3168 1700 .cjus
3214 1633 3386 1684 virtus
3416 1638 3471 1684 et

1883 1728 2165 1798 sapientia,
2200 1742 2321 1796 quze
2370 1726 2655 1781 aediﬁcavit
2713 1725 2817 1780 sibi
2854 1725 3072 1778 domum
3121 1723 3306 1795 (Prov.
3360 1722 3469 1792 ix),

186 1815 450 1885 quidquid
477 1816 543 1870 ad
575 1830 657 1881 se,
701 1815 756 1870 id
781 1823 884 1878 est,
917 1814 1344 1869 substantialitcr
1367 1814 1601 1868 dicitur:
1636 1812 1778 1867 rela-
1807 1802 1856 1863 Β
1888 1818 2198 1890 unigenitus
2236 1815 2487 1871 videlicet
2541 1814 2710 1869 Filius
2737 1815 2851 1885 ipse
2893 1825 3083 1869 auctor
3111 1815 3321 1884 operis,
3357 1814 3471 1883 ipse

190 1907 300 1961 tive
326 1916 505 1962 autem
539 1916 650 1961 tres
681 1920 944 1976 personas
977 1905 1192 1961 Patrem
1234 1913 1290 1960 et
1329 1905 1526 1960 Filium
1553 1913 1608 1960 et
1655 1904 1782 1975 Spi-

187 1996 352 2050 ritum
385 2005 653 2060 sanctum,
680 2005 735 2050 et
754 1997 897 2066 quod
927 1995 1307 2065 inseparabilis
1341 2003 1549 2050 natura:
1579 1996 1779 2060 unitas,

190 2104 298 2143 non
332 2089 506 2158 possit
533 2087 866 2157 separabiles
909 2087 1110 2142 habere
1138 2103 1418 2157 personas.
1464 2087 1616 2156 Quod
1646 2097 1700 2142 et
1729 2087 1782 2142 in

188 2178 295 2233 hoc
323 2179 646 2243 ostenditur,
678 2193 942 2248 personas
971 2194 1078 2234 non
1120 2193 1279 2248 posse
1306 2179 1472 2234 dividi
1518 2180 1572 2233 in
1605 2178 1786 2233 Trini-

191 2280 325 2338 tate,
382 2275 506 2342 quia
543 2271 826 2340 cujuslibet
873 2287 1122 2344 persona:
1172 2287 1392 2338 nomen,
1449 2285 1664 2342 semper
1717 2269 1786 2324 ad

191 2364 416 2420 alteram
449 2364 671 2434 respicit
701 2379 1011 2436 personam.
1047 2361 1104 2418 Si
1136 2363 1354 2418 Patrem
1383 2361 1545 2426 dicis,
1588 2359 1784 2415 Filium

192 2456 454 2522 ostendis.
499 2455 556 2510 Si
591 2455 786 2510 Filium
814 2455 1088 2522 nominas,
1135 2454 1352 2510 Patrem
1398 2452 1681 2524 praedicas.
1728 2451 1786 2507 Si

129 2548 140 2554 ’
194 2547 454 2616 Spiritum
486 2554 732 2604 sanctum
763 2546 1024 2616 appellas,
1055 2545 1237 2601 Patris
1260 2553 1316 2600 et
1350 2543 1474 2599 Filii
1515 2557 1636 2599 esse
1667 2541 1790 2610 Spi-

192 2640 356 2694 ritum
390 2655 610 2695 necesse
633 2649 718 2695 est
758 2639 1044 2710 intelligas.
1099 2637 1167 2692 Et
1218 2639 1321 2693 hoc
1354 2635 1675 2707 regulariter
1719 2634 1790 2689 sit

192 2732 665 2801 tenendum,quod
691 2731 872 2785 omnia
899 2739 1105 2783 natura:
1129 2729 1372 2794 nomina,
1403 2727 1487 2782 vel
1515 2727 1789 2792 essentiaa,

185 2827 338 2881 sicut
364 2827 416 2880 in
447 2840 552 2880 una
583 2839 811 2894 persona
841 2822 1209 2892 singulariter,
1237 2821 1317 2876 sic
1343 2821 1582 2875 etiamin
1617 2820 1791 2874 tribus

188 2932 411 2988 semper
457 2916 718 2987 singulari
766 2929 994 2970 numero
1035 2915 1106 2969 sit
1150 2912 1459 2977 dicendum,
1506 2921 1560 2967 et
1594 2913 1646 2966 in
1681 2912 1789 2968 Deo

190 3009 335 3065 nihil
373 3009 669 3064 secundum
696 3007 948 3064 accidens
974 3007 1046 3062 sit
1071 3005 1381 3069 dicendum,
1409 3003 1534 3074 quia
1561 3003 1693 3058 nihil
1736 3004 1789 3057 in

192 3118 265 3159 eo
287 3102 548 3158 mutabile
569 3111 675 3158 est.
708 3101 777 3156 Et
795 3100 970 3170 qualis
998 3116 1064 3154 ac
1097 3107 1334 3170 quantus
1361 3098 1432 3152 sit
1461 3095 1641 3162 Pater,
1669 3095 1792 3150 talis

198 3210 268 3250 ac
282 3203 460 3249 tamtus
481 3195 552 3249 sit
570 3193 760 3259 Filius,
778 3192 902 3250 talis
917 3208 982 3248 ac
1002 3201 1185 3247 tantus
1197 3191 1267 3247 sit
1280 3190 1516 3260 Spiritus
1530 3200 1751 3245 sanctus
1775 3208 1788 3244 :

196 3300 300 3340 nec
327 3285 544 3355 aliquod
591 3283 765 3352 maius
821 3284 914 3349 sit,
970 3290 1082 3338 tres
1123 3281 1283 3336 simul
1320 3281 1476 3336 dictae
1528 3295 1789 3350 personas,
1859 3295 1866 3304 ·

197 3394 361 3450 quam
386 3379 609 3451 singula:
633 3392 849 3450 quoque
877 3390 1122 3448 persona:
1150 3390 1165 3429 :
1206 3373 1331 3445 quia
1366 3373 1562 3428 eadem
1591 3371 1796 3443 magni-

203 3473 334 3528 tudo
362 3474 520 3528 estin
546 3486 873 3542 unaquaque
897 3485 1132 3541 persona
1165 3468 1334 3526 semel
1371 3468 1538 3534 dicta,
1567 3481 1686 3537 qua:
1711 3474 1796 3521 est

199 3565 256 3620 in
290 3565 459 3620 tribus
485 3564 736 3634 personis
760 3563 923 3620 simul
949 3561 1265 3618 nominatis.

273 3657 418 3714 XIX.
446 3656 564 3712 Una
593 3671 723 3712 vero
747 3663 955 3711 tantum
987 3669 1052 3710 ex
1089 3655 1282 3714 eadem
1309 3650 1498 3710 sancta
1530 3652 1796 3708 Trinitate

199 3765 432 3824 persona
456 3747 598 3813 Filii,
622 3763 721 3818 per
745 3763 906 3818 quem
935 3747 1118 3802 omnia
1149 3745 1292 3802 facta
1314 3756 1461 3811 sunt,
1482 3745 1796 3814 operatione

200 3845 438 3914 Spiritus
465 3843 641 3898 sancti
670 3856 740 3896 ex
780 3840 1127 3895 immaculata
1155 3853 1324 3894 carne
1353 3846 1628 3908 perpetuae
1671 3837 1795 3893 Vir-

200 3938 346 4011 ginis
376 3936 555 3990 Maria:
607 3944 806 3990 nostra:
852 3932 1036 3989 carnis
1083 3931 1462 3993 substantiam,
1499 3930 1797 3984 animatam

200 4041 408 4086 nostra:
424 4036 630 4084 natum
651 4027 833 4082 anima
861 4024 1114 4081 rationali
1151 4033 1207 4081 et
1228 4021 1595 4086 intellectuali,
1625 4022 1691 4076 de
1719 4022 1800 4075 in-

201 4121 692 4194 comprehensibili,
712 4121 868 4177 nobis
881 4119 1099 4174 virtutis
1119 4133 1231 4174 suae
1247 4132 1435 4188 opere,
1464 4124 1632 4170 totum
1655 4113 1802 4169 scili-

203 4224 298 4273 cet
317 4216 612 4279 hominem,
630 4222 691 4268 ut
717 4221 888 4268 totum
915 4211 1152 4267 salvaret
1178 4209 1478 4273 hominem,
1508 4204 1800 4274 assumpsit

204 4306 266 4362 in
289 4306 492 4361 unitate
505 4318 754 4374 personae
769 4301 1070 4358 divinitatis
1094 4315 1225 4357 suae.
1242 4297 1509 4353 Nativitas
1529 4297 1674 4352 enim
1698 4295 1802 4348 Do-

205 4397 342 4453 mini
356 4395 649 4452 secundum
672 4407 914 4460 carnem,
935 4392 1182 4463 quamvis
1199 4391 1398 4446 habeat
1416 4389 1660 4459 quaedam
1677 4403 1803 4458 pro-

1881 1927 2017 1982 opus
2049 1909 2321 1974 auctoris,
2374 1917 2704 1978 cooperante
2747 1907 2951 1979 Spiritu
2979 1916 3188 1970 sancto,
3229 1904 3470 1973 cjusdmn

1885 2003 2184 2059 Salvatoris
2212 2002 2383 2057 nostri
2415 2002 2834 2068 humanitatem,
2870 2017 3067 2070 corpus
3112 2002 3368 2055 nimirum
3417 2008 3471 2054 et

1885 2093 2142 2158 animam,
2174 2091 2415 2147 condidit
2458 2091 2514 2145 in
2544 2091 2846 2146 visceribus
2891 2089 3148 2159 Virginis,
3182 2106 3300 2160 qum
3329 2091 3469 2145 facta

1885 2196 1968 2241 est
1990 2183 2184 2239 ancilla
2211 2183 2447 2239 hominis
2475 2197 2572 2254 per
2607 2182 2944 2237 divinitatem
2964 2222 2979 2246 ,
3007 2191 3061 2237 et
3093 2191 3268 2236 mater
3311 2179 3471 2235 Verbi

1886 2294 1984 2352 per
2018 2295 2258 2334 carnem.
2310 2277 2427 2334 Non
2479 2287 2657 2333 autem
2715 2279 2866 2348 prius
2917 2279 2968 2331 in
3016 2287 3176 2332 utero
3228 2276 3467 2348 Virginis

1887 2391 2011 2430 caro
2061 2381 2320 2444 concepta
2369 2381 2486 2436 est,
2521 2381 2576 2426 et
2629 2371 2972 2442 postmodum
3029 2368 3284 2425 divinitas
3332 2369 3478 2422 venit

1889 2467 1941 2520 in
1983 2480 2202 2520 carnem
2233 2506 2246 2528 ,
2299 2464 2399 2522 sed
2447 2479 2570 2517 mox
2613 2462 2850 2519 Verbum
2909 2463 3058 2518 venit
3112 2463 3164 2517 in
3223 2472 3480 2528 uterum,

1890 2570 2011 2608 mox
2062 2555 2548 2609 Verbum‘servata
2596 2550 2827 2623 prop'i'iaa
2884 2554 3114 2608 veritate
3157 2562 3362 2608 naturae
3401 2553 3481 2608 l'a-

1889 2657 2037 2702 ctum
2083 2655 2165 2701 est
2200 2661 2348 2702 caro.
2399 2646 2466 2701 Et
2512 2645 2787 2716 perfectus
2829 2647 3022 2712 homo,
3069 2645 3121 2701 id
3171 2648 3335 2701 estin
3385 2661 3480 2702 ve-

1893 2739 2050 2792 ritate
2099 2737 2279 2792 carnis
2333 2747 2387 2791 et
2433 2739 2627 2791 anima:
2681 2736 3000 2802 rationalis,
3051 2746 3210 2791 natus
3269 2746 3349 2791 est
3388 2751 3484 2806 per

1891 2839 2126 2884 uterum.
2179 2827 2410 2899 Virginis
2453 2829 2620 2882 Filius
2671 2829 2806 2894 Dei,
2857 2836 3052 2883 unctus
3099 2828 3216 2882 oleo
3263 2827 3478 2894 laetitiae,

1897 2925 1953 2982 id
2005 2933 2089 2979 est
2129 2925 2270 2978 dono
2302 2923 2538 2992 Spiritus
2588 2922 2783 2986 sancti,
2835 2936 2944 2991 pra:
2976 2921 3320 2975 consortibus
3371 2918 3484 2973 suis

1896 3016 2069 3090 (Psal.
2104 3014 2283 3084 κων),
2334 3013 2543 3068 scilicet
2597 3029 2708 3082 prae
2757 3012 2972 3067 ueteris
3017 3010 3347 3066 hominibus.
3376 3007 3486 3063 Nos

1896 3112 2045 3181 prius
2070 3111 2315 3165 homines
2357 3117 2672 3178 peccatores
2701 3105 2987 3169 ellicimur,
3035 3114 3087 3160 et
3142 3105 3484 3176 postmodum

1896 3217 1996 3273 per
2026 3201 2334 3256 unctionem
2366 3199 2539 3254 sancti
2592 3197 2830 3268 Spiritus
2885 3197 3292 3253 sanetilicamur
3327 3213 3338 3248 :
3369 3195 3484 3263 ipse

1895 3304 2075 3349 autem
2104 3293 2346 3347 existens
2371 3292 2510 3346 Deus
2537 3300 2660 3344 ante
2684 3289 2903 3354 saecula,
2933 3304 3029 3359 per
3054 3287 3314 3358 Spiritum
3350 3301 3482 3339 san-

1894 3399 2064 3451 ctum,
2093 3385 2147 3440 in
2181 3393 2338 3439 utero
2374 3381 2608 3454 Virginis
2650 3381 2814 3436 homo
2841 3387 3135 3450 conceptus
3162 3387 3246 3433 est
3291 3377 3343 3430 in
3377 3376 3485 3431 line

1897 3477 2241 3536 saeculorum.
2294 3475 2374 3530 Ibi
2402 3476 2470 3530 ab
2515 3474 2705 3529 eodem
2747 3471 2956 3543 Spiritu
3006 3478 3201 3526 unctus
3229 3477 3346 3534 est,
3397 3467 3489 3524 ubi

1896 3582 2206 3644 εοηεεριυε,
2238 3586 2337 3626 nec
2374 3577 2499 3624 ante
2523 3575 2819 3636 conceptus
2840 3573 2895 3620 ΘΙ,
2918 3563 3262 3636 postmodum
3290 3569 3485 3617 UllClUS

1895 3675 1979 3722 est
2011 3664 2133 3718 :sed
2154 3664 2258 3716 hoc
2284 3662 2459 3730 ipsum
2481 3660 2546 3714 de
2576 3657 2780 3728 Spiritu
2810 3665 2998 3711 sancto
3023 3663 3079 3710 et
3115 3669 3277 3709 carne
3309 3650 3487 3723 Virgi-

1896 3760 1982 3813 nis
1997 3755 2227 3825 concipi,
2244 3771 2274 3808 a
2293 3753 2498 3823 Spiritu
2525 3759 2714 3806 sancto
2741 3749 2866 3819 ungi
2893 3748 3036 3804 fecit.
3056 3749 3113 3802 In
3131 3763 3237 3817 quo
3253 3744 3493 3816 compla-

1898 3847 2011 3902 cuit
2035 3844 2360 3906 inhabitare,
2377 3855 2593 3896 omnem
2618 3837 3013 3908 plenitudinem
3050 3834 3351 3890 divinitatis
3374 3849 3493 3888 cor-

1898 3933 2309 4007 poraliter(Col.
2328 3932 2414 4003 tt),
2448 3931 2499 3985 id
2529 3938 2612 3984 est
2640 3925 3242 3994 substantialiterzquia
3259 3922 3493 3979 Verbum

1901 4041 2000 4099 per
2024 4023 2478 4093 omnipotentiam
2512 4036 2686 4084 suam,
2703 4017 2872 4072 voluit
2903 4017 3047 4072 hunc
3070 4015 3368 4086 perfectum
3393 4015 3493 4071 bo-

1901 4117 2104 4172 minem
2151 4129 2312 4184 quem
2343 4110 2656 4181 assumpsit,
2678 4110 2781 4164 hoc
2806 4107 2923 4162 ﬁeri
2949 4121 3012 4163 ex
3045 4116 3306 4175 tempore,
3344 4103 3490 4174 quod

1903 4208 2019 4278 ipse
2042 4219 2256 4274 semper
2273 4202 2372 4257 fuit
2394 4203 2509 4257 sine
2528 4210 2787 4269 tempore,
2806 4198 2976 4262 idest,
2993 4196 3273 4267 proprium
3297 4193 3492 4248 Filium

1903 4298 2038 4355 Dei?
2069 4306 2126 4351 ut
2172 4312 2279 4351 non
2331 4293 2542 4365 possint
2568 4291 2672 4346 dici
2719 4289 2825 4344 duo
2867 4287 2991 4343 Filii
3045 4287 3161 4352 Dci,
3196 4285 3334 4338 alius
3365 4292 3495 4338 ante

1905 4400 2147 4461 tempora
2200 4387 2430 4460 genitus,
2486 4392 2542 4439 et
2589 4382 2731 4437 alius
2783 4380 2962 4436 factus
3011 4393 3078 4433 ex
3129 4388 3394 4448 tempore,
3425 4389 3496 4430 ne

205 4489 350 4560 pria.
376 4488 571 4557 quibus
614 4487 865 4542 humanae
899 4483 1230 4540 conditionis
1256 4482 1411 4538 initia
1445 4478 1798 4546 transcendit.
1827 4514 1883 4577 D
1909 4484 2245 4559 quaternitas
2266 4479 2430 4552 (quod
2459 4477 2644 4546 absit),
2681 4467 2790 4546 pro
2822 4471 3198 4528 incarnatione
3238 4470 3412 4540 ipsius
3441 4469 3495 4522 in

207 4579 328 4634 sive
353 4578 496 4647 quod
545 4576 693 4633 solus
729 4576 796 4631 ab
826 4575 1085 4630 inviolata
1131 4572 1349 4646 Virgine
1387 4573 1506 4628 sine
1546 4571 1804 4642 concupi-

209 4672 418 4729 scentia
461 4681 550 4727 est
577 4678 870 4740 conceptus
898 4679 956 4723 et
988 4676 1178 4732 natus,
1212 4668 1328 4722 sive
1357 4666 1497 4735 quod
1532 4665 1605 4720 ita
1632 4665 1806 4720 visee-

208 4765 362 4820 ribus
406 4763 599 4818 matris
647 4771 733 4818 est
783 4761 982 4826 editus,
1014 4767 1074 4814 ut
1124 4758 1432 4814 fecunditas
1485 4766 1705 4827 pareret
1750 4763 1808 4811 et

208 4855 496 4927 virginitas
524 4863 873 4926 permaneret
902 4872 916 4908 :
950 4867 1059 4909 non
1109 4852 1339 4908 alterius
1365 4855 1548 4906 tamen
1598 4861 1808 4905 natura:

210 4957 336 5003 erat
361 4945 478 5016 ejus
507 4962 658 5013 caro,
685 4962 852 5020 quam
883 4955 1071 5002 nostra
1098 4952 1203 5008 est,
1238 4957 1337 4999 nec
1383 4942 1488 4996 alia
1517 4941 1613 5006 illi,
1641 4955 1805 5010 quam

213 5042 432 5098 ueteris
461 5035 793 5104 hominibus,
851 5040 1032 5095 anima
1083 5046 1171 5094 est
1219 5036 1484 5107 inspirata
1515 5032 1802 5106 principio,

211 5148 338 5204 [λικε
362 5132 676 5199 excelleret,
712 5147 817 5188 non
847 5132 1162 5188 diversitate
1208 5129 1445 5202 generis,
1495 5127 1592 5183 sed
1640 5125 1808 5181 suhli-

217 5227 412 5281 mitate
456 5226 695 5282 virtutis.
731 5225 874 5280 Nihil
909 5225 1056 5281 enim
1083 5224 1266 5279 carnis
1292 5237 1404 5279 suae
1431 5222 1665 5277 habebat
1705 5219 1804 5275 ad—

213 5334 462 5384 versum,
493 5334 592 5374 nec
619 5317 890 5373 discordia
919 5317 1315 5372 desideriorum
1361 5315 1616 5387 gignebat
1653 5327 1806 5369 com-

215 5411 576 5481 pugnantiam
604 5410 967 5465 voluntatum.
1023 5407 1229 5464 Sensus
1279 5407 1526 5478 corporei
1557 5406 1812 5478 vigebant

217 5503 341 5556 sine
370 5502 485 5572 lege
527 5503 757 5572 peccati,
787 5507 842 5556 et
875 5499 1077 5554 veritas
1108 5496 1455 5554 aﬂ‘ectionum
1499 5497 1599 5552 sub
1628 5496 1814 5551 mode-

217 5596 434 5650 ramine
459 5596 690 5651 Deitatis
718 5605 772 5650 et
797 5596 1131 5658 mentis,nec
1157 5593 1472 5646 tentabatur
1499 5589 1767 5645 illecebris
1795 5631 1810 5654 ,

222 5702 324 5740 nec
348 5686 999 5758 cedebatinjuriis.Verus
1029 5687 1188 5741 homo
1213 5699 1338 5738 vero
1366 5681 1548 5735 imitus
1571 5691 1652 5735 est
1676 5681 1808 5746 Deo,

222 5781 322 5836 sed
359 5781 654 5836 secundum
699 5783 1018 5836 existentem
1071 5779 1221 5848 prius
1269 5775 1504 5831 animam
1546 5775 1807 5832 deductus

1911 4585 2095 4634 sancta
2122 4573 2388 4629 Trinitate
2429 4569 2680 4625 dicatur:
2707 4564 2963 4636 quoniam
2999 4562 3164 4626 Deus,
3195 4560 3290 4615 Dei
3328 4559 3498 4615 Filius

1913 4673 2205 4728 humanam
2250 4662 2544 4734 assumpsit
2591 4669 2886 4725 naturam,
2940 4671 3048 4712 non
3100 4667 3388 4725 personam
3442 4651 3496 4704 in

1913 4771 2170 4818 aeternam
2206 4755 2506 4825 suscipiens
2535 4765 2823 4823 personam
2866 4747 3187 4808 divinitatis,
3224 4754 3497 4811 tempora-

1913 4854 2021 4909 lem
2055 4846 2414 4906 humanitatis
2472 4843 2852 4900 substantiam.
2917 4837 3090 4892 Homo
3139 4833 3389 4889 transivit
3442 4831 3496 4885 in

1915 4943 2107 5000 Deum,
2144 4954 2252 4993 non
2283 4934 2638 4991 vertibilitate
2670 4940 2899 4991 natura,
2923 4927 3016 4983 sed
3046 4934 3267 4994 propter
3305 4921 3500 4977 divina:

1910 5034 2172 5088 unitatem
2202 5043 2469 5101 personaz.
2503 5026 2639 5081 Nam
2687 5023 2830 5077 sicut
2873 5019 2928 5074 in
2979 5025 3172 5072 sancta
3225 5013 3496 5069 Trinitate

1912 5125 2016 5180 alia
2043 5132 2128 5180 est
2155 5136 2386 5195 persona
2411 5118 2604 5180 Patris,
2637 5115 2740 5170 alia
2783 5110 2929 5177 Filii,
2953 5107 3057 5164 alia
3099 5107 3334 5178 Spiritus
3376 5121 3500 5161 san-

1913 5217 2009 5284 cti,
2043 5215 2139 5272 sed
2168 5229 2272 5269 non
2302 5212 2446 5266 aliud
2485 5217 2569 5263 est
2594 5206 2777 5269 Pater,
2803 5201 2950 5256 aliud
2976 5198 3167 5265 Filius,
3198 5197 3344 5253 aliud
3372 5195 3499 5265 Spi-

1915 5311 2054 5365 ritus
2081 5315 2301 5364 sanctus
2334 5323 2346 5359 :
2380 5304 2454 5358 ita
2485 5302 2537 5356 in
2566 5299 2660 5353 Dei
2689 5296 2828 5352 Filio
2869 5293 3102 5350 Domino
3149 5299 3335 5347 nostro
3374 5288 3502 5344 Jesu

1916 5401 2157 5466 Christo,
2202 5396 2346 5452 aliud
2375 5404 2460 5449 est
2484 5391 2739 5448 divinitas
2759 5430 2773 5454 ,
2803 5387 2946 5442 aliud
2973 5385 3174 5449 anima,
3204 5382 3347 5437 aliud
3382 5395 3505 5436 cor-

1917 5509 2017 5565 pus
2041 5509 2056 5558 ;
2084 5490 2177 5546 sed
2203 5504 2306 5542 non
2335 5486 2440 5540 alia
2469 5493 2554 5539 est
2579 5495 2810 5553 persona
2836 5476 3156 5541 divinitatis,
3180 5483 3233 5530 et
3272 5473 3375 5528 alia
3405 5473 3505 5527 hu-

1920 5583 2219 5646 manitatis,
2246 5581 2340 5636 sed
2372 5596 2497 5644 una,
2522 5578 2820 5644 eademque
2841 5587 3089 5644 persona.
3107 5571 3352 5626 ldconon
3381 5576 3506 5624 sunt

1919 5681 2024 5735 duo
2046 5676 2268 5740 Christi,
2309 5688 2406 5727 nec
2457 5673 2562 5726 duo
2593 5669 2749 5731 Filii,
2782 5668 2876 5722 sed
2925 5682 3067 5720 unus
3111 5664 3396 5726 Christus,
3451 5669 3509 5718 et

1917 5784 2058 5826 unus
2084 5766 2274 5833 Filius,
2292 5764 2430 5822 Deus
2445 5762 2693 5828 ethonio,
2711 5759 2867 5830 juxta
2889 5759 3298 5832 evangelistam,
3322 5754 3506 5828 plenus
