4010 6330
539 354 681 411 m7
1366 320 1701 416 illNCMARl
1737 356 1955 416 ausu.
1996 354 2317 412 ARCHIEP.
2358 357 2730 416 opuscum
2770 356 3000 415 vanu.
3686 352 3827 409 un

538 468 711 540 gratia
735 466 920 540 (Joau.
955 468 994 541 ι)
1021 487 1037 527 ;Δ
1067 469 1192 539 quia
1217 468 1495 540 plenitudo
1544 470 1920 538 humanitatis,
1947 472 2126 528 anima
2155 475 2204 539 Α
2231 473 2411 531 Patris
2449 483 2709 532 venturus
2762 476 3013 546 judicare
3040 475 3191 531 vivos
3244 482 3304 529 et
3356 480 3635 529 mortuos.
3660 470 3829 538 Quid-

539 569 595 619 ct
621 573 839 631 corpus,
869 570 1144 631 assumpta
1174 561 1329 617 estin
1370 563 1548 620 Verbo
1579 563 1633 618 in
1657 564 1865 620 unitate
1885 580 2130 636 persona
2233 568 2361 639 quid
2388 569 2535 623 enim
2564 570 2619 623 in
2668 567 2885 624 Christo
2930 568 3130 623 factum
3174 581 3304 645 esse
3344 565 3561 637 legitur,
3594 565 3667 619 ab
3718 579 3829 620 uno

541 667 653 708 sua:
674 652 998 709 divinitatis.
1044 651 1241 708 Plenus
1272 656 1510 723 veritate,
1553 657 1679 729 quia
1710 659 1763 712 in
1796 659 2131 730 plenitudine
2230 659 2470 725 Christo,
2501 669 2552 716 et
2584 660 2655 716 ab
2682 675 2792 716 uno
2819 659 2914 715 Dei
2940 657 3081 714 Filio
3108 667 3321 728 gestum
3368 666 3475 712 est.
3526 654 3649 710 Hoc
3694 668 3830 710 vero

540 746 895 802 luunauitatis
947 746 1212 803 inhabitat
1247 749 1527 819 plenitudo
1578 751 1880 809 divinitatis
1921 772 1935 808 :
1967 768 2129 824 quem
2229 750 2591 822 personaliter
2621 761 2766 807 totus
2791 751 3043 807 Christus
3068 750 3322 821 dignatus
3347 756 3431 803 est
3482 761 3673 818 agere.
3710 745 3829 815 Ipse

541 839 699 897 beata
728 839 891 913 Virgo
919 840 1109 905 Maria,
1142 841 1293 897 salva
1340 842 1652 915 integritate
1703 846 1785 901 sui
1842 849 2087 916 corporis
2110 886 2125 913 ,
2230 843 2430 914 Quippe
2458 859 2588 900 suas
2622 844 2903 913 passiones
2933 841 3207 896 invenitur
3230 848 3513 909 operatus,
3538 838 3643 907 qui
3694 835 3829 890 nihil

544 932 711 988 Deum
759 940 815 987 et
864 932 1161 1001 hominem,
1217 934 1437 990 unicum
1489 936 1657 990 tilium
1687 938 1889 1003 edidit,
1936 954 2129 1009 quem-
2229 935 2438 1000 habuit,
2471 935 2615 1005 quod
2646 942 2925 1005 pateretur
2969 932 3192 987 invitus.
3233 929 3400 998 Cujus
3428 929 3618 983 anima
3668 937 3830 982 tanta

538 1022 826 1076 admodum
883 1023 1034 1079 salva
1097 1024 1413 1097 virginitate
1464 1028 1716 1098 concepit
1743 1068 1759 1092 ,
1827 1038 2128 1086 creatorem
2230 1026 2537 1083 sanctitatis
2565 1023 3052 1093 etjustiﬁcationis
3077 1032 3184 1087 est,
3212 1029 3274 1076 ut
3319 1035 3513 1076 omnes
3534 1019 3593 1073 in
3623 1031 3832 1073 seca-c-

537 1128 825 1183 corporum
857 1125 908 1172 et
942 1119 1248 1175 animarum
1288 1121 1669 1187 humanarum,
1697 1137 1819 1191 qum
1847 1125 1914 1179 ab
1938 1124 2126 1180 eodem
2229 1117 2471 1173 denlium
2509 1115 2722 1180 allimm,
2756 1131 2853 1186 Per
2884 1130 3005 1171 eam
3055 1112 3385 1170 mliﬁcal'i
3433 1120 3491 1167 ei
3526 1108 3832 1182 ,ἱιιειὶιῖαιιί

535 1206 731 1277 upilicc
780 1223 881 1264 suo
918 1210 1026 1265 Deo
1077 1210 1526 1280 incorporantur,
1565 1220 1621 1267 et
1664 1214 1978 1283 priusquam
2015 1216 2118 1271 suis

2247 1216 2454 1276 queant.
2486 1205 2553 1260 Et
2581 1220 2712 1261 caro
2742 1212 2910 1261 tanta:
2961 1203 3247 1258 munditia:
3272 1211 3330 1257 et
3371 1201 3648 1256 libertatis
3673 1208 3767 1253 est
3797 1214 3830 1253 ι

536 1297 872 1366 inspirentur
925 1300 1262 1371 corporibus,
1294 1317 1399 1357 non
1432 1301 1669 1357 fuerunt.
1705 1302 1809 1359 Sed
1859 1305 1985 1374 quia
2032 1320 2119 1375 pet

2249 1311 2476 1364 ieccato,
2502 1308 2562 1353 ut
2582 1313 2772 1355 omnes
2798 1298 2852 1353 in
2885 1313 2947 1354 se
2975 1296 3363 1354 conﬁdentium
3390 1308 3619 1358 carnes,
3647 1292 3832 1346 divina

536 1390 699 1460 primi
725 1391 961 1448 hominis
989 1393 1514 1462 praevaricationem,
1560 1404 1669 1450 tota
1718 1396 1937 1452 humani
1969 1411 2119 1467 gene-

2246 1406 2285 1443 u
2310 1402 2378 1443 eo
2404 1394 2667 1458 operante
2690 1389 2900 1459 gratia,
2944 1388 3166 1458 purgari
3195 1395 3252 1440 et
3291 1385 3516 1441 liberari
3569 1382 3786 1453 possint
3814 1398 3829 1434 :

539 1481 617 1534 ris
641 1495 877 1554 propago
905 1493 990 1538 est
1014 1484 1197 1539 vitiata
1253 1498 1411 1540 nemo
1440 1495 1619 1556 potest
1641 1502 1670 1541 a
1700 1488 2007 1543 conditione
2034 1504 2129 1544 ve-
2231 1478 2355 1550 (μήθ
2382 1479 2603 1548 εειηιςιιίθ
2632 1479 2726 1549 (Illi
2752 1480 2819 1535 de
2847 1479 3036 1534 eadem
3076 1493 3244 1534 03"":
3271 1477 3456 1532 ¹³¹¹εθ³
3486 1475 3683 1530 mimis
3723 1471 3835 1527 *δι’

542 1573 674 1626 teris
701 1573 938 1629 hominis
973 1574 1193 1631 liberari
1239 1576 1342 1631 nisi
1378 1592 1475 1647 per
1518 1583 1922 1634 sacramentum
1953 1579 2131 1649 bapti¢
2232 1580 2421 1628 nerala
2482 1571 2715 1629 ﬂuxerat
2758 1572 2961 1643 (loau.
3027 1571 3170 1641 xix),
3212 1570 3448 1641 pretium
3498 1577 3591 1623 est
3639 1567 3835 1623 saluti!

539 1660 729 1717 smatis
753 1659 953 1717 Christi
964 1664 1049 1753 ιίιι
1072 1680 1181 1735 quo
1211 1664 1355 1720 nulla
1377 1676 1461 1722 est
1487 1667 1744 1723 discretio
1772 1676 2085 1723 renatorum
2112 1686 2126 1722 :
2232 1665 2505 1720 humanae.
2538 1664 2643 1719 Per
2671 1664 2832 1734 cujus
2854 1662 3174 1720 cll‘usionem
3200 1663 3471 1718 exstincta
3495 1671 3588 1716 est
3612 1661 3835 1753 nam

538 1753 663 1822 quia
696 1769 833 1824 quos
863 1763 957 1809 aut
993 1770 1156 1811 sexus
1190 1757 1242 1811 in
1278 1772 1532 1827 corpore,
1578 1767 1672 1813 aut
1700 1768 1835 1815 aetas
1866 1760 2128 1817 discernit
2234 1758 2324 1812 illa
2371 1758 2608 1828 paradisi
2637 1758 2904 1824 custodia,
2942 1767 2998 1814 ct
3030 1758 3120 1813 via
3152 1756 3403 1811 ﬁdelibus
3432 1763 3625 1827 aperta
3651 1764 3743 1810 est
3765 1752 3836 1808 ad

538 1844 591 1900 in
619 1855 881 1915 tempore,
918 1861 1109 1903 omnes
1155 1848 1209 1903 in
1245 1864 1405 1905 unam
1442 1852 1588 1920 parit
1630 1851 1804 1923 gratia
1840 1860 2011 1906 mater
2044 1851 2125 1907 in-
2156 1842 2198 1901 Β
2228 1850 2432 1924 lignum
2462 1853 2589 1907 vita:
2614 1894 2628 1917 ,
2677 1853 2821 1923 quod
2868 1851 3173 1923 plantatum
3226 1858 3314 1905 est
3359 1864 3525 1905 secus
3568 1848 3837 1903 deem-sl:

538 1932 807 2003 fautiam,
860 1937 1076 1993 dicente
1139 1940 1464 2009 Apostolo:
1520 1940 1830 2012 Quicunque
1877 1943 2012 1997 enim
2073 1942 2127 1997 in
2236 1958 2500 2013 aquarum
2531 1943 2828 2000 viventium
2854 1941 3031 2015 (Paul.
3058 1942 3120 2012 l).
3149 1941 3314 2011 Cujus
3365 1938 3495 2010 ligni
3544 1937 3835 2008 sapientis-

538 2027 749 2083 Cltristo
785 2030 1036 2101 baptizati
1074 2032 1232 2097 estis,
1281 2034 1549 2087 Christum
1597 2034 1864 2089 iuduistis.
1897 2033 2022 2090 Non
2052 2045 2129 2089 est
2237 2038 2406 2095 simus
2456 2035 2754 2103 Salomon,
2811 2052 2933 2092 cum
2988 2037 3057 2091 de
3104 2034 3261 2089 laude
3309 2031 3601 2103 sapientiae
3662 2030 3830 2086 multa

537 2117 761 2174 Juda'us
803 2133 847 2175 et
881 2119 1131 2189 Cnet-us;
1163 2139 1265 2178 non
1296 2134 1369 2178 est
1419 2140 1595 2179 servus
1627 2142 1787 2196 neque
1818 2125 1980 2180 liber:
2027 2144 2130 2182 non
2238 2128 2481 2191 dixisset,
2530 2130 2846 2185 recordatus
2872 2136 2977 2193 est,
3011 2128 3085 2182 ita
3132 2127 3319 2182 dicens
3365 2143 3378 2179 :
3423 2123 3623 2178 Beatus
3652 2123 3831 2187 hom,

538 2223 610 2267 est
654 2213 920 2269 masculus
971 2232 1132 2287 neque
1176 2216 1372 2286 fetuiua
1396 2231 1415 2269 :
1442 2234 1617 2272 oumcs
1647 2218 1782 2272 enim
1841 2236 1928 2274 vos
1968 2236 2130 2274 unum
2236 2223 2327 2293 qui
2352 2222 2877 2293 inreuitsupieutium
2911 2231 2960 2276 et
3000 2220 3090 2291 qui
3115 2218 3279 2290 aﬂuit
3311 2216 3597 2285 prudentia
3642 2211 3829 2284 (Ριοε.

538 2308 659 2362 estis
690 2308 747 2361 in
788 2306 998 2363 Christo
1026 2306 1156 2363 Iesu
1198 2308 1342 2381 (Gal.
1376 2311 1480 2380 ιιι).
1528 2310 1696 2380 Cujus
1739 2312 2129 2368 luunanitaurm
2240 2316 2344 2384 ιιι).
2375 2314 2441 2369 Et
2472 2314 2632 2385 patilo
2660 2322 2820 2383 post:
2860 2309 2972 2367 Via:
2994 2311 3115 2382 eius
3154 2311 3250 2365 rite
3274 2306 3536 2378 ptdcitrte,
3581 2315 3629 2360 et
3654 2319 3833 2358 om

539 2400 592 2454 ἱςι
646 2398 789 2453 milla
834 2402 1166 2471 proprietate
1205 2417 1430 2474 operum
1458 2442 1474 2470 ,
1522 2420 1642 2476 qua:
1693 2412 1915 2461 naturas
1965 2406 2019 2461 in
2064 2421 2133 2462 eo
2238 2406 2438 2461 sentitu-
2463 2405 2577 2475 ejus
2596 2403 2836 2475 pacifica!
2861 2401 3049 2475 (Prov.
3085 2400 3194 2472 ιιι).
3222 2398 3455 2470 Lignum
3484 2396 3726 2451 vitaeest
3750 2395 3833 2450 his

540 2488 896 2563 distinguunt,
932 2491 1190 2548 divinitas
1244 2494 1527 2561 disseruit,
1557 2503 1843 2567 postquam
1884 2513 2004 2552 eam
2047 2513 2136 2555 as-
2241 2499 2332 2568 qui
2361 2497 2814 2570 apprehenderint
2841 2510 2986 2560 eam,
3013 2506 3072 2552 ct
3098 2495 3190 2566 qui
3222 2493 3422 2549 tenerit
3443 2508 3599 2556 eam,
3620 2490 3829 2545 beatus.

540 2584 790 2655 sumpsit,
820 2599 921 2641 nec
967 2584 1019 2641 in
1055 2586 1171 2656 ipsa
1203 2587 1369 2643 etiam
1405 2587 1972 2659 passione,.quamvis
2015 2590 2131 2660 ipsa
2240 2589 2413 2657 Quem
2436 2588 2645 2644 scilicet
2660 2580 3831 2651 ChrislmnDcivirtutcmetDcisapientiam

542 2674 797 2732 divinitas
832 2675 1185 2747 impassibilis
1217 2692 1433 2749 semper
1476 2678 1530 2735 in
1581 2694 1678 2735 sua
1725 2690 2010 2750 permanet
2041 2697 2137 2737 ua-
2243 2681 2433 2736 videns
2468 2679 2707 2735 Joannes
2734 2677 2975 2749 Baptista
3004 2686 3061 2733 et
3088 2689 3399 2748 praeuer
3440 2689 3581 2729 suus
3617 2673 3833 2728 venien-

545 2778 687 2823 tnra.
2246 2784 2353 2831 tem
2398 2776 2463 2828 ad
2498 2789 2576 2839 se,
2621 2771 2859 2843 populis,
2882 2771 3080 2842 quibus
3110 2769 3203 2824 diu
3234 2767 3385 2823 illum
3410 2766 3831 2837 Wiener-at,

619 2858 731 2915 XX.
767 2861 834 2917 Et
858 2862 1118 2933 quoniam
1148 2863 1385 2921 Joannes
1417 2865 1658 2937 Baptista
1690 2866 1864 2922 eidem
1911 2868 2138 2923 Domino
2244 2868 2417 2938 digito
2450 2864 2863 2929 demonstravit,
2911 2853 3098 2919 dicens
3128 2881 3144 2917 :
3175 2862 3313 2917 Ecce
3353 2876 3535 2931 quas
3574 2859 3693 2921 Dei.
3722 2874 3831 2913 ea:

482 2944 484 2946 ’
545 2965 730 3005 ιιοδιιτι
759 2949 889 3008 Iesu
945 2951 1164 3009 Christo
1211 2953 1562 3025 singulariter
1603 2970 1667 3010 ac
1717 2954 1836 3012 sine
1887 2972 2137 3012 mensura
2243 2960 2333 3029 qui
2358 2958 2493 3013 tollit
2534 2964 2748 3029 pacatur
2778 2957 2963 3012 mundi
3006 2954 3190 3026 (Joau.
3238 2954 3302 3026 ι).
3335 2953 3482 3009 Ecce
3516 2951 3831 3024 agunsDel.

545 3041 728 3096 datam
757 3041 993 3111 Spiritus
1020 3043 1328 3114 largitatem
1359 3045 1497 3099 dixit
1522 3085 1539 3112 ,
1586 3046 1641 3101 in
1674 3062 1783 3117 quo
1810 3048 1991 3104 omnis
2023 3048 2139 3118 ple-
2245 3067 2373 3107 ecce
2421 3052 2708 3117 innocens,
2738 3059 2795 3106 et
2823 3050 2893 3105 ab
2918 3047 3066 3105 onmi
3096 3055 3324 3118 peccato
3359 3046 3632 3102 immunis
3654 3053 3836 3114 utpote

544 3131 736 3185 niuulo
763 3131 1065 3189 divinitatis
1097 3134 1305 3188 habitat
1337 3133 1521 3204 (Joau.
1553 3138 1670 3209 ιιι),
1697 3137 1851 3209 cujus
1876 3139 2054 3193 anima
2083 3147 2140 3194 et
2180 3206 2207 3211 Α
2246 3144 2336 3211 qui
2368 3158 2431 3197 os
2452 3141 2671 3211 quidem
2696 3141 2762 3196 de
2782 3141 3002 3196 ossibus
3031 3139 3225 3205 Adam,
3245 3144 3303 3194 et
3324 3152 3557 3193 carnem
3584 3137 3652 3193 de
3675 3148 3839 3190 cum

544 3236 697 3286 earn,
728 3236 849 3276 cum
874 3218 1053 3279 Verbo
1081 3239 1221 3279 unus
1263 3233 1343 3280 est
1377 3206 1650 3295 Christus,
1677 3238 1727 3283 et
1751 3206 1945 3286 unicus
1975 3230 2135 3295 lilius,
2166 3206 2211 3269 Ο
2244 3235 2438 3299 Adam,
2465 3233 2558 3290 sed
2587 3232 2788 3287 nullam
2816 3230 3126 3302 peccatriee
3152 3229 3222 3285 de
3248 3244 3422 3284 came
3449 3228 3624 3284 traxit
3650 3241 3839 3282 macu-

545 3303 726 3365 auima
752 3310 872 3381 ejus
895 3311 1108 3382 plenam
1136 3313 1796 3374 insediviuitatishahuit
1820 3334 2056 3389 semper,
2082 3327 2137 3375 et
2245 3327 2347 3382 Iam
2375 3327 2566 3397 culpm.
2600 3326 2739 3381 Ecce
2781 3324 2875 3395 qui
2933 3323 3074 3379 tollit
3105 3330 3393 3394 peccatum
3452 3320 3671 3383 rutundi,
3714 3333 3841 3373 eoeo

543 3402 708 3459 habet
759 3402 1029 3472 notitiam,
1058 3418 1181 3462 cum
1223 3424 1330 3478 qua
1380 3411 1705 3467 naturaliter
1752 3429 1858 3468 una
1896 3413 2141 3468 creditur
2242 3421 2332 3490 qui
2351 3421 2532 3492 justus
2565 3430 2704 3475 mter
2741 3424 3092 3488 peccatores,
3125 3416 3279 3472 mitis
3305 3414 3449 3469 inter
3476 3412 3715 3482 impios,
3744 3412 3843 3466 hoc

548 3498 747 3553 habere
798 3513 1108 3570 personam.
1153 3501 1268 3573 Ipse
1308 3513 1391 3559 est
1434 3506 1579 3560 enim
1634 3507 1729 3576 qui
1782 3509 1875 3563 dat
1937 3508 2141 3565 sanctis
2240 3522 2342 3577 est,
2372 3512 2527 3581 quasi
2556 3526 2727 3581 agnus
2768 3512 2916 3567 inter
2946 3509 3102 3580 lupos
3128 3521 3395 3577 apparens
3436 3504 3613 3561 etiam
3642 3518 3842 3574 [heca-

547 3584 808 3659 Spiritum
832 3630 848 3656 ,
898 3590 1012 3660 ipse
1063 3600 1149 3647 est
1188 3594 1279 3663 qui
1319 3595 1555 3665 accipit:
1590 3598 1820 3668 aequalis
1865 3597 2011 3652 Patri
2044 3615 2131 3654 se;
2242 3614 2388 3659 tores
2416 3615 2472 3659 et
2500 3604 2692 3672 impios
2719 3602 3056 3672 justiticaudi
3082 3601 3245 3656 habet
3268 3606 3623 3669 potestatem.

548 3681 784 3737 ςιιιιιΙιιιῑι
829 3681 1185 3749 divinitatem,
1215 3685 1393 3741 minor
1418 3685 1578 3742 Patre
1606 3681 1900 3743 secundum
1932 3690 2131 3745 huma-
2314 3694 2452 3751 XXI.
2484 3694 2764 3762 Quomodo
2792 3702 2972 3749 autem
2996 3702 3281 3764 peccatum
3316 3688 3501 3745 ιωωῶ
3534 3687 3717 3750 tollat,
3740 3701 3841 3755 quo

548 3773 797 3827 nitatem.
841 3772 907 3828 Et
930 3774 1057 3845 quia
1087 3787 1277 3847 petens
1304 3786 1387 3833 est
1412 3780 1479 3834 ad
1503 3795 1810 3836 mensuram
1837 3782 1990 3848 dare,
2016 3781 2141 3839 ideo
2241 3788 2432 3846 ordine
2453 3785 2717 3855 jnstiﬁcet
2754 3784 2970 3853 impios,
3003 3783 3281 3854 apostolus
3330 3779 3531 3836 Petrus
3576 3779 3836 3840 ostendit.

547 3879 655 3939 unu
687 3863 870 3918 debuit
899 3865 965 3918 ad
1014 3881 1322 3922 mensuram
1361 3869 1628 3939 accipere.
1678 3871 1733 3925 l'n
1788 3870 1958 3927 forma
1994 3872 2138 3927 enim
2241 3879 2331 3948 qui
2356 3878 2470 3932 ait:
2502 3875 3069 3945 Noncorrttptibilibut
3097 3870 3413 3942 argentorat
3435 3874 3577 3924 aro
3594 3868 3841 3935 redempti

550 3957 643 4013 Dei
684 3972 927 4025 manens,
954 3957 1217 4030 Spiritum
1242 3961 1336 4017 dat
1359 3979 1373 4016 :
1410 3962 1640 4018 formam
1669 3964 1809 4019 servi
1843 3964 2138 4034 accipiens,
2240 3971 2362 4024 estis
2390 3969 2455 4023 de
2474 3985 2609 4023 vana
2634 3976 2800 4021 vestra
2828 3965 3218 4021 conversatione
3238 3974 3480 4032 pateram
3514 3961 3844 4024 traditionis,

550 4049 809 4120 Spiritum
837 4052 1068 4122 acrcpit.
1104 4052 1284 4123 Ipsum
1330 4056 1497 4121 enim,
1543 4072 1703 4125 quem
1733 4057 1799 4110 ad
1826 4072 2139 4112 mensuram
2241 4062 2334 4117 sed
2364 4060 2604 4131 pretioso
2644 4058 2933 4130 sanguine,
2962 4055 3117 4125 quasi
3155 4054 3279 4124 agni
3324 4050 3751 4109 incontaminati
3792 4058 3846 4105 et

549 4142 659 4205 dat,
692 4152 863 4197 totum
912 4144 1143 4214 accepit.
1183 4144 1327 4201 Idem
1371 4148 1629 4204 sacerdos
1675 4157 1730 4203 et
1766 4149 2098 4204 sacriﬁcium
2120 4188 2138 4215 ,
2242 4151 2570 4208 immaculati
2594 4149 2724 4205 Jcsu
2752 4148 2957 4205 Christi
2987 4146 3039 4218 (Ι
3074 4144 3217 4200 l’etr.
3249 4145 3310 4214 ι).
3340 4144 3411 4198 Et
3439 4144 3495 4197 in
3520 4142 3848 4213 Αροωῑῑιιίί

552 4234 780 4289 veniens
809 4236 880 4291 ad
904 4251 1005 4293 nos
1028 4237 1226 4292 ollcrrc
1248 4254 1346 4308 pro
1372 4239 1546 4305 nobis,
1578 4242 1721 4311 quod
1749 4242 2045 4312 assmupsit
2070 4258 2139 4299 cx
2238 4242 2476 4299 Joannes
2507 4242 2817 4312 apostolus:
2851 4240 2957 4306 Qui
3002 4237 3187 4293 dilexit
3229 4254 3346 4303 nos,
3394 4236 3597 4304 inquit,
3634 4246 3685 4288 et
3724 4235 3847 4289 [erit

554 4325 734 4393 llUiliS,
771 4335 831 4381 ut
856 4327 1093 4384 auferret
1118 4344 1148 4384 a
1182 4330 1337 4385 nobis
1370 4332 1512 4400 quod
1544 4331 1753 4387 invenit
1794 4332 1848 4387 in
1883 4333 2059 4399 nobis,
2087 4334 2139 4389 id
2241 4351 2335 4390 nos
2357 4352 2388 4389 α
2414 4334 2640 4405 percutis
2672 4333 2867 4389 nostris
2898 4334 2955 4387 in
2983 4331 3244 4402 sanguine
3270 4345 3369 4383 suo
3392 4328 3593 4399 (Apoc.
3628 4325 3693 4396 ι).
3730 4324 3848 4379 Son

549 4430 633 4475 est
678 4430 983 4490 peccatum,
1027 4422 1293 4479 mediator
1350 4423 1443 4477 Dei
1497 4433 1553 4478 ct
1598 4424 1900 4489 hominum,
1930 4424 2140 4480 habens
2240 4427 2414 4482 solum
2441 4436 2623 4481 autem
2652 4425 2783 4481 lavit
2811 4439 2913 4480 nos
2935 4440 2964 4478 a
2992 4422 3234 4494 peccatis
3262 4419 3470 4477 nostris
3500 4420 3561 4473 in
3582 4416 3849 4483 sanguine

551 4526 674 4565 cum
706 4511 870 4568 Patre
913 4513 1161 4583 eamdem
1208 4514 1509 4570 divinitatis
1540 4524 1812 4582 naturam,
1850 4527 1904 4571 et
1945 4518 2138 4572 huma-
2172 4534 2363 4588 “suo,
2408 4518 2626 4588 quando
2674 4516 2990 4586 sanguinem
3038 4530 3197 4573 suum
3240 4512 3395 4568 dedit
3443 4511 3501 4564 in
3552 4523 3725 4565 cruce
3752 4522 3850 4578 pro

646 4564 671 4565 η
706 4564 725 4566 -
920 4564 1161 4583 -___-__---_
1214 4564 1507 4570 --.πω---η
1854 4564 1903 4571 --
2244 4564 2363 4584 ην,
2409 4564 2623 4588 Tu...“
2674 4564 2990 4586 --.τ----νη
3039 4564 3197 4573 --ην
3380 4564 3389 4566 -
3568 4564 3571 4565 ν
3752 4564 3768 4578 .

553 4601 742 4657 uitatis
768 4602 1015 4658 eamdem
1053 4619 1174 4659 eum
1206 4614 1380 4661 matre
1419 4604 1801 4661 substantiam.
1832 4606 2050 4663 llabcns
2070 4623 2137 4663 ex
2170 4564 2221 4625 Β
2245 4612 2419 4677 nobis,
2455 4611 2539 4666 vel
2586 4611 2804 4681 quando
2850 4609 3083 4680 quisque
3138 4614 3385 4663 nostrum
3414 4604 3470 4659 in
3524 4601 3850 4675 mysterium

552 4692 711 4750 nobis
737 4708 908 4764 usque
937 4693 1005 4749 ad
1030 4704 1283 4760 mortem,
1316 4704 1516 4751 nostra:
1559 4696 1859 4766 iniquitatis
1898 4712 2137 4768 poenam,
2244 4710 2606 4759 sacrosancta:
2650 4700 2924 4771 passionis
2968 4698 3114 4754 illius
3150 4694 3409 4766 baptismi
3440 4691 3608 4762 aquis
3638 4690 3850 4746 abluttﬁ

555 4785 761 4841 habens
811 4784 1309 4849 incommutabilem
1358 4788 1426 4843 de
1478 4787 1585 4845 Deo
1641 4788 1806 4846 Patre
1848 4792 2135 4862 justitiam.
2244 4804 2364 4853 est:
2408 4810 2596 4851 verum
2635 4795 2801 4849 etiam
2832 4791 3075 4862 quotidie
3104 4788 3247 4845 tollit
3273 4795 3502 4858 peccata
3532 4783 3751 4848 ιιιιιιιάὶ,
3778 4781 3851 4836 la-

549 4875 780 4949 Prnpter
806 4885 1049 4934 nostram
1079 4878 1422 4949 iniquitatem
1468 4883 1840 4953 temporaliter
1871 4895 2137 4952 mortuus,
2246 4897 2443 4959 vatque
2466 4903 2564 4944 nos
2593 4903 2623 4943 a
2651 4886 2888 4958 peccatis
2913 4884 3113 4940 nostris
3138 4879 3477 4952 quotidianus
3503 4879 3558 4935 in
3583 4877 3851 4949 sanguine

551 4981 775 5042 propter
812 4970 1084 5042 justitiam
1129 4988 1310 5041 suam,
1335 4983 1389 5031 et
1430 4976 1546 5047 ipse
1585 4991 1801 5048 semper
1827 4979 2002 5037 vivus.
2036 4978 2138 5047 Qui
2244 4997 2366 5046 suo,
2391 4997 2515 5038 cum
2545 4979 2785 5050 ejusdem
2813 4979 2985 5034 beata:
3016 4974 3284 5048 passionis
3307 4973 3375 5029 ad
3418 4972 3596 5027 altare
3645 4984 3851 5025 ntemn-

551 5060 817 5120 Dominus
843 5074 899 5120 et
930 5079 1028 5121 rex
1056 5065 1244 5138 gloria:
1269 5066 1443 5138 (Psul.
1490 5070 1648 5141 χχιιι)
1693 5071 1990 5128 cruciﬁxus
2037 5082 2140 5140 est,
2250 5074 2328 5128 ria
2359 5073 2669 5144 replicatur,
2704 5085 2831 5127 cum
2865 5070 3020 5141 panis
3044 5077 3102 5124 et
3126 5066 3238 5122 viui
3269 5072 3553 5129 creatura,
3580 5064 3640 5117 in
3660 5076 3849 5119 sacra-

552 5170 617 5211 cx
658 5156 974 5215 inﬁrmitate
1001 5168 1210 5229 nostra,
1240 5161 1337 5217 sed
1362 5161 1497 5216 vivit
1519 5176 1584 5218 ex
1611 5162 1810 5218 virtute
1844 5178 1962 5219 sua.
1996 5164 2142 5220 Idem
2249 5173 2491 5222 mentum
2534 5164 2718 5220 carnis
2765 5172 2820 5219 et
2851 5161 3130 5231 sanguinis
3170 5159 3270 5224 eis,
3320 5154 3590 5212 ineil'abili
3624 5154 3849 5225 spiritus

552 5250 701 5309 Deus
741 5253 833 5322 qui
866 5253 918 5308 in
954 5269 1121 5312 cruce
1142 5254 1308 5312 homo
1350 5256 1527 5312 factus
1564 5255 1850 5327 pependit,
1879 5265 1934 5311 et
1968 5256 2021 5311 in
2054 5272 2142 5313 se-
2249 5257 2684 5313 sanctiﬁcatione
2710 5254 3070 5317 transfertur;
3096 5252 3287 5321 sicque
3308 5263 3517 5318 corpus
3540 5256 3603 5302 et
3629 5246 3851 5316 sanguis

552 5340 743 5413 pulcro
772 5343 915 5400 idem
944 5343 1089 5403 Deus
1112 5346 1275 5403 homo
1299 5346 1481 5402 factus
1500 5347 1675 5418 jacuit
1716 5365 1729 5401 :
1760 5346 1854 5404 sed
1882 5348 1935 5403 in
1967 5348 2146 5417 sepul-
2249 5349 2412 5415 illius,
2445 5365 2550 5404 non
2602 5347 2898 5403 inﬁdelium
2946 5344 3195 5399 manibus
3237 5342 3305 5396 ad
3356 5338 3661 5411 perniciem
3690 5350 3849 5392 suam

554 5450 651 5493 cro
670 5436 968 5493 secundum
988 5437 1161 5494 solam
1188 5454 1415 5495 carnem
1442 5441 1584 5495 idem
1614 5440 1757 5497 Deus
1771 5439 1979 5511 jacuit,
2008 5452 2065 5497 et
2088 5443 2143 5499 in
2250 5440 2493 5497 funditur
2531 5448 2587 5495 et
2618 5439 2907 5501 occiditur,
2950 5435 3044 5492 sed
3085 5433 3325 5488 ﬁdelium
3372 5444 3470 5485 ore
3519 5427 3763 5484 sumitur
3797 5426 3849 5480 in

554 5526 829 5583 infernum
881 5527 1177 5585 secundum
1229 5530 1397 5586 solam
1454 5532 1696 5587 animum
1730 5533 2051 5601 descendit,
2090 5543 2148 5591 et
2251 5534 2501 5590 salutem.
2532 5530 2696 5600 Cujus
2724 5539 2870 5586 recte
2898 5530 3121 5599 ﬁguram
3145 5540 3318 5595 agnus
3348 5524 3405 5578 in
3429 5522 3550 5594 lege
3574 5518 3851 5591 paschalis

555 5624 854 5679 resurrexit
904 5624 1063 5681 tertia
1113 5623 1201 5680 die
1257 5639 1423 5679 carne
1468 5641 1481 5678 :
1523 5625 1648 5694 quia
1700 5635 1981 5695 peccatum
2037 5642 2145 5682 non
2252 5623 2513 5689 ostendit,
2540 5622 2631 5692 qui
2663 5620 2832 5676 semel
2855 5619 3110 5690 popuhuu
3141 5616 3206 5671 de
3236 5614 3561 5686 A-lgypuaea
3585 5613 3852 5668 servitute

558 5711 707 5778 fecit,
742 5731 901 5786 aquo
922 5725 1231 5788 resurgeret
1259 5716 1441 5771 anima
1471 5715 1523 5788 (Ι
1555 5716 1681 5772 Cor.
1722 5719 1975 5792 xv).lpse
2005 5720 2147 5776 Deus
2253 5713 2525 5778 liberans,
2580 5713 2629 5766 in
2684 5712 3002 5767 memoriam
3062 5707 3305 5780 ejusdem
3355 5704 3701 5760 liberationis
3756 5713 3850 5772 per

556 5811 617 5873 et
654 5804 819 5863 homo
865 5810 1110 5866 ascendit
1149 5809 1205 5864 iu
1232 5806 1457 5877 cwlum,
1489 5818 1544 5866 ct
1591 5810 1744 5869 salet
1780 5812 1846 5868 ad
1900 5812 2150 5870 dextram
2255 5820 2448 5864 omnes
2499 5821 2671 5863 annos
2719 5803 3087 5861 immolatione
3132 5814 3229 5857 sua
3288 5794 3545 5872 pepulum
3596 5792 3850 5851 cumdel

4007 0 4010 23 ι

4008 552 4010 581 |
