4010 6330
58 377 216 437 1M0

1367 378 1525 438 VITA
1565 379 1813 438 SANCTI
1850 382 2129 442 REMIGII.

3252 391 3390 451 “50

60 494 453 552 sanctificare
502 493 713 552 solebat
738 493 938 566 (Exod.
973 496 1095 566 xn),
1129 496 1303 553 iisnec
1330 498 1540 555 veniret
1584 497 1702 567 ipse
1727 497 1782 559 Α
1808 498 1949 553 beati
1982 500 2181 556 Nicasii
2215 501 2364 557 urbis
2391 501 2549 572 hujus
2575 501 2847 570 pontiﬁcis
2866 510 2922 557 et
2961 502 3220 570 martyris
3240 503 3390 566 (nam

61 589 153 644 cui
192 589 335 645 talis
376 589 557 645 hostia
594 589 964 645 testimonium
999 592 1182 645 dabat.
1216 590 1550 660 Oblatusque
1587 589 1693 646 Pa—

62 684 133 738 tri
164 697 284 752 pro
314 682 486 739 nobis
510 682 566 736 in
598 682 831 738 hostiam
876 684 1210 754 odoremque
1239 684 1543 747 suavitatis,
1574 697 1693 755 my-

61 776 320 831 sterium
368 786 489 832 stlte
534 775 825 851 passionis,
861 776 1047 832 oblato
1090 791 1254 847 agno,
1285 778 1342 831 in
1389 786 1723 831 creaturam.

62 868 234 940 panis
270 867 513 939 vinique
550 868 893 933 transferret,
926 871 1181 924 sacerdos
1206 868 1384 925 factus
1434 870 1486 923 in
1533 876 1693 924 acter-

62 974 225 1019 nnm.
254 959 579 1015 secundum
606 959 853 1015 ordinem
885 959 1303 1024 Melchisedech,
1326 961 1419 1029 qui
1450 974 1546 1029 per
1572 974 1696 1028 pro-

62 1051 254 1121 prium
296 1051 636 1122 sanguinem
665 1051 837 1107 semel
878 1052 1123 1107 introivit
1169 1052 1222 1107 in
1257 1061 1464 1116 sancta,
1494 1059 1695 1106 aeterna

64 1144 475 1213 redemptione
516 1146 734 1200 inventa
764 1143 954 1216 (Hebr.
992 1162 1025 1198 v
1060 1157 1107 1199 et
1158 1146 1256 1216 vi).
1288 1144 1428 1213 Quia
1458 1144 1694 1200 Verbum

63 1235 217 1305 quod
241 1245 380 1292 erat
406 1237 466 1292 in
494 1237 764 1308 principio
796 1236 938 1294 Deus
967 1237 1106 1307 apud
1138 1238 1326 1303 Deum,
1358 1238 1512 1293 cibus
1554 1254 1698 1293 sem—

64 1326 334 1396 piternus
364 1335 686 1383 sanctorum
708 1329 1047 1399 angelorum,
1072 1329 1214 1383 unde
1240 1330 1427 1383 vivunt
1449 1343 1699 1398 supernae

64 1417 338 1482 virtutes,
365 1432 505 1474 caro
531 1416 733 1474 factum
763 1429 868 1484 est,
898 1419 949 1473 id
979 1428 1064 1475 est
1095 1421 1237 1475 idem
1268 1422 1409 1475 Deus
1434 1418 1694 1483 Verbum,

48 1507 218 1576 'quod
240 1515 381 1564 erat
412 1508 558 1578 apud
587 1509 779 1576 Deum,
814 1510 975 1565 homo
1000 1509 1171 1567 factus
1194 1521 1301 1575 cst,
1331 1510 1471 1565 sicut
1491 1510 1696 1565 dictum

65 1610 175 1667 est,
223 1607 286 1656 et
318 1614 552 1671 semper
578 1602 906 1658 credendum
936 1614 1105 1674 atque
1127 1603 1415 1660 dicendum
1445 1611 1545 1658 est.
1578 1601 1697 1669 Quo

68 1702 307 1747 auctore
336 1701 402 1748 et
452 1692 822 1763 redemptore,
864 1710 1012 1752 nunc
1054 1696 1110 1751 in
1159 1695 1299 1752 caelo
1344 1696 1532 1750 vivunt
1576 1695 1699 1751 cibo

68 1784 435 1854 sempiterno
469 1785 754 1840 beatorum
802 1786 1052 1856 spiritus,
1094 1802 1161 1842 ac
1204 1796 1467 1858 perpetuo
1518 1787 1699 1844 omnis

68 1876 219 1932 vivet
260 1874 523 1932 Ecclesia
571 1887 902 1933 sanctorum.
935 1878 1001 1933 Et
1049 1894 1148 1934 nos
1194 1893 1323 1933 vera
1369 1879 1488 1949 ejus
1533 1894 1698 1935 carne
1728 1861 1775 1920 Β

70 1968 139 2023 de
164 1983 345 2027 cruce
378 1971 684 2039 pascimur,
713 1981 771 2026 et
796 1972 1061 2039 sanguine
1088 1987 1218 2027 vero
1247 1988 1312 2028 ac
1332 1973 1477 2038 vivo,
1505 1973 1597 2043 qui
1631 1974 1698 2028 de

70 2059 248 2116 latere
275 2059 411 2131 eius
437 2061 491 2116 in
519 2075 684 2118 cruce
731 2062 989 2127 manavit,
1024 2072 1276 2134 petantur
1300 2081 1312 2117 :
1344 2064 1435 2133 qui
1464 2064 1695 2119 manda-

72 2160 231 2208 catus
272 2160 339 2206 et
390 2160 635 2222 potatus,
686 2152 898 2222 integer
938 2163 1252 2224 perseverat
1283 2164 1339 2210 et
1370 2156 1544 2220 vivus,
1571 2156 1697 2226 quia

73 2242 329 2298 surrexit
395 2244 633 2301 occisus.
684 2244 750 2300 Et
799 2244 851 2299 in
882 2245 984 2300 hac
1036 2246 1263 2317 mystica
1315 2247 1699 2303 distributione

73 2335 397 2405 spiritualis
418 2335 711 2404 alimoniae,
737 2338 841 2396 hoc
867 2338 1198 2408 impartitur,
1222 2340 1326 2395 hoc
1349 2339 1615 2403 sumitur;
1638 2346 1700 2393 ut

75 2428 432 2499 accipientes
461 2430 715 2487 virtutem
740 2431 983 2488 caelestis
1025 2432 1151 2496 cibi,
1199 2432 1252 2487 in
1303 2448 1525 2489 carnem
1554 2432 1701 2503 ejus,-

74 2522 164 2591 qui
186 2537 335 2579 caro
361 2530 554 2579 nostra
573 2522 753 2581 factus
772 2534 877 2591 est,
904 2535 1268 2593 transeamus,
1294 2535 1350 2583 et
1372 2528 1425 2584 in
1445 2543 1555 2598 quo
1580 2542 1700 2584 cru-

75 2613 250 2681 citisi,
298 2615 399 2670 cui
436 2617 782 2685 commortui,
827 2626 879 2674 et
907 2618 1227 2689 consepulti,
1261 2627 1317 2674 et
1356 2618 1700 2674 eonresusci-

77 2706 196 2772 tati,
244 2707 439 2777 ipsum
486 2720 585 2776 per
610 2708 792 2763 omnia
837 2724 1003 2764 carne
1055 2717 1110 2764 et
1152 2710 1349 2780 spiritu
1398 2720 1697 2780 gestetnus.

75 2795 213 2853 Nam
253 2796 430 2853 aliter
475 2797 529 2853 in
553 2810 740 2859 sancta
771 2799 1036 2864 Ecclesia,
1069 2816 1191 2871 quae
1220 2816 1420 2871 corpus
1449 2800 1567 2870 ejus
1590 2809 1698 2869 est,

78 2903 176 2944 nec
213 2897 347 2944 rata
382 2889 712 2955 sacerdotia,
742 2906 843 2947 nec
872 2906 1002 2947 vera
1036 2900 1165 2947 sunt
1195 2892 1484 2959 sacrificia,
1513 2894 1616 2949 nisi
1642 2894 1697 2948 in

80 2989 288 3036 nostra:
338 2979 678 3051 proprietate
729 2991 956 3049 naturae,
988 3000 1152 3041 verus
1176 3000 1279 3041 nos
1321 2984 1563 3056 pontifex
1611 3001 1698 3041 re-

80 3073 369 3139 conciliet,
388 3072 450 3128 ἐι
474 3089 635 3131 verus
659 3075 990 3131 immaculati
1013 3079 1145 3147 agni
1173 3079 1396 3150 sanguis
1414 3079 1693 3135 emundet.

82 3163 181 3230 Qui
212 3164 352 3220 licet
386 3163 441 3219 in
473 3163 654 3222 Patris
681 3165 901 3222 dextera
937 3168 1008 3223 sit
1034 3169 1383 3235 constitutus,
1416 3169 1473 3224 in
1502 3169 1695 3225 eadem

87 3268 269 3312 tamen
297 3272 495 3322 carne,
519 3273 682 3327 quam
712 3260 1008 3329 assumpsit
1026 3275 1095 3317 ex
1126 3261 1365 3331 Virgine,
1395 3277 1703 3318 sacramen-

87 3354 197 3399 tum
262 3347 677 3417 propitiationis
744 3350 1061 3420 exsequitur
1116 3351 1334 3408 dicente
1386 3352 1698 3423 Apostolo:

88 3436 333 3494 Christus
362 3438 545 3506 Iesus,
690 3455 929 3498 mortuus
956 3454 1058 3509 est,
1083 3445 1190 3498 imo
1237 3446 1328 3515 qui
1373 3455 1423 3501 et
1470 3462 1703 3502 mame-

88 3533 187 3595 ait,
211 3535 309 3603 qui
332 3542 414 3588 est
436 3536 492 3590 in
510 3536 729 3592 dextera
776 3537 896 3605 Dei,
940 3541 1033 3611 qui
1075 3542 1234 3596 etiam
1277 3542 1576 3614 interpellat
1607 3560 1703 3616 pro

93 3625 240 3679 nobis
282 3624 472 3697 (Rom.
501 3629 644 3696 vin).

161 3714 334 3771 XXII.
390 3714 563 3784 Hujus
604 3717 651 3773 si
686 3718 906 3788 quidem
938 3722 1109 3791 gratia
1160 3721 1419 3792 repletos,
1470 3725 1607 3779 etin
1636 3739 1702 3780 ea

95 3819 267 3876 usque
298 3806 373 3861 ad
421 3822 706 3864 excessum
758 3811 879 3867 vitae
925 3824 1353 3881 perseverantes,
1413 3830 1705 3886 poscamus

99 3910 197 3952 nos
224 3898 394 3954 istius
421 3898 600 3955 Patris
626 3901 798 3957 nostri
830 3904 1042 3960 meritis
1069 3920 1134 3960 ac
1165 3907 1420 3977 precibus
1446 3908 1703 3979 multipli-

101 3989 234 4055 cari,
273 4005 307 4045 a
337 3989 520 4047 fructu
561 3990 841 4061 frumenti,
870 4004 925 4051 et
954 3996 1063 4050 vini
1110 4006 1164 4052 et
1206 3997 1310 4054 olei
1358 4000 1472 4063 Dei,
1515 4000 1568 4054 id
1620 4009 1706 4057 est

103 4077 349 4137 doctrina
402 4092 613 4151 sancta,
661 4087 929 4156 sapientia
980 4103 1236 4160 superna,
1289 4091 1486 4147 divinae
1513 4093 1703 4163 gratiae

103 4170 503 4235 misericordia,
537 4185 597 4229 ut
639 4175 894 4233 inebriati
927 4178 998 4233 ab
1042 4180 1288 4237 ubertate
1337 4182 1531 4238 demus
1550 4184 1700 4254 ejus,

106 4275 166 4313 ac
191 4264 545 4336 pinguedine,
579 4266 834 4322 videlicet
875 4271 1049 4337 gratia
1089 4272 1264 4328 sancti
1297 4269 1554 4343 Spiritus,
1595 4288 1702 4343 qua

107 4354 637 4433 repletur‘catholica
669 4359 931 4425 Ecclesia,
957 4376 1079 4431 quae
1101 4362 1398 4421 estdomus
1424 4374 1478 4420 et
1503 4380 1703 4436 corpus

109 4443 215 4512 ejus
244 4447 472 4505 ﬂumina
505 4450 571 4506 de
599 4460 789 4507 ventre
833 4462 1019 4509 nostro
1051 4453 1220 4510 fluant
1247 4471 1402 4526 aqua:
1436 4458 1602 4523 vivae,
1633 4457 1704 4512 de

112 4536 375 4593 mentibus
407 4539 619 4595 scilicet
665 4541 867 4597 nostris
909 4543 1220 4613 spirituales
1268 4546 1547 4611 doctrinas,
1583 4563 1704 4616 quas

113 4633 230 4679 sunt
254 4628 453 4684 anima:
491 4630 601 4684 vita
628 4648 640 4683 :
669 4639 724 4686 et
755 4648 891 4701 quos
930 4647 1029 4702 per
1076 4634 1403 4706 baptismum
1435 4636 1504 4691 ab
1532 4638 1708 4693 omni-

114 4711 207 4769 bus
251 4720 539 4777 mundavit
580 4722 832 4777 sordibus
875 4734 1249 4794 peccatorum,
1295 4742 1392 4799 per
1437 4728 1706 4800 lacrymas

116 4811 445 4875 pcenitentiae
490 4829 520 4868 a
566 4816 776 4870 cunctis
818 4814 1032 4872 ablutos
1080 4817 1441 4887 facinoribus,
1479 4823 1533 4876 in
1582 4823 1706 4877 vitae

117 4916 390 4965 conservet
436 4909 733 4975 munditia,
770 4918 827 4967 et
872 4909 940 4966 ad
974 4911 1143 4967 vitam
1183 4912 1413 4970 mundos
1443 4915 1707 4985 perducat

119 5001 392 5055 aeternam.

187 5087 368 5147 XXIII.
398 5091 503 5160 Qui
535 5091 757 5149 humani
788 5096 1002 5167 generis
1031 5095 1374 5152 adversarius
1410 5113 1517 5153 non
1566 5098 1710 5154 ἀθει-

126 5178 212 5234 stit
256 5183 547 5241 ostendere
594 5188 838 5245 nocendo
868 5188 1222 5259 malignitatis
1251 5205 1361 5245 sum
1386 5191 1706 5262 potentiam,

127 5265 452 5347 immissione
473 5291 571 5332 sua
586 5278 935 5349 surgentibus
956 5280 1137 5336 subito
1163 5280 1499 5337 ﬂammarum
1515 5283 1708 5352 globis,

132 5358 262 5418 hanc
293 5368 567 5425 civitatem
599 5368 933 5426 Rhemrum
968 5373 1264 5428 succendit.
1296 5373 1363 5428 Et
1418 5374 1583 5429 nimia
1613 5391 1709 5428 va-

132 5454 352 5514 statione
377 5461 593 5525 oborta,
615 5461 728 5533 jam
754 5470 965 5532 partem
1005 5463 1118 5519 fere
1142 5466 1362 5519 tertiam
1392 5463 1591 5519 favillis
1617 5481 1711 5521 ex-

136 5548 411 5613 stantibus,
465 5552 837 5609 concrematis
888 5562 1109 5623 peracta
1159 5564 1603 5625 consumpserat,
1657 5563 1714 5610 et

138 5633 269 5698 quod
295 5639 567 5695 residuum
594 5651 734 5707 erat,
759 5642 955 5696 victrix
979 5642 1194 5696 ﬂamma
1227 5642 1514 5699 lambebat.
1546 5643 1712 5716 Cujus

138 5722 209 5807 rei
237 5732 451 5787 nuntius
473 5749 594 5789 cum
622 5735 687 5789 ad
719 5734 1015 5790 beatissimi
1048 5734 1278 5807 Remigii
1309 5735 1565 5791 antistitis
1591 5752 1715 5806 per-

138 5806 358 5877 venisset
394 5823 691 5896 auditum,
742 5825 885 5884 illico
935 5828 1004 5885 ad
1048 5806 1347 5886 orationem
1394 5829 1448 5885 in
1489 5827 1713 5889 basilica

1734 4585 1793 4644 D

1800 592 1871 646 ibi
1926 601 2052 646 tunc
2097 594 2433 662 morabatur)
2479 609 2541 649 se
2587 597 2999 665 prostravit:et
3047 612 3276 668 surgens
3321 599 3392 653 ab

1797 684 2060 744 oratione,
2101 675 2403 755 suspiciens
2454 686 2505 739 in
2557 685 2776 751 caelum,
2826 687 3090 754 ingemuit
3122 695 3177 741 et
3211 686 3386 742 dixit:

1799 773 1961 836 Βυιιε,
1990 775 2129 830 Dens
2160 790 2330 835 meus.
2355 776 2541 829 adesto
2569 776 2686 830 voci
2718 791 2869 831 meae.
2898 776 2963 830 Et
2984 777 3198 832 concito
3230 792 3389 832 cursu

1799 879 1896 934 per
1919 864 2139 933 gradus,
2184 874 2311 919 ante
2342 865 2509 936 ipsam
2554 867 2839 921 ecclesiam
2868 868 3035 936 petris
3064 868 3394 938 compositos

1798 969 2074 1025 egressus,
2108 955 2386 1009 civitatem
2418 956 2592 1024 petiit.
2617 955 2673 1010 ln
2704 957 2903 1025 quibus
2920 957 3110 1027 petris,
3141 974 3204 1012 ac
3232 958 3275 1012 si
3303 974 3393 1013 su-

1798 1064 1896 1119 per
1928 1047 2085 1123 molle
2109 1047 2281 1102 lutum
2316 1047 2581 1118 impressa
2606 1049 2723 1118 ejus
2753 1049 2967 1103 fuerunt
2999 1049 3248 1116 vestigia,
3273 1064 3394 1119 quae

1798 1143 2067 1213 hodieque
2097 1140 2171 1195 ibi
2205 1140 2273 1196 ad
2305 1141 2623 1195 memoriam
2676 1141 2842 1195 divini
2891 1141 3138 1196 miraculi
3170 1141 3394 1196 demon-

1799 1243 2057 1289 strantur.
2092 1232 2158 1287 Et
2198 1232 2280 1289 sic
2325 1231 2488 1287 celeri
2539 1230 2825 1288 velocitate
2852 1232 3116 1297 cucurrit,
3148 1240 3310 1301 atque
3334 1245 3394 1287 se

1799 1326 1909 1397 igni
1971 1324 2576 1396 opposuitzstatimque
2604 1332 2664 1379 ut
2708 1333 2931 1379 extensa
2979 1325 3168 1378 dextra
3206 1333 3394 1379 contra

1800 1420 1999 1488 ignem,
2033 1432 2154 1471 cum
2184 1414 2527 1471 invocatione
2551 1412 2752 1469 Christi
2784 1413 3019 1469 nominis
3040 1414 3252 1484 signum
3273 1428 3397 1468 san-

1799 1521 1900 1565 ctae
1923 1510 2102 1566 crucis
2126 1509 2278 1574 fecit,
2329 1517 2500 1564 totum
2529 1507 2657 1563 illud
2686 1507 3021 1573 incendium,
3064 1507 3210 1563 velut
3261 1522 3397 1577 quo-

1800 1601 1923 1655 dam
1956 1609 2107 1655 reatu
2141 1599 2381 1671 cognito,
2412 1598 2583 1653 fracta
2609 1609 2662 1654 et
2690 1599 2932 1663 concisa,
2966 1607 3128 1668 atque
3173 1599 3227 1654 in
3276 1611 3398 1654 sese

1799 1693 1960 1747 relisa
2006 1692 2230 1758 virtute,
2279 1691 2445 1761 erepit
2482 1701 2609 1746 ante
2650 1691 2753 1746 viri
2785 1691 2879 1745 Dei
2926 1691 3273 1760 pra-sentiam
3308 1690 3396 1744 fu-

1801 1801 1946 1856 gere.
1992 1784 2146 1853 Quod
2181 1785 2268 1839 vir
2301 1785 2394 1840 Dei
2428 1800 2646 1854 semper
2696 1782 3104 1853 insequebatur,
3152 1792 3207 1838 et
3254 1782 3398 1837 inter

1803 1878 2006 1948 ignem,
2033 1886 2089 1932 et
2114 1893 2199 1942 ea,
2232 1894 2353 1947 «piae
2386 1878 2565 1932 adhuc
2607 1886 2765 1932 erant
2792 1876 3005 1932 residua
3027 1914 3042 1942 ,
3068 1890 3193 1930 cum
3241 1875 3398 1946 signo

1801 1982 2005 2029 sanctae
2051 1972 2232 2029 crucis
2275 1981 2329 2028 et
2354 1971 2697 2028 invocatione
2746 1969 2951 2026 Christi
2980 1985 3039 2024 se
3068 1966 3394 2038 opponebat.

1802 2065 1998 2136 Sicque
2024 2074 2191 2118 totum
2214 2062 2558 2127 ﬂarnmarum
2583 2061 2822 2133 globum,
2849 2068 2974 2115 ante
2997 2073 3057 2113 se
3079 2057 3398 2130 fugientem,

1805 2174 1900 2227 per
1932 2166 2205 2228 patentem
2237 2163 2448 2225 portam
2484 2153 2586 2225 (sic
2614 2153 2757 2207 enim
2790 2161 2916 2207 tunc
2948 2150 3209 2221 temporis
3236 2163 3399 2205 voca-

1801 2250 1985 2312 batur,
2018 2247 2142 2317 quia
2191 2246 2362 2316 portis
2405 2245 2526 2300 aliis
2570 2243 2769 2300 clausis
2813 2243 2883 2299 ob
2921 2242 3160 2298 civitatis
3212 2248 3399 2298 custo-

1804 2342 1972 2404 diam,
2000 2356 2121 2410 _pro
2150 2338 2469 2396 exeuntium
2494 2347 2550 2394 et
2572 2337 2966 2395 introeuntium
3012 2334 3402 2391 commoditate

1801 2433 1854 2488 in
1884 2434 1968 2488 die
1998 2431 2238 2504 patebat)
2271 2432 2452 2487 divina
2502 2431 2745 2501 potentia
2774 2428 3001 2499 expulit,
3030 2436 3086 2483 et
3111 2428 3219 2483 alia
3243 2436 3415 2498 porta.

1804 2525 1871 2579 ad
1906 2526 2008 2579 hoc
2036 2523 2274 2578 otiicium
2323 2523 2605 2593 deputata,
2636 2520 2917 2590 praefatam
2949 2528 3160 2590 portam
3184 2518 3402 2586 clausit,

1800 2622 1856 2671 et
1886 2623 2231 2684 utnunquam
2264 2613 2333 2668 ab
2366 2612 2551 2682 aliquo
2577 2611 2900 2683 aperiretur,
2917 2626 3041 2666 cum
3077 2609 3399 2665 intermina-

1804 2709 1951 2763 tione
1980 2708 2253 2772 vindicta),
2295 2705 2385 2776 qui
2423 2704 2569 2761 illam
2614 2712 2968 2776 praesumeret
2996 2702 3231 2775 aperire,
3269 2717 3397 2774 pro-

1802 2800 1978 2856 hibnit
2004 2818 2017 2853 :
2044 2800 2188 2855 sicut
2225 2808 2277 2855 et
2316 2797 2482 2854 Iosue
2528 2798 2861 2868 imprecatus
2900 2806 2987 2853 est
3023 2796 3285 2853 ultionem
3334 2794 3405 2852 de

1800 2908 1866 2948 eo
1894 2892 1985 2963 qui
2016 2907 2201 2948 nnn'os
2246 2890 2484 2955 Iericho,
2541 2889 2632 2944 Dei
2684 2889 2885 2944 virtute
2925 2885 3190 2959 deiectos,
3222 2887 3399 2943 denuo

1801 2990 2137 3039 restauraret
2157 2981 2293 3053 (Jos.
2325 2980 2423 3052 vi).
2457 2974 2587 3035 Pos't
2610 2978 2874 3050 quosdam
2901 2994 3030 3034 vero
3061 2992 3253 3043 annos,
3269 2977 3404 3034 civis

1801 3078 2021 3149 quidam
2054 3075 2271 3132 nomine
2298 3073 2615 3137 Fercintus,
2644 3086 2800 3127 secus
2830 3069 2975 3125 illam
3020 3078 3233 3139 portam
3286 3083 3404 3123 ma-

1804 3187 1963 3235 nens,
1985 3177 2264 3240 pertusum
2302 3167 2356 3222 in
2385 3166 2645 3231 maceria,
2668 3179 2772 3234 qua
2796 3163 2985 3218 eadem
3008 3171 3162 3233 porta
3188 3161 3408 3217 obstru-

1806 3272 1892 3318 cta
1932 3261 2130 3327 fuerat,
2172 3258 2319 3322 fecit,
2370 3273 2469 3328 per
2500 3271 2661 3328 quem
2693 3256 2878 3310 fimum
2909 3269 3018 3320 sua:
3052 3253 3220 3309 cortis
3245 3251 3406 3321 ejice-

1803 3364 1905 3411 ret.
1936 3354 2108 3423 Quem
2151 3367 2276 3407 mox
2327 3357 2477 3405 tanta
2520 3357 2604 3404 est
2647 3348 2886 3403 vindicta
2939 3355 3142 3410 secuta,
3197 3353 3256 3400 ut
3298 3359 3406 3400 non

1801 3447 1985 3512 homo,
2017 3461 2122 3501 non
2146 3460 2311 3515 pecus
2333 3443 2486 3499 clade
2508 3442 2927 3512 superveniente
2950 3440 3002 3496 in
3026 3439 3216 3495 eadem
3244 3438 3406 3493 domo

1803 3537 2147 3594 remanserit.
2179 3535 2235 3589 ln
2265 3550 2373 3604 quo
2407 3531 2668 3588 miraculo
2692 3531 2945 3587 onmibus
2972 3530 3148 3604 gratia
3180 3529 3274 3583 Dei
3299 3528 3398 3585 de-

1803 3629 2048 3692 claravit,
2080 3627 2224 3698 quod
2264 3626 2349 3681 vir
2397 3626 2491 3681 Dei
2544 3625 2734 3696 plenus
2779 3624 2903 3688 ﬁde,
2934 3623 3056 3696 plus
3090 3623 3211 3693 igne
3233 3620 3404 3677 divini

1804 3718 2006 3772 amoris
2042 3718 2229 3781 coluit,
2259 3716 2351 3786 qui
2380 3716 2640 3771 saevitiam
2693 3724 2856 3769 tantae
2884 3712 3271 3786 indignationis
3292 3725 3408 3765 me-

1804 3809 1930 3862 ritis
1957 3807 2163 3863 sanctis
2194 3808 2308 3861 suis
2342 3808 2526 3871 evicit,
2569 3807 2778 3875 expulit
2816 3815 2871 3860 et
2916 3806 3195 3861 exstinxit.
3244 3803 3299 3857 In
3339 3816 3406 3858 eo

1805 3900 1972 3964 enim,
1999 3899 2122 3967 quia
2148 3899 2200 3952 in
2228 3898 2471 3953 silicibus
2487 3898 2607 3968 ejus
2630 3896 2847 3951 fuerunt
2870 3897 3132 3966 impressa
3155 3895 3403 3965 vestigia,

1805 4001 1861 4046 et
1890 3992 2029 4047 beati
2058 3991 2198 4045 Petri
2234 3990 2286 4044 in
2319 3991 2587 4045 elemento
2623 3989 2858 4044 instabili
2891 3990 3035 4044 soliti
3065 4002 3284 4058 gressus
3297 3987 3409 4057 jus-

1805 4084 1955 4138 sione
1989 4082 2202 4161 Domini
2243 4082 2588 4146 exstiterunt,
2624 4081 2750 4135 licet
2801 4080 3018 4137 diverso
3067 4080 3247 4144 modo,
3298 4093 3406 4134 non

1806 4187 1986 4233 tamen
2035 4178 2248 4233 diversa
2299 4175 2403 4232 fide
2449 4190 2514 4230 ac
2539 4175 2736 4247 gratia,
2787 4173 3158 4244 operationem
3203 4170 3407 4227 Christi

1805 4268 2189 4340 conspicimus.
2220 4266 2353 4322 Nam
2388 4277 2445 4323 et
2465 4268 2520 4322 in
2551 4268 2698 4323 veris
2721 4267 2963 4325 historiis
2992 4266 3242 4335 legimus,
3276 4264 3409 4335 quia

1806 4361 1861 4415 in
1893 4371 2081 4416 sancta
2113 4360 2331 4416 civitate
2361 4358 2661 4414 Jerusalem
2701 4366 2949 4414 servatur
2991 4358 3130 4428 lapis
3172 4354 3406 4414 durissi-

1806 4468 1952 4516 mus,
1987 4453 2039 4507 in
2071 4468 2180 4522 quo
2210 4459 2583 4507 monstrantur
2609 4451 2697 4522 pia
2742 4449 3121 4521 Redemptoris
3155 4448 3404 4520 vestigia,

1810 4534 2026 4615 quando
2053 4555 2177 4600 ante
2200 4544 2433 4599 Pilatum
2457 4542 2697 4614 judicent
2727 4543 2898 4608 stetit,
2917 4541 3074 4612 cujus
3093 4542 3242 4597 cordi
3273 4555 3407 4597 saxo

1815 4639 2040 4704 duriori,
2076 4637 2419 4710 exigentibus
2447 4637 2641 4708 culpis,
2674 4637 2789 4708 ejus
2825 4635 2988 4692 verba
3022 4636 3257 4709 imprimi
3305 4649 3406 4692 ne-

1812 4735 2123 4805 quiverunt.

1882 4823 2075 4880 XXIV.
2121 4824 2190 4879 Et
2233 4822 2477 4880 silicibus
2531 4822 2812 4895 impressis
2859 4820 3102 4893 vestigiis
3146 4819 3291 4876 servi
3321 4819 3407 4875 sui

1811 4917 2073 4987 Remigii,
2107 4923 2295 4970 contra
2344 4914 2604 4971 malitiam
2630 4913 2851 4977 diaboli,
2896 4911 3050 4980 cujus
3099 4909 3406 4964 membrum

1813 5011 2017 5065 Pilatus
2036 5010 2265 5075 exstitit,
2291 5009 2598 5079 pugnaturi,
2625 5008 2878 5077 dignatus
2900 5012 2984 5060 est
3008 5004 3404 5070 demonstrare,

1813 5102 1936 5171 quia
1971 5100 2114 5155 dedit
2141 5100 2215 5164 ci,
2253 5100 2397 5155 sicut
2427 5098 2703 5168 discipulis
2742 5096 2856 5152 suis
2882 5096 2934 5149 in
2963 5093 3146 5149 carnis
3165 5108 3396 5163 praesen-

1814 5190 1886 5245 tia
1912 5191 2144 5255 dixerat,
2168 5178 2493 5258 potestatem
2518 5187 2762 5243 calcandi
2791 5198 2954 5253 super
2995 5198 3210 5239 omnem
3243 5181 3409 5238 virtu-

1816 5291 1922 5335 tem
1955 5281 2156 5335 inimici
2187 5279 2337 5352 (Luc.
2372 5276 2453 5350 χ).
2493 5277 2689 5332 Verum
2722 5287 2779 5332 et
2810 5277 2863 5330 in
2909 5276 3011 5331 hoc
3042 5274 3187 5330 facto
3231 5273 3405 5345 gratia

1815 5387 1926 5426 sua:
1957 5370 2211 5441 potentiae
2235 5368 2401 5424 voluit
2430 5367 2827 5432 demonstrare,
2862 5381 3024 5438 quam
3046 5365 3269 5437 pretiosi
3297 5365 3410 5423 sint
3459 5417 3466 5429 ,

1814 5464 1979 5534 pedes
2001 5461 2485 5534 evangelizautinm
2511 5475 2722 5530 pacem,
2756 5456 3242 5530 evangelizantium
3265 5454 3409 5509 bona

1818 5553 1953 5624 (lea.
1978 5557 2099 5620 nu),
2128 5567 2223 5621 per
2252 5567 2409 5620 quem
2443 5548 2723 5605 auferebat
2743 5566 2773 5604 a
2796 5549 2948 5605 duris
2968 5547 3149 5611 corde,
3176 5554 3232 5600 et
3258 5541 3407 5598 abla-

1819 5658 1971 5699 turus
1999 5653 2116 5697 erat
2157 5643 2226 5696 ab
2268 5642 2573 5696 iutidelibus
2618 5640 2845 5697 Francis
2891 5642 3054 5696 corda
3086 5635 3321 5707 lapidea,
3352 5640 3409 5689 et

1818 5737 1983 5790 dabat
2033 5735 2399 5806 pertinacibus
2449 5745 2610 5805 atque
2668 5736 2891 5792 daturus
2926 5742 3044 5791 erat
3098 5730 3407 5787 infidelibus

1818 5825 1985 5889 corda
2016 5826 2218 5899 mollia,
2250 5827 2316 5884 ad
2360 5825 2669 5901 recipienda
2698 5826 2865 5885 divini
2906 5825 3058 5887 verbi
3085 5822 3319 5905 semina,
3348 5825 3411 5887 ut
