4038 6322
148 376 275 439 ιιιβ

1368 357 1525 417 νιτΑ
1565 350 1811 414 SANCTI
1845 353 2126 412 REMIGII.
2215 333 2225 343 “

3267 358 3405 418 1154

144 500 258 562 bet,
298 497 353 549 et
380 489 434 546 in
466 482 728 548 secunda,
760 495 887 567 quae
910 487 995 536 est
1023 477 1268 549 corporis
1292 517 1307 541 ,
1358 474 1588 530 feliciter
1620 487 1710 527 re-
1736 475 1785 534 Α
1818 483 1928 528 tum
1993 473 2170 528 oleum
2236 480 2294 530 et
2370 471 2612 530 chrisma
2673 472 2942 545 quaesivit.
3021 475 3141 546 Qui,
3173 477 3401 550 simplex

145 595 317 659 surget
365 584 417 639 in
458 581 626 635 vitam
661 585 920 633 aeternam
968 589 1068 645 per
1111 571 1350 626 Verbum
1398 569 1495 625 Dei
1547 581 1713 623 carne

142 657 333 736 factum
365 672 564 729 Filium
593 667 831 725 hominis
849 705 865 731 ,
895 667 987 737 qui
1035 671 1360 735 potestatem
1391 659 1601 730 accepit
1625 657 1714 728 ju-

141 771 329 829 dicium
354 765 537 821 facere
569 781 582 817 :
611 758 755 832 quod
778 756 1042 828 judicium
1075 771 1127 810 tn
1171 764 1278 809 une
1322 753 1431 808 erit
1483 749 1665 806 saeculi
1695 766 1710 805 :

136 874 188 921 et
213 861 284 918 ibi
323 874 431 915 non
458 855 567 913 erit
592 851 923 911 resurrectio
944 849 1271 913 animarum,
1290 846 1383 902 sed
1401 857 1712 915 corporum.

134 957 387 1012 Petamus
415 949 584 1021 igitur
610 945 776 1002 corde
805 941 1071 1008 contrito,
1102 954 1226 995 cum
1252 935 1528 1009 lacrymis,
1557 932 1717 990 bonis

132 1045 382 1118 operibus
417 1037 866 1111 suﬁ'ragautibus,
905 1049 1004 1105 per
1053 1030 1213 1102 hujus
1268 1028 1479 1101 patroni
1539 1026 1715 1083 nostri

132 1140 577 1201 intercessionem
620 1150 722 1191 nos
755 1130 1069 1189 resuscitari
1118 1143 1148 1183 a
1195 1134 1371 1183 morte
1412 1123 1609 1179 animal
1660 1123 1716 1177 in

130 1232 377 1306 praesenti
396 1231 533 1295 vita,
558 1234 619 1282 nt
636 1226 885 1281 vivamus
903 1223 958 1278 in
978 1221 1196 1278 Christo
1218 1237 1234 1274 :
1259 1226 1314 1273 et
1335 1208 1405 1272 ut
1422 1228 1716 1286 resurgen-

130 1335 210 1380 tes
235 1334 475 1391 corpore.
499 1318 555 1374 in
587 1317 694 1374 ﬁne
722 1312 927 1379 saeculi,
957 1309 1290 1368 mternaliter
1322 1308 1565 1361 vivamus
1593 1319 1719 1361 cum

127 1416 368 1474 Christo:
391 1408 681 1469 credentes
722 1407 958 1464 ﬁrmiter
977 1420 1079 1462 nos
1101 1418 1197 1474 per
1221 1400 1339 1470 ejus
1370 1398 1717 1456 intercessio-

125 1523 243 1564 nem
257 1509 364 1563 hoc
384 1503 529 1575 apud
546 1501 758 1557 Domini
775 1496 1206 1555 misericordiam
1219 1490 1452 1548 obtineri
1469 1503 1648 1563 posse,
1673 1488 1720 1545 si

125 1600 354 1669 fideliter
366 1596 722 1669 petierimus:
746 1591 907 1661 quiin
934 1588 1219 1645 curatione
1231 1584 1383 1655 prius
1404 1600 1435 1639 a
1449 1584 1718 1645 daemone,

122 1705 175 1747 et
212 1699 338 1762 post
383 1691 438 1745 in
489 1685 891 1743 resurrectione
932 1680 1181 1752 corporis
1219 1694 1249 1733 a
1280 1684 1455 1733 morte
1483 1676 1721 1747 praefatae

121 1782 330 1854 puellae,
353 1778 727 1836 certissimum
744 1776 938 1846 pignus
953 1774 1020 1829 de
1034 1770 1246 1827 meritis
1258 1769 1375 1840 ejus
1387 1767 1717 1836 accepimus.

193 1913 411 1971 XXVII.
451 1910 764 1967 Habeamus
792 1908 962 1965 seduli
991 1916 1119 1962 ante
1156 1907 1356 1963 mentis
1396 1904 1583 1961 oculos
1624 1905 1725 1975 bo—p

122 2024 232 2061 ram
265 2006 453 2061 exitus
484 2002 656 2058 nostri
701 2000 769 2057 de
811 2014 1073 2071 corpore;
1102 1997 1500 2070 praeveniamus
1524 1996 1720 2051 faciem

118 2098 333 2153 Domini
388 2098 446 2151 in
507 2092 850 2151 confessione
903 2099 1248 2162 peccatorum
1313 2097 1625 2144 nostrorum
1665 2094 1723 2143 et

117 2191 378 2266 lacrymis
405 2206 471 2247 ac
499 2190 658 2246 bonis
683 2188 939 2261 operibus
968 2203 982 2242 :
1026 2186 1368 2258 indulgentes
1406 2185 1491 2240 his
1524 2184 1616 2254 qui
1663 2183 1718 2240 in

116 2300 210 2341 nos
259 2291 659 2355 peccaverunt,
696 2290 758 2336 ut
804 2278 1196 2353 indulgentiam
1226 2286 1577 2351 peccatorum
1614 2292 1716 2332 no-

115 2362 357 2433 strorum
400 2374 653 2432 obtinere
702 2373 976 2445 possimus
1023 2372 1162 2441 apud
1235 2368 1454 2425 Domini
1509 2366 1716 2423 miseri-

115 2470 361 2526 cordiam
399 2483 415 2523 :
448 2476 503 2524 et
529 2482 637 2523 non
665 2466 1005 2539 negliganqu
1049 2465 1188 2520 bona
1234 2479 1355 2535 quae
1382 2478 1524 2518 nunc
1558 2476 1720 2535 agere

113 2562 442 2634 poterimus.
474 2558 581 2616 Sed
610 2574 709 2630 pro
738 2559 825 2614 his
873 2574 995 2629 quae
1024 2558 1079 2612 in
1112 2558 1215 2612 isto
1257 2556 1455 2613 saeculo
1484 2555 1716 2626 egimus,

111 2655 451 2727 condignam
483 2651 983 2708 remunerationem
1030 2649 1082 2704 in
1114 2648 1206 2704 illo
1235 2648 1436 2703 saeculo
1487 2645 1720 2716 accipie-

112 2762 232 2804 mus
270 2747 345 2802 ab
385 2761 455 2802 eo
516 2744 643 2816 qui,
687 2751 748 2799 ιιι
790 2745 1049 2813 scriptum
1091 2749 1194 2806 est,
1227 2740 1405 2794 reddet
1433 2737 1715 2809 unicuique

109 2840 411 2895 secundum
460 2852 619 2908 opera
658 2851 757 2890 sua
789 2834 967 2906 (Rom.
1021 2832 1144 2905 xn).
1182 2830 1316 2885 Nam
1351 2839 1408 2885 ut
1438 2838 1719 2885 taceamus

107 2930 170 2987 de
196 2925 511 3003 apostolis,
554 2925 920 2998 martyribus,
950 2922 1382 2986 confessoribus,
1419 2929 1475 2976 et
1502 2919 1716 2975 caeteris

106 3003 374 3079 arcfioris
426 3029 485 3076 et
535 3018 880 3092 perfectioris
915 3017 1040 3072 vitae
1072 3015 1222 3079 viris,
1276 3014 1364 3084 qui
1423 3028 1547 3067 mox
1600 3026 1717 3066 cor-

108 3115 375 3185 ruptione
406 3111 592 3168 carnis
615 3109 802 3177 soluti,
832 3109 1001 3165 etelos
1027 3115 1344 3179 penetrant,
1373 3113 1428 3160 et
1452 3119 1611 3175 quem
1664 3104 1718 3158 in

1814 561 1991 618 oleum
2066 578 2126 619 se
2176 564 2378 621 habere
2409 606 2422 627 ,
2482 563 2592 620 sed
2666 566 2843 621 oleum
2906 569 3275 625 exorcizatum
3344 579 3403 627 et

1815 654 2054 712 chrisma
2121 655 2177 709 in
2260 656 2548 729 ampullis,
2619 658 2671 714 in
2738 659 2934 730 quibus
3000 660 3219 730 fuerat,
3286 663 3401 732 jam

1814 747 2032 820 penitus
2075 747 2339 805 defecisse
2389 750 2669 821 respondit
2714 769 2729 807 :
2781 752 3015 809 Sanctus
3066 763 3247 811 autem
3298 755 3404 811 Rc-

1815 841 2013 912 migius
2079 840 2227 911 ipsas
2289 842 2555 912 ampullas
2634 844 2737 900 sibi
2817 845 3001 909 aﬁerri
3075 847 3398 918 pnccepit:

1815 949 1954 1005 quas
1984 949 2183 991 vacuas
2227 950 2392 1006 super
2432 936 2607 993 altare
2634 938 2806 1004 misit,
2832 948 2890 994 et
2913 954 2972 995 se
3005 940 3060 995 in
3099 941 3401 996 orationem

1816 1026 2130 1097 prostravit.
2173 1025 2419 1099 Surgens
2450 1036 2630 1083 autem
2683 1030 2751 1085 ab
2787 1032 3037 1087 oratione
3074 1031 3401 1102 ampullam,

1818 1117 1875 1173 in
1899 1132 2004 1188 qua
2030 1118 2210 1174 brevis
2235 1117 2539 1174 habebatur
2577 1118 2681 1173 olei
2704 1122 3001 1177 exorcizati
3029 1162 3044 1187 ,
3092 1132 3145 1177 et
3176 1123 3403 1179 alteram

1819 1209 2140 1281 ampullam,
2174 1212 2231 1264 in
2278 1224 2390 1280 qua
2418 1208 2603 1265 brevis
2646 1211 3026 1266 continebatur
3074 1214 3214 1269 sacri
3261 1215 3408 1269 chri-

1821 1303 2029 1370 smatis,
2064 1302 2256 1373 plenas
2283 1302 2511 1358 invenit.
2557 1301 2758 1372 Sicque
2803 1301 3078 1358 inﬁrmum
3105 1344 3120 1368 ,
3152 1305 3244 1375 qui
3281 1316 3409 1361 ante

1823 1393 2322 1457 abrenuntiaverat,
2352 1400 2475 1463 post
2508 1391 3044 1449 abrenuntiationem
3089 1394 3209 1449 oleo
3251 1410 3411 1450 exor-

1822 1487 1998 1544 cizato
2027 1485 2283 1556 perunxit
2316 1503 2330 1539 :
2367 1485 2695 1557 demumque
2722 1484 3080 1556 baptizatum,
3112 1488 3409 1545 secundum

1823 1581 2170 1637 traditionem
2200 1578 2654 1646 ecclesiasticam,
2700 1580 2999 1635 chrismate
3023 1594 3182 1636 sacro
3206 1580 3405 1635 linivit.

1824 1671 1927 1740 Qui
1957 1688 2084 1728 mox
2130 1672 2328 1727 animae
2380 1671 2615 1726 sanitate
2661 1681 2902 1741 recepta,
2950 1671 3115 1725 etiam
3167 1672 3412 1740 corporis

1825 1765 2254 1822 incolumitatem
2277 1764 2600 1835 promeruit.
2625 1763 2820 1831 Quem,
2849 1763 3048 1818 fratres
3074 1760 3407 1827 charissimi,

1750 1837 1799 1899 Β
1825 1873 1986 1931 quem
2011 1859 2279 1914 imitatum
2318 1866 2482 1930 atque
2511 1868 2756 1914 secutum
2784 1858 2839 1913 in
2868 1858 2972 1913 hoc
2992 1855 3259 1912 miraculo
3284 1856 3413 1911 beas

1826 1959 1937 2006 tum
1986 1951 2293 2022 Remigium
2334 1950 2597 2006 debemus
2634 1952 2937 2012 advertere,
2986 1948 3090 2004 nisi
3136 1963 3283 2012 eum,
3312 1946 3409 2017 qui

1823 2044 1877 2098 in
1908 2042 2112 2112 nuptiis
2137 2082 2154 2107 ,
2202 2043 2270 2097 ad
2314 2057 2453 2113 quas
2493 2042 2681 2097 venire
2708 2083 2722 2107 ,
2773 2049 2829 2097 et
2870 2056 2964 2095 eas
2993 2056 3089 2095 sua
3121 2038 3413 2109 praesentia

1823 2134 2077 2205 dignatus
2102 2141 2187 2188 est
2205 2132 2537 2203 signiﬁcare,
2562 2132 2790 2204 hydrias
2812 2146 3011 2187 vacuas
3032 2146 3174 2202 aqua
3197 2128 3412 2200 impleri

1820 2227 2119 2298 praecepit,
2168 2235 2223 2282 et
2267 2226 2512 2281 eamdem
2559 2240 2756 2294 aquam
2805 2234 2939 2278 nutu
2988 2237 3088 2277 suo
3128 2222 3181 2276 in
3224 2220 3414 2277 vinum

1822 2317 2127 2375 convertit?
2183 2315 2368 2388 (Joan.
2411 2315 2497 2385 ιι.)
2543 2314 2611 2370 Ει
2655 2314 2873 2385 quidem
2932 2312 3194 2367 Dominus
3233 2311 3413 2383 potuit

1823 2407 2050 2479 implere
2107 2421 2308 2461 vacuas
2344 2405 2565 2477 hydrias
2592 2406 2717 2460 vino
2740 2445 2754 2470 ,
2786 2403 2879 2474 qui
2912 2403 2965 2458 in
3000 2402 3225 2459 exordio
3251 2417 3412 2459 mun-

1820 2498 1976 2554 danae
1995 2497 2291 2553 ereationis
2312 2505 2505 2551 cuncta
2525 2495 2730 2550 creavit
2754 2509 2822 2550 ex
2843 2492 3014 2550 nihilo
3050 2511 3064 2548 :
3099 2494 3194 2549 sed
3221 2492 3414 2549 maluit

1819 2590 1888 2645 de
1926 2603 2066 2658 aqua
2101 2587 2326 2658 hydrias
2373 2586 2606 2656 impleri,
2665 2593 2721 2641 et
2759 2585 2828 2641 de
2866 2586 2977 2656 ipsa
3032 2599 3172 2655 aqua
3229 2583 3414 2642 facere

1820 2682 2007 2739 vinum
2038 2699 2051 2736 :
2077 2692 2139 2737 ut
2174 2681 2549 2736 ministrorum
2578 2678 2841 2751 obsequio
2886 2678 3094 2750 hydria:
3130 2694 3272 2750 aqua
3321 2694 3412 2736 re-

1819 2772 2119 2844 plerentur,
2143 2780 2200 2827 et
2228 2770 2624 2827 benedictionis
2647 2785 2758 2825 suae
2784 2777 2917 2824 nutu
2943 2783 3084 2839 aqua
3110 2776 3414 2825 verteretur

1822 2866 1874 2920 in
1907 2865 2135 2921 vinum:
2168 2872 2228 2919 ut
2250 2871 2501 2934 patenter
2530 2862 2864 2927 ostenderet,
2905 2862 3033 2932 quia
3063 2861 3206 2927 sicut
3226 2844 3423 2918 omnia.

1819 2959 1948 3017 fecit
1987 2974 2053 3015 ex
2084 2959 2273 3024 nihilo,
2317 2958 2391 3014 ita
2421 2968 2480 3015 et
2518 2966 2742 3014 naturas
2770 2972 2955 3014 rerum
2984 2954 3415 3013 sanctiﬁcatione

1820 3066 1917 3108 sua
1941 3058 2135 3115 mutat,
2165 3059 2225 3104 ιιι
2247 3051 2363 3121 ipse
2381 3049 2544 3105 volet.
2589 3049 2657 3104 Et
2680 3049 2873 3105 beatus
2912 3047 3190 3119 Remigius
3217 3061 3411 3104 servus

1822 3156 1878 3202 et
1920 3146 2128 3201 amicus
2182 3145 2365 3216 sponsi
2400 3144 2676 3209 Ecclesiae,
2727 3144 3036 3200 credentem
3089 3157 3190 3214 per
3232 3142 3415 3203 divina

237 3218 560 3311 ςοεεονεῖτε
585 3216 750 3311 ac?
774 3200 1058 3307 πξοτιειιοιη
1079 3197 1227 3311 ’.έξιηι
1263 3197 1315 3251 in
1584 3195 1717 3250 ιιίνί-
1746 3215 1792 3277 c
1826 3195 2365 3311 ;..,;.;.';;;..;;i;.;;
2399 3195 3178 3307 summersigans
3217 3195 3415 3293 alia:

106 3297 300 3354 uitatis
333 3295 496 3353 Patri
519 3303 575 3351 et
603 3294 831 3367 Spiritui
854 3304 1043 3350 sancto
1066 3292 1253 3347 videre
1281 3300 1509 3362 possunt
1539 3305 1719 3360 requa-

105 3387 245 3455 lcm;
303 3403 548 3461 quorum
600 3402 741 3441 unus
794 3384 1151 3442 certaminum
1203 3398 1422 3439 suorum
1472 3380 1721 3436 conscius

107 3493 212 3534 non
254 3476 546 3535 dubitavit
588 3476 655 3532 de
685 3475 866 3547 seipse
896 3474 1085 3531 testari
1122 3492 1135 3528 :
1169 3472 1336 3543 Cupio
1384 3470 1631 3538 dissolvi,
1670 3481 1719 3526 et

106 3585 215 3624 esse
243 3585 371 3624 cum
402 3565 619 3622 Christo
647 3565 872 3637 (Philip.
900 3564 1018 3638 vin)
1045 3582 1059 3620 :
1092 3573 1218 3620 sunt
1244 3563 1428 3636 plures
1452 3564 1505 3618 in
1528 3563 1718 3620 Eccle-

108 3661 186 3717 sia
213 3660 382 3731 justi,
437 3659 531 3729 qui
561 3668 686 3730 post
718 3659 901 3713 carnis
942 3658 1265 3714 solutionem
1292 3699 1307 3724 ,
1357 3659 1615 3714 continuo
1663 3659 1720 3715 in

107 3752 262 3810 beata
319 3749 573 3824 paradisi
616 3750 803 3819 requie
834 3749 1220 3820 suscipiuntur,
1255 3757 1636 3819 exspectantes
1664 3749 1721 3804 in

106 3862 308 3920 magno
362 3842 593 3918 gaudio,
644 3842 698 3897 in
750 3842 961 3913 magnis
992 3840 1447 3910 congaudentium
1497 3840 1716 3907 choris,

108 3941 332 4009 quando
367 3941 598 4006 recepto
620 3947 852 4004 corpore
896 3931 1118 3986 veniant
1159 3937 1215 3985 et
1250 3937 1548 4002 appareant
1595 3938 1721 3987 ante

110 4031 311 4089 faciem
344 4029 479 4086 Dei.
529 4024 601 4081 At
628 4040 760 4081 vero
812 4024 1053 4079 nonnulli
1084 4032 1306 4094 propter
1332 4024 1474 4080 bona
1501 4023 1719 4094 quidem

98 4139 302 4194 opera,
324 4123 397 4178 ad
426 4120 728 4177 electorum
760 4126 962 4173 sortem
986 4116 1355 4187 praeordinati,
1382 4117 1473 4173 sed
1500 4127 1722 4188 propter

105 4217 292 4287 aliqua
330 4211 521 4277 mala,
558 4210 757 4282 quibus
800 4208 990 4281 polluti
1036 4208 1101 4264 de
1155 4224 1386 4279 corpore
1427 4209 1717 4277 exierunt,

104 4318 228 4379 post
267 4315 547 4371 mortem,
600 4319 789 4360 severe
822 4302 1149 4373 castigandi,
1179 4303 1530 4372 excipiuntur
1569 4299 1721 4356 llam-

104 4399 208 4456 mis
237 4399 390 4471 ignis
442 4394 790 4469 purgatorii;
837 4403 893 4450 et
921 4393 1003 4463 vel
1037 4407 1213 4464 usque
1255 4393 1322 4447 ad
1343 4393 1485 4448 diem
1504 4392 1716 4464 judicii,

104 4488 265 4561 longa
298 4488 480 4561 hujus
508 4484 935 4550 examinatione,
966 4499 997 4539 a
1040 4483 1295 4540 vitiorum
1352 4482 1512 4540 sorde
1560 4500 1721 4539 mun-

103 4581 305 4637 dantur
334 4596 352 4637 :
386 4577 483 4636 vel
510 4585 659 4633 certe
679 4575 830 4646 prius
855 4576 1155 4631 amicorum
1180 4572 1419 4630 ﬁdelium
1442 4576 1715 4646 precibus,
1744 4583 1799 4647 Ῑ)

102 4672 508 4744 eleemosynis,
528 4665 1002 4741 jejuniis,tletibus
1014 4676 1067 4721 et
1084 4666 1273 4721 hostia:
1295 4666 1464 4721 saluta
1474 4667 1548 4722 ris
1569 4667 1719 4723 obla-

104 4765 345 4823 tionibus
360 4761 608 4819 absoluti
621 4760 818 4832 paznis,
838 4767 892 4814 et
906 4758 1008 4828 ipsi
1020 4757 1087 4811 ad
1101 4758 1382 4811 beatorum
1398 4759 1720 4827 perveniunt

100 4858 375 4929 requiem.
404 4853 571 4912 Unde
591 4850 929 4923 pensandum
955 4856 1057 4913 est,
1081 4849 1223 4919 quod
1251 4848 1419 4902 tutior
1440 4851 1526 4903 via
1549 4850 1639 4916 sit,
1661 4858 1720 4906 ut

100 4951 311 5008 bonum
328 4947 486 5021 quod
513 4945 744 5016 quisque
764 4950 887 5016 post
900 4949 1133 4997 mortem
1149 4954 1301 4996 suam
1323 4949 1502 5010 sperat
1517 4942 1599 5012 agi
1622 4957 1720 5012 per

100 5045 259 5111 alios,
287 5050 450 5115 agat,
484 5038 614 5094 dum
639 5036 795 5104 vivit,
827 5036 942 5107 ipse
969 5050 1066 5106 per
1091 5050 1169 5091 se.
1187 5036 1403 5091 Beatius
1422 5036 1714 5107 quippeest

102 5135 343 5193 liberum
370 5132 553 5195 exire,
574 5143 735 5199 quam
757 5137 882 5198 post
901 5125 1114 5183 vincula
1128 5126 1431 5183 libertatem
1447 5141 1710 5197 quaerere.

169 5267 426 5325 XXVIII.
489 5262 757 5331 Denique,
803 5276 926 5317 cum
951 5261 1173 5331 quidam
1210 5268 1444 5333 agrotus
1495 5259 1714 5316 familiae

99 5379 210 5420 non
244 5357 540 5435 ignobilis,
566 5354 796 5433 necdum
823 5353 1149 5423 baptizatus,
1180 5368 1239 5408 se
1264 5367 1294 5406 a
1318 5338 1509 5408 sancto
1527 5359 1715 5421 postu-

101 5454 242 5509 laret
292 5446 564 5519 Remigio
607 5444 842 5511 visitari,
886 5452 942 5500 et
976 5444 1088 5515 jam
1119 5443 1267 5501 velut
1292 5444 1345 5499 in
1376 5443 1568 5499 ultimo
1605 5444 1714 5514 spi-

103 5545 207 5601 ritu
246 5541 499 5618 potitus,
530 5537 755 5595 credere
782 5551 841 5592 se
872 5535 1156 5602 fateretur,
1194 5545 1251 5592 et
1298 5536 1563 5607 baptizari
1617 5535 1712 5590 de-

99 5644 389 5709 posceret,
420 5639 629 5703 aegroto
656 5629 1100 5695 abrenuntiantc,
1136 5637 1191 5684 et
1218 5628 1505 5683 benedicta
1538 5626 1709 5694 fonte,

102 5735 342 5783 sanctus
406 5721 694 5793 Remigius
733 5737 762 5776 a
790 5722 1109 5792 presbytero
1137 5720 1237 5775 loci
1266 5719 1408 5774 illius
1452 5720 1707 5775 cxorciza

167 5851 192 5879 τι
231 5838 378 5894 Vide
409 5833 512 5889 lib.
541 5850 559 5891 ι
588 5832 739 5889 Pauli
761 5830 969 5889 IEmilii
994 5834 1063 5894 de
1084 5831 1264 5891 Gestis
1293 5831 1647 5891 Francorum.

1824 3331 1985 3386 nibus
2009 3338 2223 3402 poterat
2245 3328 2477 3401 simplex
2511 3329 2690 3385 oleum
2720 3328 3051 3393 exercizare,
3080 3335 3138 3383 et
3164 3334 3414 3384 sanctum

1822 3421 2095 3487 Chrisma,
2127 3421 2268 3477 sicut
2320 3430 2377 3477 et
2426 3420 2634 3477 fontem
2662 3433 2884 3476 sacrare
2913 3435 2927 3473 :
2960 3416 3055 3474 sed
3084 3416 3304 3484 maluit,
3351 3425 3417 3474 ut

1822 3514 2084 3571 Dominus
2108 3512 2421 3584 singulatim
2451 3512 2519 3567 de
2545 3511 2904 3567 sacramentis
2924 3508 3278 3566 sanctiﬁcatis
3297 3522 3415 3564 am-

1823 3607 2016 3678 pullas,
2057 3608 2113 3663 in
2152 3606 2350 3676 quibus
2377 3604 2611 3669 fuerant,
2650 3599 3046 3658 benedictionis
3078 3615 3190 3656 sure
3219 3608 3413 3671 poten—

1824 3700 1955 3755 tiam
1976 3697 2266 3770 frepleret,
2309 3705 2364 3753 et
2402 3711 2463 3752 se
2500 3694 2717 3750 ﬁdelem
2758 3694 2812 3749 in
2839 3693 3019 3749 verbis
3050 3693 3185 3759 suis,
3218 3692 3415 3763 quibus

1822 3790 2035 3845 dixerat
2072 3807 2086 3842 :
2131 3787 2344 3858 Siquid
2386 3787 2637 3857 petieritis
2670 3783 2884 3839 Patrem
2915 3785 2971 3839 in
3016 3784 3222 3839 nomine
3274 3800 3411 3849 meo,

1821 3879 1967 3934 dabit
2021 3879 2163 3933 vobis
2216 3877 2398 3948 (Joan.
2447 3876 2585 3947 xvr),
2642 3874 2711 3929 ad
2765 3872 3196 3928 conﬁrmandam
3252 3873 3412 3928 ﬁdem

1823 3970 2082 4042 neophyti
2120 3967 2392 4025 credentis
2418 3965 2681 4036 obsequio
2710 3964 2896 4019 famuli
2929 3964 3036 4029 sui,
3071 3964 3406 4020 ostenderet.

1821 4062 2040 4120 Certtun
2065 4072 2170 4127 est,
2199 4060 2457 4131 quoniam
2482 4058 2575 4129 qui
2602 4057 2905 4113 in‘exordio~
2925 4055 3236 4123 ereationis,
3257 4070 3411 4111 crea-

1824 4155 1961 4210 turis
2007 4153 2249 4226 singulis.
2275 4151 2576 4216 benedixit,
2607 4159 2664 4206 et
2691 4163 2785 4205 cas
2828 4163 3043 4219 semper
3088 4149 3201 4219 ipsa
3239 4147 3407 4203 bene-

1822 4249 2061 4304 dictione
2106 4248 2163 4302 in
2213 4261 2343 4303 usus
2370 4245 2652 4302 hominum
2678 4259 2950 4310 crescere,
2978 4254 3033 4299 et
3061 4244 3411 4317 multiplicari

1822 4341 1980 4407 fecit;
2026 4350 2081 4395 et
2124 4340 2191 4397 de
2219 4338 2490 4395 creaturis
2514 4338 2673 4409 panis
2699 4346 2756 4393 et
2786 4330 2898 4392 vini
2930 4352 3068 4407 aqua
3099 4336 3263 4406 misti,
3314 4336 3411 4392 sed

1822 4440 1877 4490 et
1900 4433 2027 4498 olei,
2059 4431 2359 4488 secundum
2398 4444 2554 4485 suam
2595 4428 2971 4495 traditionem,
3001 4429 3070 4485 ad
3108 4430 3409 4487 invocatio-

1820 4538 1947 4579 nem
1999 4520 2298 4577 sacerdotis
2347 4534 2565 4590 semper
2606 4520 2748 4576 bona
2778 4529 2928 4576 creat
2958 4534 2973 4574 :
3002 4534 3110 4576 non
3137 4518 3406 4586 faciendo,

1822 4614 1966 4686 quod
1999 4614 2112 4685 jam
2138 4621 2325 4679 erant;
2373 4612 2467 4669 sed
2493 4621 2839 4669 sacrosancta
2879 4616 3134 4686 mysteria
3164 4615 3411 4673 faciendo

1822 4707 2059 4762 existere
2083 4746 2098 4773 ,
2147 4704 2290 4775 quod
2324 4705 2563 4760 nondum
2596 4713 2753 4761 erant
2778 4746 2794 4772 ,
2831 4720 3028 4776 corpus
3067 4706 3317 4763 videlicet
3353 4715 3411 4764 et

1823 4800 2144 4871 sanguinem
2174 4813 2332 4874 suum
2370 4806 2426 4852 et
2466 4798 2707 4853 chrisma
2752 4797 2942 4853 salutis
2972 4808 3189 4853 aeternae
3218 4816 3231 4852 :
3264 4798 3408 4853 idem

1823 4892 2091 4965 ampullas
2118 4891 2359 4963 singulas
2385 4892 2506 4947 oleo
2546 4892 2801 4962 replevit,
2832 4898 2889 4946 et
2912 4892 2982 4947 ad
3011 4890 3409 4948 invocationem

1822 4986 2123 5042 sacerdotis
2164 4984 2271 5050 sui,
2328 4983 2775 5041 sanctiﬁcationis
2811 4981 3246 5039 benedictionem
3289 4981 3406 5038 sin-

1820 5079 2045 5152 gulatim
2078 5076 2291 5134 infudit.
2436 5086 2443 5091 "

1892 5168 2086 5225 XXIX.
2126 5169 2260 5226 Cum
2286 5169 2466 5240 gentis
2493 5167 2852 5232 Francorum,
2896 5173 2960 5221 ut
3006 5165 3250 5222 historia:
3274 5164 3429 5237 prof

1820 5263 1956 5321 dunt
1985 5277 2010 5305 ι
2035 5304 2051 5329 ,
2083 5264 2150 5320 de
2176 5261 2339 5318 Troia
2375 5261 2597 5317 civitate
2618 5301 2633 5323 ,
2672 5258 3114 5331 impugnantibus
3150 5268 3205 5315 et
3232 5275 3403 5332 expu-

1821 5356 2110 5428 gnantibus
2153 5354 2379 5419 Graecis,
2410 5369 2538 5425 pars
2566 5367 2688 5407 cum
2726 5349 2901 5407 Ainea
2947 5352 3002 5406 in
3021 5350 3229 5407 Italiam
3275 5365 3400 5423 per-

1820 5450 2001 5515 rexit;
2059 5465 2185 5520 pars
2236 5463 2426 5503 eorum
2483 5446 2757 5511 videlicet,
2808 5446 3092 5503 duodecim
3141 5446 3308 5502 millia
3348 5446 3406 5503 in

1820 5541 2080 5596 ﬁnitimas
2111 5539 2403 5595 Pannoniae
2449 5546 2633 5611 partes
2668 5553 2824 5595 secus
2862 5537 3140 5595 Mmotides
3180 5537 3407 5611 paludes

1815 5640 2218 5707 pervenerunt,
2270 5632 2452 5702 ibique
2481 5631 2758 5687 civitatem
2787 5631 3145 5687 advenientes
3169 5629 3407 5687 adiﬁca-

1812 5735 2039 5794 verunt,
2086 5739 2249 5795 quam
2284 5724 2355 5780 ob
2382 5738 2540 5781 suam
2570 5723 2892 5783 memoriam
2922 5721 3286 5789 Sicambriam
3304 5738 3405 5782 vo-
