4038 6322
612 353 753 413 H53

1422 346 1750 403 HINGMARI
1790 343 2004 401 RHEM.
2048 342 2367 400 ARCHIEP.
2412 340 2778 400 OPUSCULA
2819 342 3050 400 VARIA.

3756 347 3892 409 i156

584 479 874 531 ~cavcrum
902 485 918 525 :
952 468 1007 525 in
1054 480 1160 539 qua
1190 464 1373 521 multis
1402 465 1558 519 annis
1588 463 1989 527 habitaverunt,
2047 473 2101 517 et
2143 463 2196 517 in
2227 467 2277 524 Α
2375 460 2565 516 XXXI.
2598 460 2909 517 Transitum
2952 473 3134 520 autem
3164 479 3262 522 rex
3287 462 3895 528 faciensmeivita-

612 576 827 642 gentem
858 578 1108 636 magnam
1142 576 1308 629 usque
1334 558 1400 613 ad
1433 569 1672 628 tempora
1700 557 2064 613 Valentiniani
2099 557 2200 611 im-

610 659 885 732 peratoris
917 662 1227 710 creverunt.
1263 653 1330 706 Et
1361 652 1431 705 ita
1462 651 1562 706 sub
1594 651 1931 720 principibus
1964 650 2195 716 crinitis,

609 752 761 823 juxta
792 766 994 806 morem
1026 747 1205 818 gentis
1227 745 1452 800 subinde
1473 745 1903 804 succedentibus,
1930 760 2028 821 per
2054 744 2202 799 Thu-

615 846 845 916 riugiam
878 841 1151 911 regionem
1177 837 1483 893 Germanize
1515 853 1545 891 a
1580 837 1801 892 castello
1832 837 2116 907 Dispargo,
2143 836 2197 891 iu

614 948 721 1004 quo
749 934 838 988 diu
868 931 1271 994 habitaverunt,
1299 929 1367 982 ad
1400 928 1627 1000 Belgica:
1668 927 1961 997 provincia:
1989 926 2198 982 Torna—

613 1042 736 1084 cuni
786 1032 953 1093 atque
1011 1021 1367 1077 Cameracum
1432 1020 1681 1073 civitates
1745 1019 1986 1088 aggressi
2051 1026 2198 1072 sunt.

610 1118 847 1189 Ideoque
873 1117 939 1171 ad
971 1129 1243 1171 summum
1288 1111 1511 1165 ﬂuvium
1550 1120 1758 1181 partem
1797 1109 2027 1179 Belgica:
2074 1124 2202 1179 pro-

613 1209 807 1264 vinciae
832 1213 1254 1277 occupaverunt,
1298 1202 1386 1258 ubi
1424 1201 1673 1272 plurimis
1725 1199 2059 1269 temporibus
2107 1199 2203 1253 de-

614 1307 829 1370 gerunt,
866 1296 968 1352 sub
1004 1294 1275 1350 Clodoveo
1298 1302 1353 1348 et
1378 1293 1632 1347 Meioveo
1658 1306 1784 1362 rege
1821 1290 1962 1355 utili,
1985 1307 2014 1344 a
2046 1288 2201 1358 cujus

615 1391 836 1446 nomine
870 1389 1246 1453 celeberrimo,
1276 1386 1471 1441 Franci
1502 1385 1678 1440 vocati
1706 1395 1833 1441 sunt-
1861 1383 2158 1456 Μενονίηεί
2183 1401 2200 1440 :

614 1489 754 1544 sicut
777 1502 808 1542 a
843 1485 1218 1541 Valentiniano
1244 1483 1573 1553 imperatore
1607 1481 1787 1535 Attica
1816 1479 2000 1549 lingua
2022 1480 2205 1535 vocati

614 1587 741 1634 sunt
762 1577 985 1643 Franci,
1008 1576 1112 1632 hoc
1137 1582 1223 1629 est
1248 1572 1476 1629 feroces.
1514 1571 1612 1627 Cui
1640 1571 1888 1626 Meroveo
1910 1571 1965 1625 in
1993 1571 2190 1642 princi-

610 1679 793 1747 patum
836 1670 1100 1727 successit
1138 1666 1511 1732 Cliildcricus,
1556 1666 1649 1736 qui
1701 1666 1768 1721 de
1814 1665 2006 1720 Basina
2062 1666 2197 1737 [at.,

609 1760 845 1836 Bissma]
875 1762 1062 1833 regina
1109 1760 1511 1829 Thuringorum
1556 1759 1746 1814 habuit
1789 1756 1959 1813 filium
2003 1758 2199 1814 Clodo-

2306 564 2413 607 tem
2443 553 2776 609 Rhemorum
2804 569 2901 625 per
2923 555 3088 621 viam,
3119 572 3241 628 qua:
3262 574 3435 631 usque
3460 561 3648 627 hodie,
3678 575 3897 635 propter

2302 642 2662 700 Barbarorum
2701 660 2797 715 per
2843 660 2965 702 eam
3005 647 3128 714 iter,
3179 647 3475 707 Barbarica
3508 666 3896 723 nuncupatur:

2301 737 2476 791 noluit
2511 738 2758 793 eamdem
2811 739 3091 796 civitatem
3134 741 3397 809 introire,
3445 759 3515 800 ne
3546 745 3625 801 ab
3654 748 3895 803 exenia

2302 841 2402 884 suo
2435 826 2653 897 aliquod
2694 827 2898 883 malum
2932 829 3007 885 ibi
3037 829 3213 886 fieret.
3245 830 3377 889 Siue
3405 833 3692 893 voluntate
3716 848 3895 894 autem

2303 928 2359 975 et
2387 920 2720 979 conscientia
2775 922 2968 992 ipsius,
3015 938 3144 994 pars
3187 927 3435 993 (praedam
3460 927 3897 999 ind'ucipiinto-

2305 1027 2447 1079 rum,
2476 1014 2731 1084 quoniam
2762 1029 2873 1071 non
2902 1018 3021 1071 erat
3045 1025 3288 1086 potestas
3336 1022 3657 1091 temporalis

2305 1110 2534 1165 tantium
2554 1150 2569 1175 ,
2622 1125 2746 1180 qum
2769 1110 2851 1166 eis
2880 1113 3194 1177 resisteret,
3230 1114 3478 1172 eamdem
3505 1117 3793 1175 civitatem
3822 1119 3893 1173 inv

2307 1203 2492 1268 travit,
2521 1210 2578 1258 et
2602 1204 2849 1273 quaedam
2886 1216 3210 1262 ornamenta
3240 1216 3403 1278 atque
3424 1225 3557 1267 vasa
3587 1227 3755 1268 sacra
3782 1214 3899 1269 inde

2304 1295 2597 1364 rapientes,
2645 1305 2705 1352 ut
2744 1298 3030 1368 praedones
3049 1299 3250 1366 solent,
3283 1312 3731 1372 asportavenmt.
3762 1306 3899 1363 later

2304 1401 2426 1455 qua:
2450 1379 2671 1443 urceum
2703 1390 2857 1444 mira:
2874 1391 3268 1461 maguitudinis
3287 1400 3452 1465 atque
3474 1396 3897 1465 pulchr-im

2305 1479 2583 1548 rapientes
2605 1479 2863 1536 tulerunt.
2896 1482 3128 1539 Sanctus
3167 1495 3351 1542 autem
3379 1486 3663 1559 Remigius
3706 1492 3901 1548 animos

2304 1585 2432 1629 suos
2460 1571 2529 1625 ad
2562 1585 2744 1642 regem
2770 1571 3102 1631 Clodoveuna
3132 1577 3358 1643 direxit,
3387 1580 3725 1650 deprecans,
3772 1593 3835 1638 ut
3856 1585 3901 1640 si

2303 1659 2449 1716 aliud
2487 1661 2555 1719 de
2587 1663 2763 1717 sacris
2803 1664 2946 1720 vasis
2974 1665 3234 1725 Ecclesia
3276 1670 3516 1741 recipere
3572 1688 3682 1728 non
3730 1691 3877 1733 me

2303 1760 2473 1817 retur,
2513 1753 2594 1809 vel
2625 1754 2776 1810 illum
2809 1770 3032 1813 urceum
3058 1759 3247 1819 missis
3264 1762 3380 1821 Suis
3407 1764 3640 1821 reddere
3655 1766 3899 1837 iubent.

609 1871 792 1921 reum,
829 1854 922 1924 qui
976 1851 1079 1907 fuit
1122 1865 1216 1906 rex
1260 1866 1488 1921 magnus
1544 1865 1706 1920 super
1741 1864 1934 1905 omnes
1973 1860 2104 1907 ante
2141 1866 2204 1907 se
2230 1842 2280 1904 B
2307 1845 2435 1901 Haec
2462 1847 2689 1903 audiens
2716 1865 2813 1905 rex
2836 1851 2912 1905 ait
2939 1851 3007 1905 ad
3030 1854 3226 1908 missos
3248 1854 3686 1915 ecclesiasticos:
3711 1858 3899 1931 Sequi-

610 1960 768 2015 regcs
802 1943 1176 2008 Francorum,
1220 1936 1493 2012 pugnator
1538 1941 1988 1998 bellicosissimus
2037 1951 2203 2013 atque

610 2039 881 2110 egregius.
925 2037 983 2092 in
1020 2037 1127 2092 illis
1182 2037 1374 2092 diebus
1425 2036 1510 2090 vel
1559 2035 1890 2107 temporibus
1938 2048 2203 2108 ceperunt

610 2130 808 2187 Franci
839 2130 1189 2203 Agrippinam
1217 2130 1492 2184 civitatem
1519 2145 1683 2199 super
1709 2129 1961 2185 Rhenum
1980 2172 1994 2197 ,
2035 2147 2199 2201 quam

609 2221 892 2278 Coloniam
916 2228 1270 2285 vocaverunt,
1292 2230 1349 2274 et
1369 2219 1715 2275 Trevirorum
1739 2222 2015 2277 civitatem
2039 2237 2204 2291 super

610 2312 909 2377 Mosellam,
943 2326 1063 2381 quae
1110 2312 1179 2366 ab
1227 2310 1439 2366 Hunnis
1481 2321 1638 2368 antea
1680 2313 1862 2368 diruta
1901 2323 1957 2368 et
2003 2313 2200 2370 afﬂicta

608 2407 808 2473 fuerat,
837 2407 1189 2463 succedentes
1223 2413 1504 2475 ceperunt.
1536 2405 1593 2459 ln
1630 2404 1719 2459 illo
1752 2413 1997 2476 tempore
2027 2407 2084 2461 in
2115 2407 2204 2462 his

584 2484 859 2571 partibus
886 2498 1033 2554 circa
1077 2496 1327 2551 Rhenum
1375 2510 1546 2564 usque
1582 2495 1821 2566 Ligerim
1856 2496 2076 2552 fluvium
2105 2498 2203 2552 ha-

607 2589 860 2647 bitabant
908 2587 1173 2653 Romani,
1210 2602 1443 2658 quorum
1475 2588 1728 2657 princeps
1769 2596 1890 2642 erat
1924 2585 2197 2660 Egidius.

611 2685 765 2742 Ultra
799 2684 1034 2755 Ligerim
1079 2691 1260 2739 autem
1310 2684 1728 2739 dominabantur
1757 2682 1944 2751 Gethi,
1968 2700 2201 2756 quorum

596 2754 863 2850 princeps
874 2754 1006 2833 erat
1034 2777 1303 2832 Alaricus.
1329 2776 1738 2848 Burgundiones
1756 2792 1972 2849 quoque
1986 2754 2196 2846 driani,

609 2879 671 2926 ut
715 2879 773 2926 et
816 2869 978 2926 Gothi
1033 2870 1352 2925 habitabant
1400 2870 1555 2941 juxta
1603 2871 1926 2927 Rhodanum
1975 2874 2201 2930 fluvium

611 2976 784 3032 usque
805 2962 873 3016 ad
898 2962 1171 3015 civitatem
1208 2960 1547 3032 Lugdunum,
1575 2971 1630 3017 et
1665 2962 1717 3017 ei
1743 2963 1986 3020 conﬁnes
2014 2966 2199 3033 urbes,

609 3066 844 3123 quorum
892 3052 1147 3122 princeps
1191 3060 1311 3105 erat
1361 3052 1765 3109 Gundebaldus.
1821 3054 1900 3109 Eo
1962 3066 2201 3126 tempore

610 3154 860 3202 mortuus
903 3154 987 3201 est
1038 3145 1316 3217 Egidius,
1359 3154 1414 3199 et
1455 3147 1719 3202 successit
1748 3147 1802 3202 in
1835 3149 2200 3219 principatum

608 3239 1004 3303 Romanorum,
1052 3238 1146 3308 qui
1198 3238 1520 3294 habitabant
1562 3240 1614 3294 in
1642 3238 1851 3307 Galliis,
1899 3241 2040 3297 ﬁlius
2085 3242 2202 3312 ejus

610 3331 891 3405 Syagrius.
935 3330 1148 3387 Mortuo
1178 3339 1359 3387 autem
1408 3334 1715 3391 Childerico
1742 3375 1757 3401 ,
1808 3338 1900 3406 qui
1955 3338 2204 3394 Aurelia-

607 3436 741 3478 num
797 3432 852 3478 et
910 3421 1235 3493 Andegavos
1289 3423 1537 3478 civitates
1606 3440 1731 3479 cum
1798 3440 1897 3480 suo
1956 3428 2201 3482 exercitu

608 3515 875 3570 Fraueico
901 3515 1191 3583 occupavit
1237 3522 1398 3590 atque
1445 3518 1697 3582 vastavit,
1738 3516 2037 3575 Clodoveus
2061 3520 2201 3577 filius

608 3605 724 3676 ejus
753 3607 1021 3675 sagaciter
1068 3605 1403 3661 Francorum
1446 3622 1672 3677 regnum
1728 3611 1985 3680 suscepit.
2041 3613 2200 3667 Anno

609 3698 800 3768 quinto
838 3696 1107 3753 Clodoveo
1145 3708 1407 3769 regnante
1437 3741 1451 3766 ,
1507 3700 1765 3773 Syagrius
1807 3705 1948 3760 titius
1996 3704 2198 3778 [Egidii

607 3791 719 3846 dux
767 3790 1133 3846 Romanorum
1162 3793 1252 3862 qui
1284 3792 1335 3847 in
1368 3792 1557 3849 Galliis
1590 3793 1927 3861 habitabant,
1956 3798 2007 3852 in
2035 3798 2200 3855 Sues-

607 3885 776 3943 sionis
800 3886 1037 3952 civitate,
1063 3901 1223 3956 quam
1263 3894 1417 3956 pater
1438 3885 1555 3955 ejus
1586 3897 1847 3954 tenuerat,
1885 3892 2155 3945 residebat
2180 3910 2195 3946 :

606 3993 771 4049 super
810 3992 969 4047 quem
1001 3976 1303 4033 Clodoveus
1332 3994 1454 4033 cum
1484 3979 1639 4033 hoste
1670 3980 1888 4033 advenit
1916 3990 2077 4051 atque
2104 3982 2199 4036 dc—

606 4072 775 4126 vicit:
802 4085 1072 4141 quemque
1099 4072 1167 4126 ab
1194 4069 1430 4138 Alarico,
1483 4074 1624 4143 apud
1660 4089 1821 4142 quem
1872 4075 1925 4128 in
1979 4074 2194 4143 'l'oiosa,

605 4164 818 4237 fugiens
841 4164 1189 4230 Clodm’eum,
1224 4165 1536 4236 aliquandiu
1570 4167 1859 4230 habitavit,
1891 4167 1989 4222 sibi
2021 4177 2199 4223 trans-

606 4258 832 4313 missum
878 4258 1105 4328 reccpit,
1155 4264 1212 4312 et
1257 4258 1430 4313 occidi
1467 4260 1745 4330 praecepit,
1789 4268 1840 4314 et
1870 4263 2050 4316 omnia
2078 4279 2198 4334 qua:

608 4352 751 4409 illius
774 4361 950 4418 erant,
981 4367 1093 4409 suae
1122 4352 1377 4422 potestati
1403 4354 1635 4424 subegit.

681 4463 975 4525 ΧΧΧηΕο
1027 4474 1268 4535 tempore
1319 4466 1503 4520 multa;
1565 4466 1812 4523 ecclesiae
1854 4485 1883 4522 a
1940 4470 2194 4526 Clodovei

606 4558 851 4613 exercitu
893 4556 1197 4624 depredatm
1227 4564 1370 4610 sunt.
1404 4556 1576 4611 Erant
1604 4565 1806 4624 autem,
1836 4560 1979 4613 sicut
2010 4570 2066 4615 et
2098 4578 2193 4616 rex

610 4648 843 4713 illorum,
904 4646 1122 4701 fanatici
1173 4655 1226 4699 et
1282 4648 1499 4718 pagani.
1543 4649 1796 4713 Attamen
1852 4650 2135 4707 audientes
2167 4667 2193 4694 ιι

608 4740 868 4797 miracula
916 4756 1036 4810 qua:
1088 4738 1286 4795 ﬁebant
1340 4756 1439 4812 per
1507 4740 1568 4798 Β.
1622 4743 1946 4815 Remigium,
1984 4763 2197 4803 revere-

604 4826 736 4891 bant
778 4850 903 4890 eum
935 4854 943 4888 :
979 4843 1035 4890 et
1068 4834 1195 4888 licet
1222 4836 1415 4906 pagani
1450 4835 1745 4907 diligebant
1775 4838 1948 4906 illum,
1982 4841 2035 4895 in
2088 4857 2195 4911 quo

605 4930 696 4985 lux
740 4929 978 4985 cmlestis
1015 4930 1202 5002 gratia:
1230 4931 1482 4987 omnibus
1510 4932 1924 5002 respleudebat,
1989 4948 2044 4989 et
2098 4952 2194 4991 rex

606 5024 818 5079 illorum
850 5022 1080 5078 libenter
1109 5023 1258 5077 illum
1293 5024 1583 5087 audiebat,
1614 5033 1667 5078 ct
1694 5025 1876 5079 audito
1903 5042 1986 5093 eo,
2020 5027 2188 5083 multa

605 5117 881 5185 faciebat,
932 5128 987 5172 et
1017 5134 1048 5173 a
1089 5117 1269 5173 multis
1309 5118 1565 5187 nequitiis
1612 5132 1669 5172 se
1717 5119 2024 5175 cohibebat.
2060 5121 2190 5177 Erat

609 5210 749 5264 Enim
777 5216 995 5262 sanctus
1040 5207 1320 5277 Remigius
1346 5207 1431 5262 vir
1471 5207 1714 5277 sapiens,
1742 5215 1905 5276 atque
1959 5213 2189 5267 sanctis-

605 5299 798 5363 sinms,
830 5298 1079 5370 egregius
1105 5299 1432 5364 rhetoricus,
1470 5298 1766 5369 praeclarus
1795 5301 1847 5353 in
1873 5303 2185 5369 virtutibus,

605 5389 765 5447 czecis
788 5389 959 5445 visum
989 5391 1303 5457 restituens,
1324 5392 1548 5447 mortuis
1577 5393 1741 5446 vitam
1775 5408 2051 5465 reparans,
2082 5397 2190 5451 dae-

605 5482 786 5539 monia
816 5481 1060 5555 ejiciens,
1088 5483 1438 5555 omniumque
1488 5485 1865 5541 inliriuitatum
1921 5487 2192 5561 languori-

605 5576 705 5632 bus
748 5574 1011 5633 medelam
1049 5576 1310 5647 praebens.

680 5799 705 5826 α
738 5787 889 5843 Flod.
916 5791 1009 5846 lib.
1035 5806 1073 5861 ι,
1099 5808 1149 5849 c.
1174 5795 1263 5860 15,
1287 5793 1414 5849 hist.
1443 5794 1744 5851 Rhemens.

2230 3204 2278 3267 C

2303 1940 2435 1995 mini
2463 1956 2563 1996 nos
2608 1956 2778 2012 usque
2823 1943 2893 1998 ad
2943 1942 3295 2000 Suessionum
3334 1947 3637 2016 civitatem,
3667 1954 3802 2021 quia
3829 1953 3896 2009 ibi

2302 2040 2532 2098 cuncta,
2562 2048 2682 2105 quae
2712 2034 2980 2105 acquisita
3012 2044 3169 2102 sunt,
3200 2037 3489 2097 dividenda
3527 2053 3717 2098 ciunt.
3742 2044 3897 2101 Cuni-

2302 2138 2409 2195 que
2440 2139 2639 2180 urceus
2667 2123 2757 2179 ille
2805 2125 2937 2181 mihi
2974 2127 3029 2182 in
3060 2136 3271 2199 partem
3299 2130 3607 2201 obvenerit,
3636 2151 3767 2209 quae
3789 2138 3894 2207 epi-

2304 2231 2502 2287 scopus
2543 2217 2798 2288 postulat,
2846 2218 3176 2295 adimplcbo.
3220 2222 3457 2289 Veniens
3492 2236 3680 2283 autem
3739 2228 3893 2287 Sues-

2304 2308 2517 2364 sionum
2543 2310 2841 2377 civitatem,
2874 2322 3128 2369 cunctam
3163 2315 3436 2386 prazdam,
3466 2335 3595 2388 qua:
3617 2335 3897 2393 asportata

2303 2401 2389 2464 vel
2418 2403 2686 2472 acquisita
2719 2402 2844 2471 fuit,
2889 2415 3045 2477 rogat
3074 2405 3259 2463 afferri
3282 2409 3337 2464 in
3365 2412 3629 2469 medium.
3657 2414 3895 2489 Cumque

2303 2495 2487 2549 omnia
2534 2492 2765 2550 fuissent
2803 2494 2858 2551 in
2894 2499 3240 2567 praesentiam
3286 2501 3428 2574 regis
3462 2502 3627 2559 allata
3659 2547 3678 2570 ,
3726 2506 3895 2563 dixit:

2303 2584 2457 2657 Rogo
2508 2601 2639 2653 vos,
2684 2602 2719 2643 ο
2758 2586 3043 2646 fortissimi
3082 2599 3449 2663 pugnatores,
3493 2604 3556 2649 ut
3601 2596 3742 2652 mihi
3776 2600 3899 2657 dare

2305 2694 2531 2736 urceum
2562 2681 2728 2737 istum
2754 2698 2860 2738 non
2892 2684 3120 2753 negetis.
3151 2684 3264 2741 Hoc
3296 2703 3424 2758 rege
3446 2688 3900 2756 dicente,Frami

2306 2769 2406 2835 illi,
2434 2771 2525 2841 qui
2543 2764 2691 2829 bono
2718 2773 2901 2829 animo
2924 2771 3163 2842 fuerunt,
3197 2777 3349 2833 aiunt
3376 2796 3390 2832 :
3422 2779 3645 2849 Omnia,
3670 2782 3899 2855 gloriose

2306 2877 2425 2928 rex,
2461 2879 2582 2933 quae
2613 2864 2816 2931 cernis,
2850 2872 2939 2920 tua
2972 2876 3120 2935 sunt,
3151 2876 3207 2924 et
3244 2885 3345 2937 nos
3383 2879 3478 2927 tuo
3529 2874 3778 2933 dominio
3818 2894 3902 2934 se-

2305 2969 2427 3009 mus
2464 2952 2713 3025 subjecti.
2754 2956 2909 3023 Quod
2955 2958 3051 3013 tibi
3090 2958 3292 3015 bonum
3341 2961 3596 3032 videtur,
3637 2967 3751 3025 hoc
3782 2968 3898 3027 fec:

2307 3046 2489 3101 nullus
2527 3048 2670 3103 enim
2699 3058 2806 3105 tuae
2841 3052 3100 3119 potestati
3140 3052 3399 3113 resistere
3440 3058 3630 3113 audet.
3668 3060 3905 3134 Canisque

2307 3139 2425 3195 haec
2456 3141 2529 3195 illi
2555 3141 2790 3214 benigne
2815 3144 3104 3211 dixissent,
3151 3147 3571 3213 unusFrancus
3598 3153 3761 3220 levis,
3792 3174 3907 3213 cum

2307 3234 2704 3291 vociferatione
2742 3237 2951 3293 elevata
2986 3239 3227 3310 bipenni,
3253 3226 3375 3311 qua:
3406 3242 3521 3300 alio
3552 3247 3789 3303 nomine
3819 3265 3903 3304 vo-

2304 3338 2461 3383 catur
2488 3327 2756 3385 francisca
2787 3372 2800 3393 ,
2862 3333 3132 3402 percussit
3172 3349 3396 3390 urceum
3447 3338 3622 3393 istum
3683 3341 3904 3397 dicens:

2304 3418 2382 3473 Tu
2416 3420 2551 3476 nihil
2583 3423 2713 3478 hinc
2747 3424 3005 3495 accipies,
3033 3440 3151 3493 rex,
3182 3427 3283 3482 nisi
3307 3428 3450 3498 quod
3484 3430 3592 3487 tibi
3623 3448 3759 3490 sors
3792 3450 3907 3491 vera

2304 3511 2606 3566 donaverit.
2637 3512 3039 3584 Ohstupefactis
3060 3518 3328 3584 omnibus,
3342 3534 3434 3577 rex
3456 3520 3749 3592 iniuriam
3769 3543 3907 3583 suam

2301 3602 2573 3671 patienter
2604 3602 2871 3661 suﬂ‘ereus
2890 3648 2902 3672 ,
2936 3618 3219 3681 acceptum
3250 3625 3473 3666 urceum
3500 3616 3720 3671 nuntio
3748 3618 3906 3673 eccle-

2302 3691 2527 3748 siastico
2559 3693 2817 3759 reddidit,
2848 3710 3075 3751 servans
3107 3698 3243 3752 iram
3281 3700 3332 3753 in
3363 3704 3538 3757 corde
3558 3706 3901 3763 absconsum.

2302 3784 2604 3843 Transacto
2633 3804 2775 3843 anno
2803 3787 3105 3847 Clodovens
3127 3806 3243 3856 rex,
3261 3800 3323 3847 ut
3348 3795 3601 3850 omnium
3625 3812 3903 3855 armorum

2302 3876 2534 3931 nitorem
2587 3879 2817 3945 videret,
2849 3895 3065 3936 onmem
3099 3884 3404 3939 exercitum
3448 3885 3621 3957 jussit
3654 3906 3781 3945 cum
3824 3909 3904 3947 ar-

2301 3984 2512 4024 morum
2545 3982 2807 4042 apparatu
2837 3975 3026 4030 venire
3052 3978 3351 4032 secundum
3396 3994 3616 4035 morem
3666 3982 3720 4037 in
3762 4000 3904 4040 cam—

2298 4077 2426 4131 pum
2458 4062 2733 4120 Martium.
2764 4066 2855 4122 Sic
2880 4068 3023 4124 enim
3052 4082 3380 4127 conventum
3427 4073 3586 4129 illum
3638 4079 3933 4137 vocabant-

2302 4169 2332 4207 a
2370 4151 2562 4220 Marte,
2607 4173 2767 4225 quem
2810 4158 3013 4230 Pagani
3050 4162 3208 4216 deum
3241 4162 3366 4218 belli
3396 4166 3723 4233 credebant,
3749 4186 3783 4226 a
3805 4186 3903 4241 quo

2300 4259 2353 4302 et
2389 4248 2644 4304 Martium
2680 4267 2921 4307 mensem
2950 4262 3006 4309 et
3036 4257 3252 4310 tertiam
3281 4257 3477 4312 feriam
3498 4301 3514 4323 ,
3545 4260 3695 4317 diem
3722 4262 3903 4319 Martis

2301 4340 2723 4411 appellaverunt.
2769 4343 2938 4410 Quem
2975 4359 3305 4405 conventum
3332 4352 3676 4420 posteriores
3704 4352 3905 4410 Franci

2299 4431 2423 4487 Maii
2455 4450 2702 4505 campum
2728 4477 2743 4501 ,
2780 4437 2998 4506 quando
3037 4455 3195 4509 rech
3218 4442 3293 4509 ad,
3314 4442 3456 4507 bella
3487 4444 3675 4507 solent
3710 4464 3904 4518 proce-

2300 4525 2457 4591 dere,
2507 4527 2690 4582 vocari
2732 4528 3103 4585 instituerunt.
3134 4530 3335 4599 Yerum
3368 4535 3465 4593 ubi
3506 4551 3611 4595 rex
3648 4549 3905 4595 cunctum

2299 4618 2599 4674 exercitum
2628 4620 2937 4678 circnmivit
2959 4665 2975 4691 ,
3013 4628 3162 4682 venit
3183 4628 3253 4682 ad
3288 4629 3577 4687 hominem
3606 4631 3789 4699 illum.
3815 4634 3903 4705 qui

2298 4725 2522 4766 urceum
2557 4715 2832 4783 praeterito
2860 4732 3004 4772 anno
3029 4733 3155 4774 cum
3187 4720 3420 4792 bipenne
3446 4740 3830 4795 percusserat.
3850 4739 3901 4783 et

2299 4801 2375 4856 ait
2401 4804 2469 4857 ad
2493 4818 2667 4861 eum:
2701 4805 2891 4863 Nullus
2914 4809 3002 4864 hic
3029 4818 3141 4865 tam
3168 4812 3369 4868 inculta
3405 4824 3464 4871 et
3490 4819 3717 4873 sordida
3746 4822 3899 4875 [taliet

2299 4910 2473 4962 arma,
2489 4897 2628 4953 sicut
2646 4907 2703 4952 tu
2724 4914 2738 4953 :
2765 4901 2892 4971 quia
2917 4916 3093 4974 neque
3111 4904 3355 4977 clypeos,
3372 4924 3554 4980 neque
3576 4911 3799 4980 lancea,
3818 4929 3905 4969 ue-

2300 5002 2405 5057 que
2419 4989 2667 5059 bipennis
2682 5001 2765 5047 est
2789 4994 2958 5050 utilis.
2973 4994 3197 5067 Accepit
3216 5008 3401 5055 autem
3417 5017 3513 5057 rex
3541 5002 3901 5061 Franciscain

2298 5078 2415 5148 ejus
2443 5121 2456 5147 ,
2507 5099 2627 5153 qua:
2656 5095 2886 5141 vocatur
2909 5088 3191 5159 bipennis,
3220 5101 3279 5150 et
3300 5093 3538 5165 projecit
3582 5100 3637 5153 in
3664 5109 3899 5154 terram.

2298 5169 2431 5225 Cum
2459 5182 2641 5229 autem
2687 5176 2776 5231 ille
2815 5192 2875 5232 se
2915 5178 3238 5237 inclinasset
3265 5198 3389 5240 eam
3418 5187 3767 5259 recolligere,
3805 5206 3900 5244 rex

2298 5263 2482 5317 statim
2529 5265 2737 5322 elevata
2795 5284 2960 5326 manu
3037 5271 3363 5331 frauciscam
3414 5292 3573 5333 suam
3624 5281 3676 5333 in
3731 5290 3899 5352 caput

2296 5352 2413 5422 ejus
2444 5356 2648 5421 deﬁxit,
2681 5370 2736 5416 et
2769 5363 2847 5417 ait
2879 5378 2893 5417 :
2922 5361 3076 5427 Sicut
3105 5376 3157 5421 tu
3190 5367 3243 5422 in
3281 5365 3641 5426 Suessionum
3663 5374 3899 5429 civitate

2297 5448 2562 5518 superiori
2594 5465 2739 5506 anno
2782 5453 2836 5509 in
2870 5470 3035 5511 urceo
3061 5457 3165 5513 isto
3190 5457 3386 5526 fecisti,
3416 5462 3499 5518 sic
3517 5471 3576 5518 et
3602 5462 3757 5519 facio

2296 5540 2617 5615 Mortuoque
2645 5545 2739 5604 illo
2757 5586 2773 5617 ,
2804 5550 3107 5607 exercitum
3138 5566 3234 5608 rex
3264 5554 3333 5610 de
3357 5554 3480 5626 ipso
3504 5570 3707 5630 campo
3728 5556 3899 5630 jussit
