4038 6322
165 419 304 475 1157

1332 414 1337 419 ’
1433 410 1591 466 VITA
1634 408 1878 464 SANCTI
1916 408 2196 469 REMIGII.

3319 415 3461 475 M58

160 542 229 594 ad
260 537 485 609 prepria
512 535 564 592 in
592 550 725 608 pace
749 536 1042 592 discedere.
1073 532 1308 590 Grandis
1331 548 1498 604 pavor
1518 542 1571 585 ct
1600 530 1762 584 timor
1793 535 1835 589 Α
1866 525 2019 583 fuero
2037 528 2289 585 virtutem
2307 528 2455 585 illaut
2475 543 2637 600 quam
2653 529 2721 586 de
2737 530 2983 600 tepopuli
2997 531 3310 602 pradicant,
3335 549 3463 590 cre-

158 648 261 704 pro
292 632 400 686 hac
422 646 482 685 re
508 629 561 684 in
593 627 930 685 Francorum
961 630 1158 700 popqu
1188 628 1445 682 surrexit.

231 719 454 777 XXXII.
504 719 804 776 Clodoveus
835 722 1045 775 decimo
1076 736 1219 775 anno
1271 720 1418 791 regni
1466 718 1572 783 sui,
1618 733 1767 773 com-

157 821 311 868 moto
343 812 615 875 exercitu,
646 811 745 867 sibi
799 811 1151 880 Thuringiam
1200 810 1535 881 provinciam
1582 809 1767 879 subju-

155 904 324 976 gavit.
366 904 501 959 Inde
531 904 870 959 Gundcbalii
897 905 1039 974 regis
1070 902 1511 974 Burgundionum
1535 904 1762 971 neptim,

156 997 327 1052 ﬁliam
369 996 619 1052 videlicet
666 994 850 1051 fratris
882 996 965 1052 sui
1009 994 1298 1065 Cbilpcrici
1325 1035 1339 1061 ,
1391 1008 1551 1063 quem
1587 992 1765 1062 gladio

152 1088 556 1155 interfecerat,
618 1091 841 1144 nomine
902 1088 1229 1154 Clotildcm,
1286 1086 1568 1157 pulchram
1627 1084 1763 1141 satis

151 1182 422 1252 pueliam,
450 1192 509 1238 et
534 1196 662 1238 vere
685 1180 1211 1236 Christianissimam
1236 1177 1635 1235 interveniente
1656 1177 1764 1231 Au-

150 1274 368 1330 reliano
396 1274 654 1340 consilio,
689 1291 761 1331 ac
797 1274 1060 1345 legatario
1086 1288 1187 1330 suo
1212 1314 1228 1339 ,
1272 1281 1409 1330 nutu
1452 1273 1674 1338 divino,
1706 1273 1762 1329 in

147 1365 449 1438 coniugem
494 1367 762 1438 sumpsit,
807 1367 949 1421 sicut
979 1366 1149 1422 lector
1177 1366 1235 1421 in
1259 1381 1360 1422 suo
1386 1366 1510 1423 loco
1550 1365 1763 1437 plenius

144 1456 335 1529 legere
356 1466 563 1528 potest.
591 1458 651 1513 In
674 1459 867 1515 diebus
888 1459 996 1515 illis
1022 1458 1269 1515 dilatavit
1288 1475 1383 1516 rex
1407 1472 1437 1509 ι
1457 1458 1762 1516 Clodoveus

147 1563 391 1619 regnum
439 1565 599 1611 suum
647 1567 823 1622 usque
853 1552 1161 1622 Sequanam
1189 1570 1203 1606 :
1235 1552 1487 1624 sequenti
1518 1562 1761 1622 tempore

146 1655 327 1715 usque
356 1639 586 1698 ﬂuvium
618 1641 863 1714 Ligerim
892 1642 1213 1713 occupavit,
1241 1642 1559 1713 accepitque
1584 1642 1759 1699 Aure-

146 1728 333 1789 lianus
378 1740 625 1790 castrum
655 1732 1063 1801 Milidunense,
1104 1735 1252 1806 quod
1297 1743 1355 1790 et
1399 1734 1459 1789 in
1500 1734 1761 1791 ducatum

145 1823 415 1879 obtinuit.

1869 620 1991 673 dam
2024 620 2144 689 tibi,
2170 622 2299 677 etin
2322 622 2541 677 nomine
2569 630 2660 676 tuo
2685 622 3017 691 baptizabor.
3042 623 3290 681 invocavi
3310 627 3467 683 enim

1869 713 1999 768 deos
2026 730 2195 781 meos,
2227 724 2303 781 et,
2332 724 2391 770 ut
2430 717 2704 786 experior,
2733 717 2965 788 elongati
3009 729 3135 774 sunt
3162 720 3232 775 ab
3256 721 3467 781 auxilio

1868 820 2005 860 meo.
2040 803 2195 862 Unde
2221 808 2385 863 credo
2425 823 2518 863 eos
2550 808 2695 863 nulla
2725 816 2994 878 potestate
3019 825 3140 866 esse
3183 814 3461 882 praeditos,

1867 898 1959 968 qui
1981 899 2082 953 sibi
2106 899 2451 958 credentibus
2479 916 2584 955 non
2607 910 2953 957 succurrunt.
2986 902 3062 958 'l'e
3082 902 3249 959 Deum
3269 921 3463 963 verum

1867 991 2081 1055 invoco,
2117 1000 2173 1046 et
2200 993 2251 1046 in
2279 1001 2331 1047 te
2357 994 2584 1049 credere
2620 994 2912 1050 desidero:
2948 1002 3157 1049 tantum
3181 1004 3241 1049 ut
3260 996 3465 1054 liberer

1867 1083 1936 1138 ab
1972 1083 2299 1139 adversariis
2348 1086 2504 1141 meis.
2538 1084 2785 1155 Cumque
2827 1087 2931 1142 hoc
2972 1100 3138 1143 orans
3173 1086 3465 1156 clamaret,

1866 1172 2150 1228 Alemanni
2189 1174 2243 1228 in
2270 1173 2453 1245 fugam
2477 1176 2642 1242 versi,
2676 1185 2826 1246 terga
2855 1176 3158 1232 dederunt:
3190 1186 3246 1233 et
3274 1178 3463 1233 viden-

1867 1274 1949 1320 tes
1980 1280 2159 1336 regem
2207 1282 2364 1321 suum
2416 1268 2789 1333 interfectum,
2816 1267 3071 1325 Clodovei
3115 1270 3371 1340 potestati
3391 1274 3466 1326 se

1864 1355 2118 1420 subdunt,
2167 1356 2447 1413 dicentes:
2481 1357 2668 1421 Parce,
2709 1374 3017 1429 precamur,
3060 1358 3281 1415 domine
3327 1376 3458 1428 rex,

1864 1460 1933 1504 ne
1958 1457 2144 1519 pereat
2172 1449 2292 1520 plus
2317 1450 2575 1522 papirius;
2603 1451 2721 1522 jam
2751 1453 2827 1507 tui
2865 1466 3072 1510 sum.
3115 1454 3269 1510 Tunc
3291 1455 3463 1526 jussit

1863 1553 1959 1593 rex
1998 1539 2371 1596 imminentem
2406 1542 2618 1612 plagam
2647 1556 2887 1606 cessare,
2920 1551 2979 1599 et
3013 1543 3344 1601 Alamannos
3368 1560 3460 1603 ce-

1860 1630 1971 1699 pit;
2000 1630 2255 1702 ipsosque
2294 1632 2365 1688 ad
2403 1642 2607 1687 terram
2637 1646 2827 1689 eorum
2858 1634 2965 1690 sub
2988 1633 3121 1706 jugo
3163 1635 3459 1693 tributario

1862 1719 2162 1775 constituit.
2222 1720 2420 1793 Sicque
2462 1722 2609 1779 facta
2662 1724 2923 1791 victoria,
2975 1740 3235 1782 reversus
3277 1737 3363 1782 est
3401 1728 3460 1783 in

1862 1810 2149 1868 Franciam
2182 1813 2255 1868 ad
2280 1815 2525 1885 reginam
2555 1829 2732 1882 suam,
2765 1825 2821 1871 et
2849 1818 3095 1877 narravit
3116 1817 3185 1881 ei,
3225 1817 3462 1888 qualiter

182 1914 469 1973 ‘X'xxm,
510 1916 773 1990 αουεθρίι
803 1921 1039 1992 denique
1079 1936 1147 1979 ac
1172 1922 1385 1994 peperi;
1420 1921 1594 1979 mium
1636 1922 1760 1980 Ch.
1788 1893 1841 1954 Β
1863 1920 1962 1975 per
2009 1906 2407 1962 invocationem
2460 1908 2697 1965 nominis
2743 1908 2871 1967 Jesu
2917 1910 3123 1966 Christi
3171 1912 3463 1967 victoriam

146 2008 319 2065 tildis.
345 2010 527 2079 Quem
541 2026 667 2067 cum
689 2026 853 2069 sacro
868 2012 1209 2085 Baptismate
1236 2017 1550 2074 consecrari
1575 2017 1757 2085 vellet,

144 2116 244 2173 rex
275 2117 396 2158 non
426 2103 818 2174 acquiescebat
844 2105 915 2161 ei.
948 2104 1192 2163 Necdum
1229 2107 1377 2163 enim
1403 2108 1661 2165 credebat
1700 2109 1759 2166 in

142 2190 451 2247 Dominum
494 2192 668 2249 Deum
714 2195 860 2252 cudi.
914 2196 1122 2268 Regina
1164 2207 1346 2254 autem
1386 2200 1635 2270 quotidie
1678 2201 1761 2261 illi

140 2284 489 2354 praedicabat
505 2300 632 2341 eum
660 2301 679 2351 ξ
705 2297 765 2343 at
793 2288 887 2345 ille
910 2288 1128 2347 nolebat
1150 2305 1275 2351 eam
1298 2292 1508 2349 audire.
1542 2293 1757 2351 Interea

143 2375 339 2446 regina
364 2385 531 2446 parat
566 2376 736 2434 tilium
776 2379 849 2445 ad
880 2380 1237 2452 baptismum,
1268 2391 1432 2438 ornat
1459 2384 1756 2441 ecclesiam

141 2465 284 2523 velis
311 2476 483 2538 atque
508 2468 758 2535 cortinis,
781 2478 842 2525 ut
864 2472 1012 2544 regis
1036 2487 1135 2529 cor
1149 2472 1220 2529 ad
1248 2474 1579 2531 credendum
1607 2490 1757 2532 com—

142 2566 441 2632 pnngeret.
473 2561 792 2633 Baptizatus
820 2574 905 2622 est
924 2582 1079 2637 puer,
1108 2583 1273 2639 quem
1299 2568 1629 2641 lugomirum
1660 2586 1755 2628 vo-

145 2653 315 2720 cavit,
364 2654 576 2725 quique
624 2655 683 2719 in
726 2657 880 2714 Albis
938 2661 1195 2716 decessit.
1240 2661 1398 2717 Unde
1452 2678 1550 2717 rex
1592 2662 1755 2718 nimis

144 2747 537 2811 contristatus,
571 2750 859 2818 reputabat
891 2753 1092 2822 reginae
1117 2794 1131 2815 ,
1181 2754 1517 2823 increpando
1564 2754 1754 2811 dicens

145 2838 214 2893 ad
244 2852 373 2893 eam
404 2855 417 2891 :
444 2835 581 2904 Quia
626 2839 677 2895 si
713 2840 769 2894 in
813 2842 1038 2897 nomine
1063 2842 1291 2899 deorum
1334 2860 1579 2900 meorum
1618 2862 1787 2916 puer.

125 2927 444 2984 'dedicatus
470 2928 684 2997 fuisset,
700 2931 889 3002 utique
909 2933 1197 2989 incolumis
1221 2934 1313 2988 diu
1339 2935 1583 2991 vixisset.
1612 2935 1751 3003 Quia

141 3032 277 3074 vero
327 3019 385 3073 in
427 3020 650 3076 nomine
702 3022 797 3078 Dei
842 3025 1008 3079 vestri
1051 3024 1361 3094 baptizatus
1402 3036 1486 3081 est
1512 3068 1527 3091 ,
1566 3028 1750 3083 vivere

142 3124 254 3164 non
304 3111 509 3180 potuit.
552 3111 763 3184 Regina
796 3127 929 3170 vero
952 3115 1169 3171 dicebat
1194 3136 1207 3169 :
1232 3118 1351 3173 Deo
1377 3118 1578 3188 gratius
1624 3134 1746 3188 ago,

144 3188 239 3271 qui
266 3217 361 3260 me
383 3218 493 3258 non
516 3204 672 3261 duxit
692 3206 996 3281 indignam,
1018 3216 1078 3264 ut
1105 3209 1172 3265 de
1203 3218 1359 3265 utero
1398 3226 1523 3266 meo
1544 3213 1747 3280 prirnu-

1863 1999 2068 2054 meruit
2098 1999 2366 2057 obtinere.
2393 2000 2528 2056 Acta
2553 2011 2680 2058 sunt
2710 2003 2824 2060 hinc
2855 2018 3000 2061 anno
3034 2003 3225 2075 quinto
3244 2005 3461 2062 decimo

1861 2087 2132 2148 Clodovco
2157 2101 2441 2164 regnante.
2956 2120 2959 2123 <

1931 2185 2150 2244 XXXV.
2198 2188 2351 2245 Tunc
2383 2189 2589 2263 regina,
2624 2198 2683 2246 ut
2732 2191 3054 2263 impleretur
3085 2194 3288 2250 dictum
3312 2194 3461 2267 Apo-

1860 2279 1984 2334 stoli
2026 2299 2040 2334 :
2078 2280 2334 2338 Salvatur
2379 2283 2462 2339 vir
2498 2284 2731 2341 infidelis
2776 2301 2876 2357 per
2920 2287 3199 2343 mulierem
3242 2288 3456 2346 fidelem

1858 2371 1911 2443 (I
1940 2370 2063 2429 Cor.
2099 2375 2223 2447 vu),
2253 2378 2466 2433 vocavit
2497 2386 2746 2433 sanetum
2772 2377 3080 2450 Remigium
3112 2380 3265 2436 urbis
3292 2381 3456 2450 hujus

1860 2464 2188 2524 Rhemensis
2214 2470 2536 2537 antistitem,
2575 2471 2879 2541 deprecans
2899 2486 3023 2527 eum
3078 2483 3137 2528 ut
3166 2474 3279 2545 regi
3308 2475 3457 2530 salu-

1860 2559 1928 2614 tis
1976 2562 2117 2614 viam
2174 2562 2514 2633 praedicaret.
2572 2564 2745 2631 Quem
2799 2575 3021 2620 sanctus
3060 2567 3314 2623 sacerdos
3356 2582 3455 2637 per

1857 2648 2078 2702 multam
2112 2650 2367 2707 salutaris
2396 2653 2519 2707 vita:
2555 2653 2862 2709 doctrinam
2894 2656 2961 2710 ad
2993 2657 3324 2728 baptismum
3360 2673 3454 2712 ve-

1855 2743 1971 2798 nire
2010 2744 2357 2813 praedicabat.
2410 2746 2478 2801 Et
2525 2747 2615 2803 ille
2656 2748 2771 2803 ait:
2801 2747 3060 2804 Libenter
3109 2760 3158 2805 te
3201 2751 3448 2814 audiam,

1854 2835 2166 2891 beatissime
2186 2836 2380 2905 Pater;
2409 2840 2502 2894 sed
2531 2856 2695 2895 unum
2722 2850 2916 2907 restat,
2944 2841 3070 2912 quia
3100 2843 3331 2915 populus
3356 2845 3450 2915 qui

1854 2940 1943 2979 me
1972 2927 2239 2996 sequitur,
2272 2944 2377 2984 non
2407 2929 2522 2986 vult
2545 2931 2675 2987 deos
2716 2947 2844 2988 suos
2874 2932 3199 3004 relinquere.
3244 2933 3450 2992 Vadam

1855 3029 2036 3073 autem
2069 3021 2350 3078 adhortari
2376 3038 2472 3081 eos
2489 3024 2645 3093 juxta
2680 3029 2904 3084 verbum
2939 3037 3108 3084 tuum.
3138 3030 3204 3084 Et
3229 3030 3453 3088 veniens

1852 3124 1948 3163 rex
1975 3110 2042 3164 ad
2082 3112 2358 3182 populum,
2390 3117 2813 3186 cmpit'hortari‘
2849 3135 2965 3186 eos,
3018 3131 3077 3176 ut
3122 3120 3315 3189 Deum,
3349 3123 3444 3194 qui

1853 3201 1931 3256 eis
1954 3201 2235 3258 victoriam
2261 3205 2505 3274 dederat,
2533 3209 2841 3277 crederent,
2870 3215 3126 3281 quoniam
3157 3214 3228 3269 dii
3252 3229 3442 3271 eorum

148 3298 400 3366 genitum
448 3298 502 3353 ίη
552 3315 723 3371 regno
763 3273 862 3356 ειῖο
898 3302 1147 3373 recipere
1188 3302 1438 3375 dignatus
1494 3273 1583 3361 είί,
1634 3308 1745 3379 Ego
1772 3273 1816 3336 C
1848 3291 1902 3345 in
1936 3292 2281 3351 tribulatione
2304 3312 2398 3352 sua
2428 3299 2562 3355 nihil
2591 3302 2671 3356 eis
2698 3304 2959 3372 prodesse
2981 3315 3295 3376 potuerunt.
3332 3310 3444 3365 Ac-

146 3397 324 3444 autem
373 3390 581 3447 nullum
625 3392 864 3450 dolorem
894 3394 948 3448 in
976 3396 1143 3451 corde
1173 3411 1296 3451 meo
1324 3412 1423 3466 pro
1452 3397 1554 3453 hac
1580 3414 1743 3455 causa

144 3479 376 3537 retineo.
424 3482 621 3539 Postea
653 3500 784 3542 vero
815 3486 1002 3557 genuit
1031 3486 1199 3543 lilium
1230 3488 1397 3545 alium
1423 3530 1437 3553 ,
1483 3505 1644 3560 quem
1689 3493 1742 3548 in

142 3569 421 3642 baptismo
444 3573 812 3633 Clodomirnm
842 3579 1073 3634 vocavit.
1101 3579 1168 3634 Et
1197 3580 1287 3637 hic
1324 3598 1449 3638 cum
1473 3592 1742 3653 aegrotare

144 3669 329 3737 coepit,
363 3668 503 3723 dixit
534 3684 634 3725 rex
664 3688 678 3722 :
703 3669 820 3725 Non
850 3680 1033 3741 potest
1060 3673 1236 3737 aliud,
1287 3674 1391 3729 nisi
1421 3675 1488 3730 de
1534 3677 1641 3732 isto
1665 3677 1744 3733 sic

150 3756 261 3826 ﬁat,
296 3762 573 3831 quomodo
620 3760 723 3818 fuit
763 3764 831 3820 de
874 3764 1046 3820 fratre
1073 3764 1210 3833 ejus,
1241 3775 1301 3821 ut
1339 3767 1648 3838 baptizatus
1688 3770 1744 3823 in

148 3852 371 3907 nomine
409 3850 612 3908 Christi
660 3855 846 3919 vestri,
893 3856 1003 3910 cito
1056 3857 1340 3923 moriatur.
1395 3857 1500 3914 Sed
1553 3869 1745 3915 orante

146 3946 329 4015 regina
350 3987 366 4011 ,
396 3954 454 4001 et
480 3945 694 4001 Domini
739 3947 1113 4003 misericordia
1144 3958 1513 4018 prmcurrente
1537 3951 1744 4021 recepit

145 4038 460 4094 sanitatem.
487 4037 695 4111 Regina
724 4054 942 4111 quoque
969 4057 1074 4096 non
1098 4043 1348 4097 cessabat
1390 4042 1501 4111 regi
1547 4043 1743 4113 praedi-

146 4142 291 4196 care,
321 4139 382 4185 ut
411 4129 583 4185 Deum
613 4147 802 4187 verum
826 4132 1052 4199 coleret,
1084 4144 1141 4188 et
1173 4134 1337 4202 idola,
1362 4149 1481 4204 qua:
1506 4133 1739 4201 colebat,

146 4235 280 4278 vana
305 4224 801 4294 relinqueret:sed
832 4225 979 4280 nullo
1024 4227 1186 4281 modo
1230 4227 1471 4281 animum
1517 4225 1633 4295 ejus
1675 4225 1742 4280 ad

146 4317 474 4372 credendum
512 4327 725 4390 poterat
769 4302 1149 4384 cot‘nmovere,
1182 4319 1355 4377 donec
1389 4318 1606 4374 tandem
1645 4317 1742 4372 ali-

147 4406 359 4475 quando
399 4407 599 4463 bellum
648 4418 835 4464 contra
890 4408 1221 4465 Alemannos
1266 4408 1586 4480 Suevosque
1627 4424 1743 4464 mo-

146 4506 310 4565 veret,
343 4499 395 4553 in
435 4514 544 4569 quo
588 4499 898 4570 compulsus
928 4508 1011 4556 est
1039 4501 1218 4557 Deum
1249 4501 1523 4567 confiteri,
1576 4517 1737 4572 quem

147 4597 297 4643 antea
335 4600 654 4663 negaverat.

211 4679 453 4739 XXXIV.
486 4682 713 4739 Factum
749 4692 833 4739 est
863 4692 1042 4739 autem
1070 4685 1098 4724 ι»
1126 4684 1453 4741 bellantibus
1493 4685 1636 4740 inter
1677 4700 1735 4740 se

147 4770 362 4831 Francis
390 4775 645 4832 videlicet
675 4782 731 4831 et
761 4775 1075 4831 Alemannis
1107 4784 1270 4845 atque
1306 4775 1502 4831 Suevis
1526 4785 1584 4831 ut
1614 4776 1735 4832 Clo-

148 4863 290 4921 dovei
313 4868 591 4925 exercitus
615 4868 776 4923 nimis
804 4876 1099 4922 corrueret.
1134 4867 1459 4923 Aurelianus
1484 4868 1737 4923 consilia-
1782 4916 1803 4933 ,

147 4953 253 5011 rius
279 4959 394 5029 ejus
422 4959 639 5013 intuens
666 4973 869 5031 regem,
899 4957 976 5011 ait
1002 4975 1013 5010 :
1055 4956 1280 5012 Domine
1315 4958 1385 5010 mi
1429 4972 1544 5021 rex,
1576 4959 1735 5013 crede

149 5048 301 5104 modo
318 5051 487 5106 Deum
513 5051 655 5117 ccrli,
679 5064 838 5120 quem
862 5048 1079 5106 domina
1104 5064 1223 5104 mea
1246 5048 1428 5120 regina
1455 5049 1729 5119 praedicat,

147 5120 199 5189 et
222 5138 366 5195 dabit
394 5140 492 5196 tibi
522 5141 638 5211 ipse
669 5156 763 5195 rex
784 5155 969 5212 regum
999 5152 1053 5195 et
1080 5141 1220 5195 Deus
1244 5140 1368 5196 coeli
1388 5151 1551 5210 atque
1575 5149 1736 5195 terrae

149 5216 447 5286 victoriam.
502 5230 597 5287 Ille
636 5236 765 5287 vero
795 5233 1020 5287 elevatis
1050 5232 1101 5286 in
1139 5232 1335 5288 crelum
1375 5232 1546 5288 oculis
1582 5248 1732 5288 com-

152 5329 320 5378 motus
344 5324 400 5382 in
425 5326 715 5399 lacrymas,
741 5326 815 5381 ait
842 5340 857 5380 :
886 5324 1011 5382 .Icsu
1040 5325 1273 5389 Christe,
1301 5342 1459 5396 quem
1485 5325 1731 5383 Clotildis

154 5414 330 5485 regina
355 5435 472 5476 mea
502 5420 760 5492 praedicat
785 5433 907 5474 esse
926 5417 1125 5473 Filium
1158 5418 1252 5475 Dei
1295 5419 1429 5486 vivi,
1468 5421 1559 5490 qui
1605 5420 1734 5476 sub-

155 5506 299 5563 venis
319 5508 373 5566 in
405 5511 773 5577 tribulatione,
804 5510 895 5583 qui
918 5511 1017 5566 das
1048 5509 1306 5565 auxilium
1337 5510 1389 5565 in
1420 5521 1471 5566 te
1500 5525 1724 5580 speran-

159 5586 316 5666 tibus,
346 5608 492 5658 tuum
524 5603 851 5675 adjutorium
883 5602 1110 5659 devotus
1144 5602 1357 5674 postulo
1390 5621 1401 5657 :
1438 5612 1498 5658 ut
1525 5605 1568 5659 si
1598 5600 1731 5660 mihi

158 5678 427 5769 victoriam
478 5711 642 5768 super
691 5697 791 5752 hos
844 5697 1029 5752 hostes
1075 5695 1319 5762 dederis,
1366 5704 1421 5751 et
1472 5706 1733 5768 expertus

226 5810 250 5837 ⁸
279 5800 655 5880 Vide_Aimon.
680 5808 936 5880 deReb._
950 5815 1087 5880 gest.
1119 5807 1317 5880 b‘ranc.
1348 5807 1441 5880 lib.
1464 5823 1510 5880 _l,
1538 5824 1592 5880 cf.
1631 5808 1724 5878 l5;

159 5858 369 5942 Gregor.
396 5858 881 5937 readiness."
894 5858 1092 5936 rma
1116 5858 1510 5953 Ῑίὺἷῖιζξὸζὲὲξ
1528 5858 1618 5938 2'9.

1763 4634 1815 4695 Π

1846 3381 2219 3440 clamaverunt
2240 3396 2419 3442 autem
2441 3405 2653 3457 omnes,
2675 3404 3044 3463 przccurrente
3072 3397 3447 3455 misericordia

1845 3482 1901 3530 et
1927 3478 2170 3546 potentia
2200 3479 2295 3534 Dei
2329 3499 2342 3536 :
2374 3480 2632 3539 Mortales
2648 3485 2777 3540 deos
2793 3485 3182 3558 relinquimus,
3215 3490 3451 3563 gloriose

1846 3583 1964 3635 rex,
2010 3580 2064 3626 et
2104 3587 2292 3626 verum
2338 3572 2507 3629 Deum
2551 3576 2931 3645 immortalem,
2964 3595 3125 3651 quem
3168 3581 3450 3655 Remigius

1845 3663 2107 3731 praedicat
2135 3665 2358 3720 credere
2388 3667 2564 3736 parati
2588 3684 2794 3726 sumus.
2828 3668 3163 3728 Nuntiautur
3187 3675 3292 3730 hoc
3314 3688 3446 3729 sau-

1844 3762 1932 3809 cto
1961 3755 2223 3828 Remigio.
2257 3756 2348 3812 Ille
2378 3775 2591 3830 quoque
2614 3762 2811 3832 gaudio
2838 3780 3033 3836 magno
3062 3766 3319 3838 repletus,
3348 3783 3444 3823 re-

1843 3863 1964 3918 gem
1991 3858 2046 3903 et
2077 3850 2353 3920 populum,
2400 3854 2638 3924 qualiter
2684 3858 2921 3922 diabolo,
2970 3868 3025 3914 et
3074 3861 3329 3928 operibus
3377 3877 3443 3919 ac

1844 3941 2058 4010 pompis
2085 3939 2202 4008 ejus
2231 3941 2621 3999 abrenuntiare
2648 3956 2703 4000 et
2739 3947 2793 4001 in
2827 3947 2995 4002 Deum
3027 3949 3251 4005 credere
3278 3950 3444 4007 debe-

1846 4041 1992 4094 rent,
2033 4033 2237 4100 apertis
2280 4040 2334 4088 et
2382 4035 2638 4091 brevibus
2668 4037 2848 4093 verbis
2896 4039 3170 4093 instruxit.
3204 4039 3272 4095 Et
3314 4042 3443 4112 quia

1843 4124 1957 4179 dies
1993 4125 2167 4180 sancti
2204 4126 2424 4181 Pascha:
2465 4128 2802 4197 imminebat,
2841 4130 3108 4202 jejunium
3136 4132 3439 4189 secundum

1841 4216 2280 4275 Christianorum
2308 4224 2752 4279 consuetudinem
2779 4225 2860 4280 eis
2892 4226 3110 4281 indixit.

1912 4309 2156 4367 XXXVI.
2191 4310 2287 4368 Dic
2313 4328 2445 4368 vero
2468 4315 2738 4383 passionis
2777 4314 3090 4383 Dominicua,
3130 4333 3291 4389 quem
3327 4318 3431 4374 Pa-

1843 4414 2106 4458 rasceven
2162 4419 2294 4459 usus
2336 4404 2741 4462 ecclesiasticus
2787 4416 2978 4475 vocat,
3017 4410 3193 4480 pridie
3231 4411 3445 4467 scilicet

1841 4503 2131 4564 antequam
2165 4496 2416 4575 baptismi
2446 4497 2678 4567 gratiam
2706 4513 2799 4553 rex
2826 4508 2881 4553 et
2906 4500 3133 4570 populus
3161 4500 3279 4570 ejus
3304 4518 3432 4572 per-

1839 4586 2051 4655 cepturi
2077 4596 2257 4652 erant,
2289 4600 2411 4642 cum
2442 4598 2663 4644 sanctus
2690 4585 2967 4661 Remigius
3019 4600 3073 4647 et
3104 4592 3440 4650 venerabilis

1841 4679 2034 4747 conjux
2064 4681 2204 4751 regis
2230 4679 2498 4746 Clotildis,
2533 4697 2631 4752 pro
2660 4684 2801 4755 regis
2831 4694 2885 4740 ct
2912 4686 3090 4756 populi
3121 4686 3237 4756 ejus
3260 4688 3438 4747 salute

1843 4770 1895 4822 'm
1925 4771 2172 4826 oratione
2202 4781 2572 4840 pernoctaret,
2606 4774 2889 4846 episcopus
2928 4787 3053 4832 ante
3090 4778 3262 4835 altare
3306 4796 3434 4836 san-

1840 4869 1941 4915 ctae
1976 4861 2160 4916 Mariae
2186 4862 2385 4918 multas
2420 4862 2702 4921 ell‘nndens
2742 4866 3034 4937 lacrymas,
3080 4876 3134 4922 et
3165 4870 3349 4940 regina
3378 4872 3434 4926 in

1839 4953 2079 5007 oratorio
2107 4955 2280 5008 sancti
2308 4953 2476 5022 Petri,
2501 4954 2658 5024 juxta
2697 4957 2915 5012 (tornum
2944 4957 3148 5028 regiam
3179 4977 3191 5013 :
3220 4960 3435 5030 expleta

1840 5045 2104 5112 oratione,
2139 5046 2381 5117 pontifex
2426 5049 2493 5104 ad
2523 5050 2723 5104 ostium
2754 5049 2886 5119 regii
2930 5050 3162 5106 cubiculi
3192 5051 3433 5121 pulsatu-

1841 5152 1935 5192 rus
1964 5139 2224 5195 accessit:
2252 5148 2311 5195 ut
2339 5141 2587 5195 videlicet
2617 5155 2716 5208 per
2736 5139 2844 5194 alta
2870 5141 3083 5195 silentia
3114 5144 3289 5199 noctis
3309 5144 3432 5202 aliis

1837 5232 1985 5286 curis
2016 5234 2123 5303 regi
2166 5233 2441 5297 absoluto,
2478 5232 2704 5288 liberius
2734 5242 2918 5303 posset
2961 5237 3302 5293 committere
3337 5254 3428 5293 sa-

1836 5341 1927 5380 cra
1963 5330 2218 5399 mysteria
2253 5329 2420 5383 verbi.
2452 5328 2624 5396 Quem
2666 5329 2821 5385 ostiis
2867 5332 3071 5402 apertis
3111 5332 3427 5390 cubicularii

1835 5417 1977 5487 regis
2023 5427 2335 5473 reverenter
2381 5419 2706 5489 suscipiunt,
2734 5429 2789 5475 et
2836 5436 2958 5476 cum
2999 5424 3207 5480 honore
3243 5426 3429 5482 debito

1841 5524 2013 5581 usque
2041 5509 2108 5565 ad
2157 5510 2456 5580 penetralia
2500 5512 2645 5581 regis
2684 5512 3056 5571 introducunt.
3112 5515 3218 5572 Sed
3246 5528 3301 5575 et
3330 5535 3428 5576 rex

1838 5600 2094 5657 alacriter
2115 5601 2164 5657 ei
2192 5601 2407 5657 obviam
2431 5603 2698 5673 prosiluit,
2718 5620 2952 5678 eumque
2976 5607 3276 5680 amplexus,
3299 5626 3423 5668 cum

1837 5694 1955 5766 ipso
1983 5704 2038 5750 et
2067 5696 2364 5753 venerabili
2402 5696 2632 5769 conjuge
2675 5698 2732 5755 in
2774 5701 3073 5756 oratorium
3122 5701 3423 5761 beatissimi

1907 5810 1953 5889 ιι-
1964 5816 2118 5889 Anno
2142 5810 2264 5889 499.
2283 5810 2595 5889 Ῡὶεζηᾷτθε.
2623 5810 2753 5872 Tur.
2772 5813 2839 5875 de
2856 5813 3003 5875 Gest.
3022 5812 3219 5889 Eranc.
3242 5816 3338 5876 lib.
3359 5834 3422 5875 ιι.

1835 5881 2012 5941 εηὸο.
2045 5880 2331 5941 Flodoard.
2351 5881 2481 5941 ibid.
