4038 6322
557 383 690 439 1159

1371 363 1705 426 IIINCMARI
1744 361 1960 418 RHEM.
1999 357 2318 415 ARCHIEP.
2355 354 2721 414 OPUSCULA
2762 353 2992 411 VARIA.

3696 351 3840 411 “00

551 494 698 554 petii
727 489 991 564 principis
1020 484 1410 559 apostolorum,
1443 479 1584 550 quod
1616 487 1674 532 ut
1701 476 1957 538 diximus,
1985 471 2136 564 cubi:
2165 472 2212 532 Α
2241 464 2571 564 faciesejus,
2599 468 2729 564 dum
2767 465 3149 564 respiceret—in
3343 465 3606 564 Dominus
3620 465 3842 564 iis“.

552 591 675 649 culo
706 562 851 659 regis
913 562 1230 652 contiguum
1276 584 1419 640 erat,
1451 571 1735 644 processit.
1774 567 2018 659 Cumque
2064 562 2140 618 illi

554 693 690 747 tres,
719 658 957 750 pontifex
990 672 1216 735 scilicet,
1245 677 1301 723 et
1338 683 1454 729 rex,
1494 674 1659 735 atque
1705 662 1913 732 regina,
1957 658 2140 727 dispo-

554 773 675 830 sitis
705 768 962 826 sedilibus
991 761 1388 825 consedissem,
1414 753 1896 812 circumstantibus
1926 751 2142 820 quibus-

554 865 678 920 dam
722 857 954 920 clericis,
986 853 1081 926 qui
1111 867 1234 908 cum
1270 848 1525 921 pontiﬁce
1565 853 1847 909 venerant,
1883 851 1940 897 et
1978 840 2139 895 fami-

552 951 776 1006 liaribus
803 946 950 1018 regis
971 953 1137 1014 atque
1165 941 1388 1013 regium,
1416 947 1472 993 et
1493 945 1715 992 sanctus
1736 932 1932 1004 przesul
1959 945 2142 1002 regem

552 1040 771 1098 monitis
799 1039 1099 1093 instrueret
1135 1031 1487 1094 salutaribus,
1519 1044 1585 1084 ac
1618 1023 1951 1097 evangelicis
1981 1022 2142 1078 disci—

549 1134 714 1207 plinis
743 1132 1009 1188 imbueret
1033 1147 1046 1185 :
1077 1128 1146 1184 ad
1166 1125 1595 1184 conﬁrmandam
1626 1135 1768 1176 verae
1794 1119 1918 1174 ﬁdei
1948 1115 2142 1187 praedi-

552 1225 854 1287 cationem,
906 1235 1004 1292 per
1058 1228 1306 1274 sanctum
1357 1216 1732 1286 depromptam
1791 1209 2134 1281 pontilicem,

551 1318 715 1374 etiam
763 1313 1050 1370 visibiliter
1102 1310 1388 1366 ostendere
1446 1307 1707 1363 Dominus
1763 1304 1930 1359 voluit
1995 1301 2140 1372 quod

551 1409 762 1467 cunctis
793 1407 1041 1463 ﬁdelibus
1069 1404 1318 1476 promisit
1343 1421 1355 1457 :
1384 1401 1486 1457 Ubi
1511 1410 1632 1456 sunt
1658 1400 1762 1454 duo
1790 1399 1866 1454 vel
1885 1408 1988 1452 tres
2015 1415 2140 1452 cou-

551 1502 749 1572 gregati
770 1502 827 1555 in
845 1501 1054 1554 nomine
1077 1513 1210 1562 meo,
1226 1497 1297 1550 ibi
1321 1512 1436 1550 sunt
1457 1496 1512 1549 in
1527 1493 1694 1548 medio
1711 1509 1890 1548 eorum
1916 1491 2133 1564 (Matth.

551 1595 709 1663 xvm)
737 1610 750 1646 :
785 1599 1005 1660 repente
1035 1605 1104 1644 na
1126 1603 1288 1658 mque
1317 1587 1411 1642 lux
1444 1596 1554 1641 tam
1583 1586 1822 1656 copiosa,
1856 1595 2022 1640 totam
2050 1597 2139 1638 re-

548 1683 715 1754 plevit
748 1680 1058 1745 ecclesiam,
1097 1686 1156 1734 ut
1203 1679 1508 1734 claritatem
1551 1676 1680 1732 solis
1727 1676 2002 1732 evinceret
2029 1717 2043 1739 ,
2083 1686 2139 1732 et

551 1789 672 1830 cum
701 1773 820 1828 luce
848 1787 954 1828 vox
976 1771 1186 1842 pariter
1219 1770 1401 1824 audita
1433 1784 1448 1822 :
1479 1769 1592 1823 Pax
1619 1768 1774 1823 vobis
1811 1785 1826 1834 ;
1863 1783 1964 1839 ego
1993 1784 2132 1823 sum.

550 1849 728 1919 Nolite
760 1865 951 1918 timere
966 1838 994 1927 ;’
1037 1871 1251 1916 manete
1295 1861 1350 1916 in
1385 1860 1674 1915 dilectione
1719 1875 1857 1916 mea.
1904 1838 1976 1913 Et
2017 1868 2139 1928 post
2170 1838 2213 1897 Β

549 1959 666 2014 huic
692 1947 857 2010 verba
889 1953 1004 2020 lux,
1032 1970 1154 2024 quae
1181 1955 1496 2016 advenerat,
1531 1951 1778 2016 recessit,
1814 1962 1870 2006 et
1906 1951 2140 2006 incredi-

549 2051 672 2105 bilis
715 2048 999 2104 suavitatis
1033 2048 1168 2102 odor
1215 2048 1269 2100 in
1317 2047 1508 2100 eadem
1557 2048 1718 2101 domo
1749 2045 2051 2100 remansit:
2083 2051 2142 2098 ut

549 2150 800 2212 patenter
842 2139 1236 2201 ostenderetur,
1268 2137 1392 2192 illuc
1426 2146 1702 2192 auctorem
1734 2137 1874 2192 lucis
1899 2146 1953 2192 et
1979 2136 2136 2206 pacis

551 2240 714 2301 atque
756 2227 1038 2284 suavitatis
1079 2226 1315 2281 venisse.
1357 2225 1527 2293 Quem
1576 2241 1737 2281 nemo
1782 2240 1997 2292 eorum,
2044 2226 2138 2296 qui

553 2324 802 2386 aderant,
831 2328 1028 2389 praeter
1066 2319 1400 2389 episcopum,
1425 2327 1648 2388 propter
1686 2317 1951 2389 fulgorem
1980 2318 2139 2373 lumi-

551 2413 636 2471 ni's
669 2414 861 2467 timore
888 2411 1146 2482 perculsi,
1179 2411 1374 2466 intueri
1410 2410 1698 2476 valuerint,
1730 2419 1988 2480 tantaque
2011 2410 2123 2465 cla-

559 2505 738 2559 ritatis
765 2503 938 2572 gloria
970 2501 1280 2570 pontiﬁcem
1304 2511 1550 2556 sanctum
1579 2501 1835 2571 perfudit,
1871 2510 1928 2554 ut
1960 2501 2140 2571 splen-

557 2596 656 2651 dor
683 2608 749 2647 ex
789 2606 852 2646 eo
890 2591 1216 2662 procedens,
1257 2590 1375 2660 plus
1414 2592 1758 2660 conspicuam
1801 2592 2042 2653 domum,
2084 2591 2137 2645 in

550 2701 657 2758 qua
686 2684 966 2748 sedebant,
995 2683 1309 2748 reddiderit,
1348 2698 1509 2752 quam
1539 2683 1886 2739 lucernorutu
1934 2684 2138 2739 lumina

555 2777 753 2831 ibidem
785 2774 1036 2831 lucentia.

624 2867 887 2922 XXXVII.
925 2866 1039 2922 Rex
1073 2867 1256 2937 itaque
1285 2874 1340 2922 et
1387 2867 1574 2940 regina
1603 2866 1830 2938 pedibus
1867 2867 2037 2922 sancti
2078 2882 2139 2924 se

550 2969 906 3033 prosternunt
961 2961 1277 3025 sacerdotis,
1309 2969 1364 3016 et
1412 2975 1536 3016 cum
1596 2975 1792 3031 magno
1834 2974 2034 3030 pavore
2074 2975 2139 3015 ac

552 3055 750 3125 gemitu
780 3052 1207 3109 consolationem
1235 3051 1350 3122 ejus
1379 3053 1682 3122 requirunt,
1712 3061 1767 3107 et
1789 3053 1915 3122 quid
1940 3053 2040 3107 sibi
2071 3051 2138 3106 ad

550 3146 842 3204 utilitatem
879 3154 1040 3217 atque
1081 3146 1308 3202 salutem
1352 3147 1625 3216 pertinent
1664 3154 1810 3201 esset
1846 3146 2136 3215 agendum,

550 3257 674 3299 cum
722 3259 913 3314 magna
963 3250 1219 3311 expetunt
1267 3241 1570 3307 devotione,
1616 3242 1788 3312 parati
1827 3241 2036 3306 audire,
2083 3250 2136 3296 et

547 3350 714 3406 opere
750 3335 1022 3406 complere
1068 3351 1188 3405 quae
1237 3350 1267 3388 a
1317 3343 1508 3389 sancto
1551 3332 1807 3403 pontiﬁce
1841 3334 2134 3388 discerent.

548 3427 683 3485 Nam
712 3429 912 3494 lumen,
946 3428 1087 3498 quod
1113 3443 1208 3483 eos
1245 3428 1485 3482 exterius
1517 3426 1774 3496 perfudit,
1807 3427 1969 3480 etiam
2000 3427 2139 3480 inte-

551 3521 664 3576 rius
689 3512 1036 3584 illuminavit,
1055 3529 1108 3572 et
1136 3519 1202 3572 ad
1229 3521 1580 3587 quaerendum
1611 3519 1826 3574 salubre
1853 3518 2138 3573 consilium

548 3611 817 3665 incitavit.
852 3609 1275 3664 Delectahantur
1305 3625 1540 3678 namque
1575 3611 1627 3663 in
1661 3611 1838 3664 verbis
1884 3611 1986 3664 illis
2020 3625 2140 3680 quae

551 3701 859 3766 audierant,
891 3699 1018 3756 licet
1041 3699 1287 3754 exterriti
1313 3708 1494 3755 essent
1526 3701 1590 3756 de
1619 3700 1839 3756 luminis
1867 3701 2133 3758 claritate.

551 3791 623 3846 At
649 3803 776 3846 vero
801 3791 887 3844 vir
908 3799 1152 3857 sanctus,
1182 3799 1367 3846 sancta
1401 3791 1636 3862 repletus
1657 3792 1942 3861 sapientia,
1974 3795 2140 3865 coepit

552 3901 646 3944 eos
675 3885 969 3950 instruere,
993 3886 1133 3940 hanc
1153 3899 1272 3940 esse
1304 3885 1528 3940 visionis
1555 3885 1752 3941 divinze
1779 3895 1942 3957 atque
1969 3903 2138 3960 ange-

550 3980 667 4037 lica!
690 3981 1158 4044 consuetudinem,
1183 3990 1241 4034 ut
1265 3980 1318 4035 in
1342 3980 1572 4036 adventu
1591 3995 1690 4037 suo
1715 3990 1956 4037 terreant
1975 3983 2138 4038 corda

555 4072 887 4137 mortalium,
917 4072 1012 4127 sed
1035 4072 1383 4142 subsequenti
1411 4073 1780 4129 consolatione
1800 4073 2142 4129 demulceaut

549 4165 943 4236 praecedentem
975 4164 1222 4220 timorem
1251 4183 1264 4218 :
1293 4166 1569 4221 instruens
1597 4180 1690 4221 eos
1713 4180 1782 4220 ex
1811 4166 2140 4221 auctoritate

551 4266 862 4314 sanctarum
887 4257 1314 4328 Scripturarum,
1361 4257 1630 4327 quomodo
1666 4257 1912 4328 singulis,
1944 4259 2140 4329 quibus

551 4359 935 4423 apparuerant,
971 4359 1027 4404 et
1062 4352 1114 4412 in
1156 4351 1453 4422 primordio
1497 4351 1851 4422 apparitionis
1901 4352 2141 4408 incusse-

553 4444 662 4498 rint
707 4441 1014 4498 vident-ibus
1055 4458 1113 4498 se
1147 4442 1418 4509 timorem,
1451 4443 1546 4499 sed
1594 4451 1717 4514 post
1761 4458 1860 4513 per
1911 4444 2142 4514 gratiam

553 4533 961 4598 consolationis,
982 4533 1348 4604 gratissimam
1370 4549 1558 4588 eorum
1580 4534 1839 4589 cordibus
1860 4536 2139 4604 przebuere

555 4627 754 4684 laetitim
798 4627 1144 4682 hilaritatem.
1187 4627 1430 4698 Cumque
1462 4629 1544 4682 vir
1578 4638 1801 4684 sanctus
1832 4629 1899 4684 de
1941 4629 2139 4686 talibus

553 4736 647 4778 eos
702 4717 1030 4775 sufﬁcienter
1084 4720 1472 4789 instruxisset,
1527 4722 1842 4792 prophetico
1901 4722 2140 4794 repletus

553 4814 768 4886 spiritu,
797 4821 989 4869 cuncta
1019 4828 1139 4883 quae
1168 4814 1249 4870 eis
1300 4814 1383 4868 vel
1428 4815 1623 4872 semini
1649 4832 1836 4873 eorum
1879 4827 2137 4874 eventura

553 4917 728 4972 erant,
761 4907 1010 4978 praedixit
1041 4925 1053 4961 :
1088 4907 1323 4978 qualiter
1351 4908 1577 4976 scilicet,
1603 4925 1923 4966 successura
1950 4925 2139 4966 eorum

554 5000 841 5070 posteritas
901 5015 1124 5071 regnum
1177 5009 1322 5056 esset
1389 5001 1721 5058 nobilissime
1774 5011 2140 5074 prOpagatura

555 5100 718 5160 atque
753 5091 1138 5162 gubernatura,
1173 5101 1228 5146 et
1269 5103 1510 5148 sanctam
1545 5093 1846 5150 Ecclesiam
1877 5095 2139 5151 sublima-

555 5188 700 5246 tura,
740 5181 993 5251 omnique
1017 5181 1261 5239 Romana
1295 5184 1558 5255 dignitate
1580 5199 1856 5255 regnoque
1881 5187 2140 5256 petitura,

553 5279 607 5324 et
637 5271 892 5325 victorias
919 5281 1109 5326 contra
1129 5273 1358 5327 aliarum
1382 5274 1622 5344 gentium
1655 5275 1906 5329 incursus
1929 5277 2144 5346 adeptu-

554 5376 636 5425 ra,
686 5360 788 5414 nisi
823 5359 960 5416 forte
997 5377 1026 5415 a
1071 5363 1213 5418 bono
1261 5363 1676 5434 degenerantes,
1706 5365 1850 5418 viam
1899 5367 2145 5424 veritatis

557 5452 894 5523 reliquerint,
934 5461 988 5507 et
1018 5453 1262 5512 diversos
1307 5457 1559 5512 vitiorum
1594 5456 1795 5513 fuerint
1842 5458 2011 5514 secuti
2045 5473 2133 5513 an-

557 5541 760 5598 fractus
788 5561 801 5596 :
830 5545 1024 5614 quibus
1049 5547 1245 5619 negligi
1274 5549 1640 5605 ecclesiastica
1663 5550 1813 5606 'solet
1837 5551 2138 5622 disciplina,

558 5644 613 5688 et
641 5636 835 5704 quibus
863 5637 1002 5693 Deus
1027 5638 1320 5694 offenditur
1347 5659 1359 5693 :
1403 5657 1467 5696 ac
1497 5656 1595 5711 per
1626 5642 1731 5698 hoc
1765 5657 1931 5713 regna
1970 5642 2145 5698 solent

561 5729 821 5795 subverti,
851 5741 1012 5802 atque
1034 5733 1101 5788 de
1132 5743 1289 5804 gente
1317 5735 1370 5788 in
1400 5745 1614 5807 gentem
1646 5735 1946 5791 transferri.
1992 5736 2144 5804 Quod

565 5815 630 5869 dc
657 5815 837 5885 Moyse
871 5823 1129 5889 scriptum
1157 5823 1406 5893 legimus,
1436 5827 1561 5895 quia
1589 5828 1868 5902 splendida
1903 5829 2038 5884 facta
2063 5837 2146 5886 est

2241 563 2430 630 xxxiv)
2462 576 2476 614 :
2505 561 2605 616 hoc
2635 569 2690 616 et
2716 560 2770 613 in
2796 560 3015 616 beatum
3046 556 3352 628 Remigium
3386 558 3507 614 luce
3549 560 3838 629 splendida

2241 658 2589 720 illustratum,
2612 655 2813 711 factum
2843 654 3011 709 fuisse
3040 654 3345 708 audivimus
3377 670 3392 707 :
3432 654 3696 723 quoniam
3729 654 3840 708 sic-

2243 760 2300 804 ut
2327 749 2538 821 Moyses
2581 747 2857 819 legislator
2902 745 3084 818 populi
3131 745 3331 800 veteris
3371 754 3490 799 erat
3524 760 3555 797 a
3604 744 3836 798 Domino

2241 842 2591 908 constitutus,
2640 840 2714 895 ita
2750 848 2804 893 et
2843 837 2906 893 Β.
2957 837 3235 908 Remigius
3291 835 3621 908 evangelica:
3651 836 3838 906 gratia:

2241 934 2379 989 lator
2405 933 2625 1004 populo,
2658 933 2713 988 in
2743 931 2992 1001 proximo
3023 943 3119 1002 per
3140 928 3347 984 fontem
3378 928 3736 1000 baptismatis
3758 929 3838 982 in-

2241 1025 2495 1081 novando
2523 1023 2738 1079 exstitit
2761 1036 2989 1077 munere
3013 1019 3215 1077 Christi
3243 1019 3468 1076 electus.

2312 1153 2597 1211 XXXVIII.
2656 1154 2866 1209 Interea
2911 1153 3074 1209 eundi
3131 1154 3218 1208 via
3261 1153 3327 1208 ad
3384 1154 3771 1225 baptisterium
3805 1170 3836 1209 ι

2241 1247 2402 1303 domo
2431 1248 2580 1319 regia
2602 1254 2960 1317 praeparatur,
2993 1245 3130 1303 velis
3159 1261 3226 1302 ac
3253 1247 3483 1302 cortinis
3509 1247 3749 1317 depictis
3773 1263 3839 1302 ex

2241 1348 2472 1408 utraque
2503 1347 2656 1410 parte
2682 1338 3046 1410 protenditur,
3077 1347 3132 1394 et
3169 1339 3401 1408 desuper
3448 1337 3839 1405 adumbratur,

2239 1431 2430 1502 plateae
2447 1439 2786 1498 sternuntur,
2826 1430 3070 1488 ecclesia:
3091 1431 3433 1503 componitur
3451 1431 3843 1501 baptisterium

2241 1525 2482 1581 balsamo
2510 1533 2569 1579 et
2604 1525 2818 1580 caeteris
2865 1523 3237 1580 odoramentis
3284 1524 3714 1594 conspergitur:
3763 1532 3844 1577 ta-

2241 1616 2455 1687 lemque
2485 1617 2717 1688 gratiam
2741 1616 3001 1672 Dominus
3028 1616 3478 1671 subministrabat
3515 1617 3571 1670 in
3612 1617 3841 1688 populo,

2241 1718 2300 1765 ut
2320 1710 2701 1765 existimarent
2729 1723 2790 1764 se
2818 1709 3056 1779 paradisi
3085 1709 3341 1764 odoribus
3361 1708 3842 1777 refoveri.Sicque

2242 1803 2668 1874 prmcedentibus
2705 1803 3066 1858 sacrosanctis
3117 1801 3443 1873 Evangeliis,
3472 1810 3526 1856 et
3574 1803 3842 1857 omnibus

2243 1912 2365 1951 cum
2390 1897 2619 1967 hymnis,
2653 1905 2708 1951 et
2741 1895 2969 1951 canticis
2989 1895 3359 1966 spiritualibus
3387 1903 3550 1965 atque
3600 1895 3836 1960 litaniis,

2243 1996 2666 2059 sanctorumque
2692 1988 3004 2044 nominibus
3037 1987 3373 2053 acclamatis,
3399 1997 3622 2043 sanctus
3654 1991 3842 2059 ponti~

2244 2083 2330 2137 fex
2353 2098 2571 2136 manum
2603 2091 2790 2137 tenens
2833 2080 2997 2151 regis,
3046 2095 3077 2135 a
3121 2081 3281 2136 domo
3340 2082 3485 2152 regia
3535 2084 3727 2152 pergit
3769 2084 3838 2136 ad

2242 2175 2645 2245 baptisterium,
2677 2176 3043 2244 subsequente
3072 2175 3260 2246 regina
3316 2183 3370 2229 et
3429 2175 3652 2247 populo.
3697 2176 3838 2231 Dum

2242 2278 2422 2323 autem
2450 2269 2610 2323 simul
2638 2276 2945 2339 pergerent,
2979 2282 3075 2322 rex
3125 2268 3478 2338 interrogavit
3507 2267 3831 2339 episcopum

2242 2359 2428 2415 dicens
2475 2377 2487 2413 ε
2536 2360 2793 2426 Patrone,
2825 2367 2909 2414 est
2957 2359 3062 2414 hoc
3103 2374 3330 2431 regnum
3366 2359 3482 2426 Dei,
3512 2361 3660 2430 quod
3705 2362 3838 2417 mihi

2241 2452 2555 2522 promittis?
2615 2451 2712 2508 Cui
2759 2453 3092 2522 episcopus:
3147 2452 3265 2508 Non
3317 2460 3400 2508 est
3461 2452 3588 2519 hoc,
3632 2455 3838 2524 inquit,

2240 2547 2372 2601 illud
2400 2561 2648 2617 regnum,
2689 2546 2785 2601 sed
2816 2545 3027 2599 initium
3057 2545 3178 2610 vim,
3204 2560 3302 2615 per
3324 2559 3486 2614 quam
3514 2546 3743 2600 venitur
3772 2547 3838 2600 ad

2242 2638 2390 2692 illud.
2421 2637 2555 2692 Cum
2606 2653 2736 2692 vero
2783 2636 3158 2706 pervenissent
3185 2636 3254 2689 ad
3283 2635 3697 2706 baptisterium,
3731 2638 3838 2692 cle-

2242 2729 2386 2784 ricus
2413 2729 2503 2798 qui
2532 2729 2768 2784 chrisma
2814 2726 3043 2793 ferebat,
3073 2745 3102 2782 a
3130 2729 3328 2800 populo
3346 2739 3433 2784 est
3471 2731 3834 2800 interceptus,

2241 2831 2300 2876 ut
2331 2822 2398 2876 ad
2431 2821 2633 2877 fontem
2663 2823 2850 2877 venire
2885 2823 3210 2892 nequiverit.
3238 2822 3594 2878 Sanctiﬁcato
3645 2833 3830 2878 autem

2243 2912 2409 2979 fonte,
2476 2923 2607 2967 nutu
2655 2913 2839 2968 divino
2882 2913 3117 2968 chrisma
3166 2912 3361 2970 defuit.
3413 2913 3484 2969 Et
3527 2917 3655 2984 quia
3707 2931 3836 2984 pro-

2240 3016 2361 3076 pter
2381 3005 2562 3076 populi
2593 3020 2901 3076 pressuram
2929 3005 3021 3060 ulli
3048 3021 3156 3060 non
3197 3007 3420 3075 patebat
3462 3021 3723 3076 egressus
3746 3023 3839 3062 ec-

2242 3097 2440 3162 clesiae,
2467 3097 2549 3152 vel
2579 3098 2875 3167 ingressus,
2907 3106 3127 3152 sanctus
3147 3096 3395 3168 pontifex
3418 3097 3594 3152 oculis
3623 3113 3692 3153 ac
3717 3114 3838 3151 ma-

2166 3206 2212 3270 ρ
2244 3190 2404 3245 nibus
2426 3191 2698 3261 protensis
2741 3191 2794 3244 in
2839 3190 3062 3254 coelum,
3095 3191 3262 3261 coepit
3305 3198 3471 3245 tacite
3517 3205 3678 3244 orare
3710 3205 3842 3244 cum

2244 3283 2516 3356 lacrymis.
2545 3283 2611 3336 Et
2647 3298 2774 3338 ecce
2833 3283 3011 3338 subito
3054 3283 3303 3338 columba
3353 3284 3480 3337 nive
3553 3284 3845 3339 candidior

2242 3375 2421 3431 attulit
2449 3377 2499 3430 in
2521 3384 2700 3431 rostro
2719 3375 3089 3445 ampullulam,
3121 3377 3417 3431 chrismate
3464 3387 3667 3433 sancto
3726 3379 3845 3448 ple-

2241 3487 2388 3536 nam,
2405 3468 2557 3539 cujus
2579 3470 2746 3525 odore
2773 3470 3004 3526 miriﬁco
3029 3485 3194 3539 super
3229 3485 3415 3525 omnes
3439 3471 3680 3536 odores,
3711 3489 3846 3542 quos

2207 3571 2367 3625 _ante
2409 3563 2462 3614 in
2510 3561 2830 3630 baptisterio
2873 3572 3182 3628 senserant,
3215 3577 3396 3617 omnes
3435 3563 3532 3631 qui
3578 3565 3843 3629 aderant,

2242 3655 2604 3709 inaestimabili
2664 3656 2930 3710 suavitate
2979 3655 3168 3725 repleti
3214 3666 3356 3710 sunt.
3383 3655 3714 3725 Accipiente
3759 3675 3846 3712 auc

2245 3757 2350 3803 tem
2375 3758 2566 3801 sancto
2604 3745 2858 3817 pontiﬁce
2897 3746 3045 3801 illam
3077 3747 3450 3816 ampullulam,
3485 3749 3708 3819 species
3753 3766 3850 3805 co-

2242 3838 2436 3893 lumbae
2466 3838 2749 3908 disparuit.
2780 3837 2856 3894 De
2882 3853 2992 3909 quo
3012 3839 3310 3895 chrismate
3329 3840 3475 3895 fudit
3493 3845 3847 3898 venerandus

2243 3931 2528 4002 episcopus
2553 3931 2606 3985 in
2630 3929 2870 3986 frontem
2901 3940 3196 3986 sacratum.

2313 4064 2554 4120 XXXIX.
2586 4064 2712 4120 Viso
2734 4075 2914 4121 autem
2943 4081 3040 4122 rex
3067 4074 3216 4122 tanto
3243 4066 3533 4133 miraculo,
3555 4069 3850 4140 abnegatis

2243 4160 2442 4216 diaboli
2471 4162 2684 4232 pompis
2707 4169 2763 4216 et
2789 4161 3046 4232 operibus
3084 4161 3220 4231 ejus,
3270 4163 3431 4232 petiit
3483 4179 3543 4219 se
3572 4179 3608 4218 ιι
3654 4176 3851 4220 sancto

2243 4251 2496 4324 pontiﬁce
2543 4253 2827 4324 baptizari.
2858 4251 3111 4309 Procedit
3135 4269 3308 4309 novus
3336 4253 3744 4312 Constantinus
3781 4257 3852 4312 ad

2243 4344 2520 4401 lavacrum
2549 4344 2910 4411 salutiferum,
2937 4347 2990 4400 in
3037 4361 3146 4417 quo
3197 4347 3411 4404 delendi
3465 4361 3631 4405 erant
3681 4350 3854 4422 lepra

2243 4439 2444 4493 veteris
2510 4439 2687 4494 morbi
2749 4439 3141 4510 sordentesque
3193 4440 3431 4512 antiquae
3486 4454 3852 4513 peccatorum

2247 4531 2472 4586 macula:
2498 4531 2786 4599 diluendte,
2818 4531 2988 4588 divini
3033 4535 3246 4589 muneri
3294 4533 3640 4605 obsequente
3685 4537 3853 4591 bean

2244 4622 2512 4693 Remigio,
2541 4624 2598 4678 in
2646 4639 2754 4694 quo
2797 4625 3094 4695 apostolica
3137 4625 3409 4693 doctrina,
3454 4636 3512 4683 et
3573 4628 3851 4683 virtutum

2244 4715 2417 4785 gratia
2472 4715 2611 4772 alter
2665 4716 3041 4786 repraesentari
3091 4717 3377 4773 videbatur
3408 4717 3698 4775 Silvester.
3769 4721 3856 4774 Iu-

2244 4823 2430 4880 gresso
2477 4821 2660 4866 autem
2695 4810 2748 4865 in
2786 4810 2990 4867 fontem
3035 4810 3256 4867 vitalem
3283 4811 3580 4878 Clodoveo,
3623 4823 3855 4869 sanctus

2191 4893 2208 4908 “
2243 4899 2530 4970 episcopus
2565 4901 2701 4956 dixit
2743 4916 2839 4958 ore
2889 4901 3167 4958 facundo:
3203 4901 3362 4966 Mitis,
3411 4902 3629 4974 depone
3682 4905 3851 4967 colla,

2246 4988 2532 5048 Sicamber
2573 5005 2588 5044 :
2636 4991 2802 5046 adora
2858 4991 3003 5062 quod
3051 4984 3366 5056 incendisti,
3412 4992 3647 5048 incende
3698 4993 3854 5064 quod

2245 5083 2485 5139 adorasti
2511 5101 2524 5138 :
2550 5083 2837 5154 praeceptis
2863 5083 3190 5139 salutaribus
3221 5082 3371 5138 illum
3405 5082 3707 5140 instituens
3748 5087 3856 5140 bu-

2246 5181 2363 5236 mili
2392 5181 2676 5237 devotione
2699 5179 2947 5236 venerari
2975 5179 3232 5236 ecclesias
3266 5179 3334 5234 ad
3384 5179 3592 5235 cultum
3620 5181 3855 5254 religio-

2249 5276 2333 5330 nis
2352 5275 2668 5338 tediﬁcatas,
2701 5282 2762 5328 ut
2788 5272 2961 5330 Deum
2991 5274 3245 5329 adoraret
3279 5273 3334 5327 in
3363 5273 3446 5328 eis
3484 5288 3623 5343 quas
3663 5275 3858 5345 rigida

2247 5368 2574 5438 profanitate
2603 5367 2893 5423 incendere
2917 5375 3296 5432 consueverat,
3341 5375 3399 5421 et
3424 5366 3591 5431 idola,
3621 5382 3754 5436 qua
3799 5369 3858 5423 in

2247 5459 2410 5532 asylis
2452 5458 2565 5514 suis
2618 5473 2718 5527 pro
2762 5459 2873 5514 Deo
2922 5456 3148 5513 adorare
3197 5455 3432 5523 solebat,
3473 5457 3597 5513 ﬁdei
3643 5459 3860 5516 ardore

2249 5568 2562 5618 succensus,
2578 5551 2878 5620 dejiciendo
2906 5553 3215 5609 incendere.
3243 5551 3410 5623 Cujus
3437 5553 3720 5622 sapientia
3748 5555 3858 5610 mi-

2248 5644 2417 5699 randa
2450 5654 2534 5701 est
2575 5660 2625 5698 tn
2656 5646 2922 5701 brevitate
2948 5659 3281 5710 sermonum,
3308 5645 3506 5715 quibus
3545 5646 3858 5703 discretio-

2252 5751 2372 5790 nem
2403 5736 2642 5791 osieudit
2673 5736 2813 5792 inter
2836 5735 2980 5790 illam
3004 5735 3377 5791 adorationem
3426 5743 3486 5790 et
3517 5739 3857 5793 servitutem

2254 5844 2414 5900 quam
2437 5830 2579 5884 cultu
2611 5829 2878 5887 divinitati
2915 5831 3118 5897 debito,
3152 5831 3260 5887 Deo
3297 5829 3421 5900 soli,
3446 5828 3603 5900 juxta
3644 5846 3858 5901 pucea
