4038 6322
167 340 335 417 ⁵ιι6ι

1456 353 1617 410 \‘lTA
1657 350 1904 411 SANCTI
1936 348 2217 411 REMlGiI.

3329 353 3475 408 “ﬁ!

189 485 353 547 ptum
379 473 552 542 ipsius
567 469 743 543 (Deut.
770 468 863 540 vn),
890 483 995 525 non
1020 475 1202 523 autem
1232 466 1324 522 uili
1349 475 1614 522 creaturae
1638 465 1791 520 exbi-
1816 473 1865 530 Α
1893 466 2085 519 durum
2114 475 2300 545 contra
2329 468 2554 521 luxuria:
2589 450 2868 521 mollitiem
2895 478 2990 519 cor
3027 464 3264 535 episcopi
3293 467 3471 521 emol-

190 565 447 620 bendarn
475 571 677 618 saneta:
708 560 1005 630 Scriptura:
1033 559 1264 615 lectione
1305 557 1700 629 cognoscimus.
1724 555 1793 610 Et
1840 571 1844 575 ‘

188 654 275 710 sic
330 662 463 722 post
490 650 883 707 confessionem
921 649 1234 704 orthodoxa:
1260 646 1408 711 ﬁdei,
1440 646 1507 701 ad
1555 645 1789 700 interro-

187 744 477 816 gationem
503 740 674 798 sancti
701 741 971 811 pontiﬁcis
1019 739 1314 796 secundum
1356 736 1788 796 ecclesiasticum

186 850 409 890 morem
463 835 769 904 baptizatus
818 843 900 889 est
947 833 1088 887 trina
1136 832 1409 887 mersione
1462 831 1517 884 in
1570 828 1788 883 nomine

186 935 404 980 santh
455 934 514 980 et
556 924 845 979 individua:
888 922 1189 988 Trinitatis,
1218 922 1417 985 Patris,
1457 930 1513 975 et
1565 919 1688 974 Filii
1735 927 1788 973 et

186 1015 438 1085 Spiritus
460 1015 654 1070 sancti.
693 1014 760 1068 Et
790 1022 1073 1083 susceptus
1119 1014 1188 1067 ab
1242 1012 1361 1082 ipso
1415 1009 1671 1080 pontiﬁce
1720 1009 1787 1063 de

184 1114 386 1161 sancto
432 1105 586 1162 fonte
651 1114 945 1176 perunctus
993 1113 1078 1160 est
1122 1118 1281 1160 sacro
1307 1102 1616 1165 chrismate,
1661 1115 1785 1154 cum

182 1196 348 1266 signo
398 1204 607 1251 sancite
656 1197 835 1251 crucis
889 1194 1101 1250 Domini
1161 1193 1330 1249 nostri
1380 1192 1507 1247 Jesu
1557 1190 1779 1245 Christi.

190 1288 566 1359 Baptizantur
588 1298 765 1343 autem
797 1289 862 1343 de
883 1288 1123 1344 exercitu
1145 1286 1261 1355 ejus
1283 1287 1383 1341 tria
1428 1284 1595 1340 millia
1636 1285 1781 1339 viro-

187 1396 337 1448 rum,
368 1384 620 1451 exceptis
644 1382 885 1453 parvulis
932 1391 989 1437 ct
1045 1382 1383 1437 mulieribus.
1421 1380 1771 1451 Baptizantur

180 1486 414 1528 sorores
437 1472 861 1541 ejusAlbolledis
883 1481 938 1528 et
962 1472 1328 1537 Landehildis,
1357 1479 1413 1525 et
1458 1469 1658 1525 factum
1700 1478 1783 1523 est

178 1563 450 1632 gaudium
480 1579 735 1635 magnum
764 1563 818 1618 in
850 1563 936 1618 illa
966 1562 1054 1619 die
1075 1562 1281 1634 angelis
1306 1560 1509 1617 sanctis
1536 1561 1589 1615 in
1613 1559 1776 1625 cmlo,

177 1663 236 1708 et
264 1654 591 1709 hominibus
614 1655 824 1711 devotis
851 1657 905 1710 in
933 1665 1099 1711 terra.
1137 1654 1287 1709 Multi
1316 1655 1547 1722 denique
1576 1651 1782 1706 .Fran-

179 1757 379 1798 eorum
429 1744 724 1809 exercitus,
752 1745 981 1800 necdum
1029 1744 1096 1799 ad
1140 1745 1300 1799 ﬁdem
1358 1741 1630 1805 conversi,
1655 1756 1777 1796 cum

1888 553 2071 621 lirent,
2098 564 2153 610 et
2175 558 2327 625 quasi
2352 570 2537 627 rupem
2568 571 2786 611 saxeam
2820 556 2889 611 de
2923 554 3043 610 loco
3071 570 3183 611 sute
3210 558 3472 612 sanctitao

1888 644 1960 699 tis
2010 645 2078 699 ad
2121 645 2346 701 luxuriae
2387 647 2791 718 inquinamenta
2819 649 3212 713 transtulerint,
3254 658 3310 704 et
3334 650 3477 705 item

1888 742 2075 789 contra
2107 735 2439 805 Scripturam
2486 740 2754 797 dicentem
2785 756 2800 794 :
2834 738 2964 805 Quis
3010 741 3249 812 alligabit
3294 743 3470 812 ignem
3500 758 3503 763 ·

1888 825 1942 878 in
1993 826 2112 880 sinu
2163 844 2282 893 suo,
2331 838 2379 882 et
2417 833 2716 886 vestimenta
2762 831 2880 901 ejus
2927 848 3032 886 non
3062 832 3471 887 comburantur?

1888 916 2072 986 (Prov.
2110 919 2212 989 γι.)
2255 920 2484 976 Admota
2549 922 2660 994 igni
2719 923 2895 993 palea,
2952 924 3005 978 id
3058 932 3142 978 est
3188 924 3470 980 muliebris

1885 1009 2066 1062 carnis
2094 1010 2345 1075 materia,
2392 1010 2633 1068 libidinis
2673 1013 2853 1083 ignem
2895 1015 3150 1070 suasione
3179 1013 3468 1076 diabolica,

1885 1099 2039 1166 quasi
2070 1109 2230 1154 vento
2251 1100 2555 1157 vehementi
2583 1103 2908 1173 exagitante,
2942 1107 3103 1159 ardor
3146 1104 3373 1159 luxuriae
3412 1103 3469 1158 in

1884 1186 2130 1244 ﬂammas
2179 1191 2378 1260 erupit.
2404 1190 2471 1245 Et
2520 1193 2910 1247 concumbente
2960 1208 3026 1249 eo
3076 1209 3203 1250 cum
3252 1195 3485 1260 eadem,‘

1883 1279 2155 1349 quondam
2198 1295 2369 1335 uxore
2397 1296 2517 1346 sua,
2558 1281 2752 1335 mulier
2779 1282 3027 1353 concepit
3057 1300 3072 1338 :
3104 1293 3158 1338 et
3188 1293 3313 1354 post
3337 1282 3487 1354 para‘

1884 1378 1996 1423 tum
2045 1371 2317 1425 mandavit
2363 1372 2618 1442 episcopo
2666 1372 2832 1427 tilium
2861 1388 2920 1428 se
2956 1374 3249 1443 peperisse.
3286 1373 3468 1430 Gene-

1882 1459 2078 1515 baldus
2117 1476 2246 1516 vero
2276 1461 2533 1518 confusus
2560 1471 2617 1517 et
2640 1463 2850 1528 dolens,
2892 1465 3083 1519 nuntio
3106 1464 3243 1519 dixit
3271 1482 3287 1519 :
3330 1465 3468 1532 Quia

1883 1550 2189 1619 latrocinio,
2243 1564 2305 1609 ut
2345 1553 2543 1609 lateret
2593 1555 2862 1622 homines,
2898 1557 3042 1627 quod
3088 1557 3256 1613 Deum
3298 1556 3471 1614 latere

1882 1659 1989 1698 non
2020 1645 2216 1713 potuit,
2244 1645 2296 1699 in
2319 1645 2554 1701 cubiculi
2578 1646 2844 1702 absconso
2872 1656 3161 1717 generatus
3185 1657 3289 1715 est,
3317 1658 3467 1706 recte

1882 1735 2164 1789 vocabitur
2192 1734 2375 1790 Latro.
2421 1735 2513 1791 Sic
2561 1737 2612 1791 ei
2662 1750 2857 1792 nomen
2909 1737 3171 1807 imponat.
3225 1739 3291 1793 Et
3336 1740 3468 1808 quia

178 1834 510 1909 Raganario
541 1838 679 1892 ultra
701 1836 979 1891 Summam
1005 1836 1227 1891 [luvium
1258 1834 1572 1905 aliquandiu
1620 1834 1778 1904 dege-
1806 1817 1855 1877 B
1885 1824 2041 1895 culpa
2068 1823 2376 1880 hominibus
2407 1841 2513 1880 non
2543 1825 2797 1891 innotuit,
2828 1841 2896 1881 ne
2920 1827 3157 1896 suspicio
3185 1827 3313 1883 inde
3339 1842 3466 1898 pro-

178 1942 336 1996 ruut,
376 1931 556 1985 donec
595 1928 800 1984 Christi
831 1928 1004 1999 gratia
1032 1936 1381 1998 cooperante,
1415 1925 1662 1995 gloriosis
1689 1939 1779 1993 po-

184 2026 320 2080 titus
338 2023 610 2086 victoriis,
633 2021 881 2075 eumdem
904 2018 1292 2089 Raganarium,
1314 2016 1530 2087 flagitiis
1548 2014 1780 2085 turpitu-

182 2115 379 2170 dinem
425 2113 857 2177 inservientem,
882 2112 1121 2166 vinctum
1167 2125 1200 2164 a
1245 2108 1492 2173 Francis,
1524 2108 1626 2163 sibi
1671 2115 1780 2161 tra-

177 2208 360 2262 ditum
401 2221 502 2261 rex
527 2203 838 2260 Ludovicus
871 2203 1094 2268 occidit,
1116 2211 1171 2258 et
1197 2216 1414 2257 omnem
1445 2200 1778 2254 Francorum

178 2297 450 2368 populum
476 2312 575 2367 per
601 2298 663 2351 B.
694 2288 998 2368 Remigium
1037 2296 1103 2351 ad
1151 2295 1310 2352 ﬁdem
1333 2294 1577 2351 converti
1605 2302 1659 2349 et
1685 2293 1779 2349 ba-

179 2388 387 2458 ptizari
416 2387 676 2442 obtinuit.

252 2477 374 2533 XL.
418 2477 513 2531 De.
546 2476 808 2533 miraculo
851 2475 1117 2547 siquidem
1145 2516 1161 2543 ,
1207 2477 1349 2546 quod
1382 2475 1644 2530 Dominus
1693 2474 1779 2529 di-

178 2576 387 2639 gnatus
411 2575 495 2622 est
518 2565 805 2623 ostendere
834 2582 931 2637 per
965 2566 1226 2622 columbae
1268 2565 1525 2637 speciem,
1567 2565 1619 2617 in
1650 2563 1781 2616 alla-

182 2659 338 2710 tione
364 2655 700 2722 chrismatis,
729 2657 868 2712 sicut
900 2665 955 2711 et
982 2657 1049 2710 de
1079 2655 1220 2721 aliis,
1260 2665 1380 2709 rata
1423 2662 1510 2709 est
1553 2653 1781 2708 catholi-

177 2764 379 2802 corum
410 2747 634 2801 Patrum
663 2746 936 2816 sequenda
968 2746 1255 2809 sententia,
1285 2759 1391 2814 qua
1424 2743 1660 2798 dicitur:
1692 2742 1782 2796 Di-

178 2839 314 2892 vina
364 2836 629 2905 operatio,
661 2836 708 2890 si
755 2837 966 2890 ratione
1014 2832 1508 2904 comprehenditur,
1546 2846 1652 2886 non
1697 2838 1781 2885 est

179 2927 563 2992 admirabilis;
596 2940 699 2981 nec
737 2925 869 2980 ﬁdes
915 2924 1078 2979 habet
1119 2923 1397 2989 meritum,
1427 2922 1513 2976 cui
1542 2922 1779 2977 humana

179 3018 331 3073 ratio
366 3018 580 3088 praebet
615 3016 1070 3087 experimentum.

254 3108 403 3164 XLI.
443 3107 757 3177 Baptizatus
789 3115 968 3161 autem
1006 3122 1100 3162 rex
1151 3120 1277 3161 cum
1337 3111 1496 3175 gente
1545 3105 1777 3175 integra,

181 3202 455 3272 plurimas
488 3199 860 3270 possessiones
881 3213 980 3269 per
1003 3199 1246 3253 diversas
1265 3196 1571 3267 provincias
1592 3204 1781 3251 sancto
1807 3165 1853 3229 ο

184 3292 463 3362 Remigio,
498 3298 605 3344 tam
638 3290 753 3360 ipse
783 3303 943 3358 quam
968 3287 1165 3342 Franci
1200 3294 1449 3357 potentes
1475 3285 1737 3341 dederunt
1763 3304 1777 3339 :

184 3395 325 3449 quos
353 3381 471 3450 ipse
498 3379 867 3449 per-diversas
892 3378 1152 3434 ecclesias
1178 3377 1420 3442 tradidit,
1466 3391 1536 3431 ne
1584 3375 1781 3431 Franci

184 3488 314 3528 cum
338 3488 523 3528 rerum
553 3472 931 3543 temporalium
959 3471 1211 3542 cupidum
1246 3483 1385 3533 esse,
1425 3477 1482 3524 et
1520 3468 1591 3524 ob
1618 3469 1671 3525 id
1712 3467 1782 3523 ad

185 3564 657 3620 Christianitatem
684 3579 779 3620 eos
805 3578 1031 3620 vocasse
1056 3570 1332 3633 putarent,
1359 3571 1414 3618 et
1443 3560 1604 3617 ﬁdem
1627 3560 1783 3616 Chri-

185 3657 255 3708 sti
287 3670 355 3710 ac
383 3664 632 3709 sanctum
656 3655 1022 3709 sacerdotium
1044 3654 1457 3723 vilipenderent.
1658 3641 1667 3647 ’

258 3742 424 3821 XLI].
466 3742 543 3797 De
586 3743 786 3811 quibus
820 3744 981 3798 rebus
1036 3743 1091 3797 in
1139 3744 1491 3799 orientalibus
1537 3743 1783 3800 Francia:

188 3836 462 3906 partibus,
499 3834 808 3904 petentibus
839 3834 1209 3901 traditoribus,
1261 3837 1564 3905 portionem
1596 3852 1784 3906 quam-

189 3928 316 3982 dam
343 3926 619 3997 episcopio
642 3925 934 3981 Rhemensi
963 3924 1237 3995 adjunxit;
1268 3935 1324 3980 et
1365 3927 1432 3982 de
1460 3927 1548 3981 his
1581 3943 1702 3998 quae
1728 3929 1783 3982 in

193 4018 488 4075 Rbemensi
521 4005 797 4088 provincia
834 4018 909 4073 illi
953 4016 1171 4073 fuerunt
1200 4019 1431 4084 traditae,
1460 4034 1567 4073 non
1608 4020 1784 4074 modi-

194 4125 313 4164 cam
346 4119 558 4180 partem
597 4108 845 4164 ecclesia:
893 4117 1097 4164 sanctze
1143 4108 1326 4165 Maria:
1355 4109 1410 4165 in
1437 4119 1618 4164 castro
1648 4108 1785 4164 Lau-

195 4201 323 4256 duni
353 4201 552 4257 clavati
583 4200 907 4256 Rhemensis
932 4201 1222 4271 parochize,
1255 4202 1348 4257 ubi
1391 4202 1630 4256 nutritus
1672 4202 1787 4256 fue-

198 4300 283 4344 rat
313 4290 537 4349 trzxdidit
564 4282 584 4342 ἐ
631 4290 814 4359 ibique
839 4290 1207 4345 Cenebaldum
1236 4291 1671 4365 [Genebaudum]
1707 4293 1787 4348 vi-

198 4395 315 4434 rum
367 4392 534 4435 carne
588 4380 842 4445 nobilem,
870 4390 926 4435 et
960 4388 1065 4434 tam
1115 4380 1168 4434 in
1216 4381 1514 4452 Scripturis
1556 4383 1783 4449 sanctis,

1880 1917 2130 1983 cederet,
2175 1916 2220 1972 si
2265 1932 2326 1973 se
2356 1931 2386 1971 a
2415 1918 2570 1973 solita
2602 1918 2914 1975 visitatione
2951 1918 3149 1974 femina
3200 1918 3290 1973 illa
3338 1920 3467 1975 sub-

1881 2009 2146 2075 traheret,
2192 2010 2357 2081 etepit
2406 2018 2467 2064 ut
2500 1998 2672 2065 'antea
2726 2012 2943 2065 domum
2974 2010 3323 2081 frequentare
3351 2013 3467 2081 θρῖα

1880 2099 2045 2168 scopi.
2076 2097 2274 2168 Sicque
2302 2097 2504 2153 factum
2542 2107 2644 2162 est,
2677 2107 2737 2154 ut
2766 2107 2914 2154 recta
2947 2099 3259 2156 hominibus
3278 2101 3464 2171 culpa,

1879 2194 1937 2242 et
1981 2188 2037 2243 in
2073 2188 2329 2244 cordibus
2379 2197 2488 2243 tam
2544 2189 2782 2261 episcopi
2827 2204 2990 2260 quam
3024 2188 3237 2246 feminae
3289 2200 3467 2261 tectus

1879 2277 2106 2335 luxuriae
2146 2278 2342 2345 ardor;
2386 2281 2661 2350 quoniam,
2692 2288 2752 2335 ut
2795 2290 2979 2337 notum
3001 2289 3117 2346 est,
3152 2295 3262 2352 quo
3290 2283 3465 2353 magis

1881 2373 2103 2442 tegitur,
2162 2382 2336 2429 tectus
2367 2375 2541 2444 magis
2564 2382 2757 2430 aestuat
2802 2374 2943 2446 ignis
2974 2393 2987 2429 :
3019 2384 3209 2430 contra
3228 2375 3463 2445 .culpam

1879 2472 2237 2532 compunctus
2255 2465 2559 2534 episcopus,
2584 2472 2708 2533 post
2734 2463 2916 2518 fletum
2944 2466 3012 2517 ad
3039 2464 3254 2533 culpam
3276 2465 3460 2530 rediit,

1881 2564 1939 2611 et
1972 2556 2169 2612 oblitus
2196 2566 2280 2611 est
2316 2558 2459 2626 quod
2500 2557 2802 2627 planxerat,
2833 2573 2958 2612 eum
2992 2560 3339 2629 exstinguere
3365 2572 3466 2613 no-

1880 2645 1981 2701 luit
2014 2646 2155 2715 quod
2184 2662 2284 2719 per
2333 2649 2660 2704 desiderium
2715 2649 2955 2704 ardebat.
3004 2649 3225 2705 iteravit
3270 2664 3465 2720 pecca-

1883 2742 1994 2788 tum
2030 2736 2175 2805 quod
2221 2745 2424 2809 egerat.
2473 2739 2837 2809 Concepitque
2887 2741 3083 2795 iterum
3137 2740 3350 2807 mulier,
3406 2750 3466 2796 et

1882 2825 2050 2897 misso
2076 2826 2288 2894 nuntio,
2316 2828 2593 2883 mandavit
2635 2819 2892 2899 episcopo
2916 2844 2976 2885 se
3005 2829 3262 2885 feminam
3301 2845 3464 2900 pepe-

1883 2915 2021 2971 risse
2063 2933 2076 2970 :
2120 2932 2284 2987 quam
2332 2918 2497 2988 jussit
2543 2919 2812 2974 nominari
2868 2918 3235 2990 Vulpeculam.
3283 2920 3489 2989 thd.’

1882 3019 1984 3060 cur
2010 3005 2082 3060 ita
2109 3021 2229 3061 eam
2257 3008 2525 3063 nominari
2551 3009 2800 3075 voluerit,
2828 3010 2918 3080 qui
2946 3009 3166 3066 fraudes
3189 3019 3245 3067 et
3288 3012 3459 3082 signi-

1885 3099 2170 3156 ficationes
2206 3100 2258 3155 in
2306 3101 2603 3172 Scripturis
2655 3102 2821 3171 ipsius
2862 3103 3114 3158 animalis
3164 3105 3458 3175 cognoscit,

1886 3202 2021 3257 quas
2046 3189 2112 3243 ad
2143 3189 2295 3247 dolos
2340 3200 2396 3246 et
2424 3193 2690 3249 versutias
2729 3195 3027 3263 deceptoris
3062 3195 3281 3263 diaboli,
3306 3205 3368 3252 et
3390 3197 3463 3252 ad

1886 3279 2066 3334 carnis
2094 3281 2385 3350 petulantis
2413 3282 2698 3339 illecebras
2719 3293 2776 3339 et
2798 3285 3075 3342 anfractus
3097 3287 3279 3341 retulit
3303 3286 3462 3343 facile

1884 3369 2018 3423 satis
2043 3369 2294 3426 advertit.
2328 3371 2566 3428 Tandem
2598 3373 2826 3430 Domino
2855 3376 2946 3445 qui
2986 3377 3202 3431 beatum
3241 3376 3463 3433 Petrum

1885 3462 2148 3532 respexit,
2186 3471 2242 3517 et
2288 3465 2629 3534 negationem
2677 3468 3015 3524 amarissime
3055 3466 3205 3523 ﬂevit
3242 3468 3459 3540 (Matth.

1884 3554 2058 3622 xxvi),
2094 3551 2242 3607 illum
2273 3555 2595 3626 respiciente
2626 3556 2972 3615 Genebaldus
3010 3560 3064 3614 in
3104 3575 3165 3615 se
3214 3576 3465 3617 reversus

1885 3640 1952 3695 ad
2000 3650 2246 3698 sanctum
2292 3642 2598 3717 Remigium
2637 3648 2785 3703 misit
2816 3659 3005 3718 petens
3045 3659 3103 3704 ut
3143 3650 3465 3707 Laudunum

1885 3734 2125 3799 veniret;
2158 3736 2281 3804 quia
2312 3737 2446 3793 tales
2489 3754 2665 3795 causa:
2695 3741 2768 3795 ibi
2799 3744 3157 3809 emerserunt,
3190 3759 3327 3814 quas
3366 3758 3468 3813 per

1886 3838 1947 3879 se
1972 3822 2202 3880 diﬂinire
2242 3842 2347 3881 non
2376 3825 2579 3897 posset.
2608 3829 2806 3885 Beatus
2833 3841 3011 3887 autem
3047 3833 3347 3907 Remigius,
3394 3835 3470 3890 si—

1886 3921 1981 3967 cut
2008 3914 2346 3970 Cenebaldus
2393 3917 2571 3986 petiit,
2614 3916 2930 3974 Laudunum
2961 3922 3226 3990 pervenit.
3259 3924 3327 3978 Et
3371 3940 3468 3980 su-

1886 4011 2103 4074 sceptus
2133 4019 2254 4060 cum
2298 4006 2479 4061 debita
2522 4008 2847 4074 reverentia,
2896 4026 2961 4065 ac
2997 4020 3202 4067 secreta
3234 4015 3468 4072 cubiculi

1886 4103 2096 4165 petens,
2143 4094 2514 4152 Cenebaldum
2570 4098 2925 4171 interrogavit
2986 4116 3084 4173 pro
3146 4119 3252 4173 qua
3301 4121 3468 4161 causa

1888 4184 2036 4240 illum
2088 4186 2383 4241 vocaverit.
2461 4185 2802 4244 Genebaldus
2856 4205 2988 4245 vero
3041 4207 3164 4246 cum
3230 4194 3470 4251 maxime

1886 4276 2015 4332 ﬂetu
2041 4286 2097 4333 et
2121 4275 2318 4346 cjulatu
2348 4279 2535 4336 volens
2568 4281 2756 4337 tollere
2781 4283 2975 4338 stolam
3002 4284 3068 4340 de
3093 4285 3231 4342 collo
3258 4302 3377 4353 suo,
3413 4296 3470 4344 et

1886 4366 2180 4436 procedere
2209 4368 2275 4422 ad
2304 4369 2466 4439 pedes
2496 4370 2667 4425 sancti
2694 4370 2944 4444 Remigii,
2988 4388 3110 4429 cum
3137 4391 3333 4447 magna
3359 4378 3471 4432 vir-

198 4482 358 4535 quam
385 4477 443 4523 et
470 4468 524 4521 in
555 4468 907 4523 saecularibus
934 4468 1130 4523 litteris
1151 4471 1443 4536 eruditum,
1474 4471 1564 4540 qui
1594 4472 1783 4528 relicta

1890 4463 2004 4512 tute
2060 4472 2091 4511 a
2135 4459 2294 4514 beato
2346 4460 2590 4532 Remigio
2645 4471 2730 4516 est
2780 4462 3054 4532 detentus,
3082 4481 3151 4522 ne
3179 4468 3372 4525 stolam
3402 4473 3470 4526 de
3536 4512 3541 4517 ι

1891 4545 2021 4568 μη,
2067 4562 2157 4568 ___-
2458 4549 2520 4568 η,
2554 4559 2762 4568 ,
2879 4554 2911 4568 ..
2959 4556 2993 4568 -.
3190 4558 3204 4568 .
3311 4558 3339 4568 μ

198 4558 451 4628 conjuge,
473 4566 635 4628 nepte
664 4558 873 4614 scilicet
904 4560 1072 4629 ipsius
1092 4559 1154 4614 B.
1179 4559 1431 4633 Remigii,
1456 4562 1622 4617 vitam
1659 4564 1784 4619 reli-

200 4646 408 4713 giosam
461 4646 782 4731 expetierat,
824 4647 1136 4718 episcopum
1196 4650 1489 4718 ordinavit,
1525 4661 1581 4708 et
1627 4668 1785 4724 paro-

201 4740 376 4796 chiam
409 4742 580 4811 ipsius
608 4743 899 4799 comitatus
930 4744 1301 4803 Laudunensis
1339 4747 1568 4819 prmfato
1605 4756 1785 4804 castro

203 4830 454 4901 subjecit.
496 4831 597 4898 Qui
632 4832 973 4888 Genebaldus
1016 4835 1295 4904 plusquam
1324 4852 1546 4894 necesse
1588 4840 1781 4906 fuerat,

204 4918 267 4975 de
295 4931 547 4977 anteacta
596 4923 707 4977 vita
746 4932 802 4980 et
853 4925 1051 4995 gradus
1105 4927 1433 4982 sublimitate
1484 4918 1784 4996 conﬁdens;

206 5025 322 5066 cum
349 5014 598 5069 debuerit
631 5015 894 5086 cogitare,
931 5018 1056 5087 quia
1082 5032 1181 5072 nec
1211 5018 1380 5074 David
1409 5021 1667 5088 sanctior,
1685 5035 1785 5077 nec

209 5099 493 5159 Salomone
522 5106 821 5176 sapientior
850 5117 1011 5173 esset,
1041 5108 1131 5177 qui
1159 5107 1442 5164 mulierum
1471 5110 1787 5167 delinimen-

209 5192 278 5248 tis
329 5194 619 5265 periclitati
669 5204 827 5261 sunt;
884 5197 1098 5252 incaute
1146 5213 1297 5252 suam
1327 5214 1574 5264 uxorein,
1623 5217 1787 5271 quam

208 5287 518 5361 relinquens
551 5298 856 5345 mutaverat
886 5291 938 5344 in
974 5305 1237 5358 sororem,
1267 5294 1419 5362 quasi
1445 5308 1545 5362 pro
1588 5295 1790 5349 instru-

212 5386 384 5436 ctione
433 5382 691 5447 salutari,
750 5378 1200 5450 frequentius'se
1250 5385 1470 5440 visitare
1515 5386 1780 5455 permisit,

207 5470 407 5528 oblitus
433 5473 727 5543 Scriptura:
767 5474 995 5528 dicentis
1028 5492 1041 5527 :
1075 5474 1298 5545 Lapides
1335 5489 1585 5532 excutiant
1612 5496 1784 5548 aqum,

210 5570 259 5612 et
287 5563 543 5619 alluvione
570 5575 710 5619 terra
745 5565 1091 5630 consumitur,
1119 5575 1167 5620 et
1199 5583 1352 5636 rupes
1380 5568 1699 5637 transfertur
1722 5571 1786 5624 de

214 5648 325 5706 loco
358 5670 453 5708 suo
478 5654 603 5727 (Job
635 5656 769 5723 xw).
806 5655 958 5712 Unde
983 5657 1223 5728 contigit,
1261 5666 1322 5713 ut
1362 5660 1568 5716 crebra:
1598 5661 1788 5716 visita-

216 5740 408 5814 tiones,
435 5754 494 5803 et
539 5745 735 5802 blanda
776 5761 841 5801 ac
882 5746 1184 5817 frequentia
1228 5750 1467 5827 mulieris
1499 5751 1785 5826 colloquia,

611 5839 889 5903 Psrnou.
924 5841 1179 5907 CXXV.

1888 4545 2026 4601 collo
2065 4562 2163 4602 suo
2193 4548 2420 4604 tolleret.
2458 4549 2524 4604 Et
2550 4559 2833 4621 postquam
2861 4554 3063 4611 diutius
3099 4558 3260 4615 ambo
3306 4558 3471 4616 (leve.

1891 4645 2017 4692 runt
2068 4637 2423 4707 (intellexerat
2480 4641 2626 4696 enim
2676 4640 2739 4695 B.
2790 4644 3065 4716 Remigius
3102 4646 3471 4706 Cenebaldum

1891 4728 2176 4783 admisisse
2205 4730 2430 4795 crimen,
2458 4747 2558 4801 pro
2583 4746 2690 4802 quo
2728 4734 2924 4790 stolam
2952 4738 3116 4793 vellet
3157 4741 3472 4814 deponere),

1890 4818 1981 4871 vix
2011 4818 2333 4888 singultibus
2358 4829 2412 4875 et
2442 4823 2694 4893 lacrymis
2724 4822 3065 4881 Genebaldus
3102 4843 3200 4896 per
3223 4832 3472 4887 ordinem

1892 4910 2078 4963 omnia
2115 4911 2318 4977 retulit,
2343 4927 2463 4982 qua:
2505 4916 2872 4971 commiserat.
2904 4917 3073 4984 Quem
3104 4929 3326 4976 sanctus
3367 4922 3473 4977 Re-~

1891 5000 2090 5070 migius
2113 5001 2300 5057 videns
2328 5006 2619 5060 contritum
2662 5015 2715 5062 et
2746 5021 2883 5075 pene
2910 5007 3252 5077 desperatum
3276 5011 3474 5068 blande

1894 5089 2204 5147 consolatus
2227 5101 2310 5148 est
2332 5093 2519 5150 dicens
2544 5113 2555 5149 :
2589 5094 2704 5151 Non
2735 5105 2943 5151 tantum
2969 5097 3122 5153 doleo
3142 5100 3209 5155 de
3235 5102 3474 5159 admisso

1894 5197 1926 5237 a
1958 5190 2010 5237 te
2033 5183 2281 5249 crimine,
2307 5196 2567 5254 quantum
2604 5187 2746 5255 quod
2775 5187 2855 5241 sic
2884 5187 3024 5243 male
3059 5190 3229 5246 sentis
3257 5193 3323 5247 de
3363 5192 3476 5249 Do-

1896 5275 2030 5330 mini
2054 5276 2317 5342 bonitate,
2342 5278 2428 5332 cui
2454 5277 2749 5332 secundum
2771 5278 3145 5350 Evangelicam
3169 5283 3475 5349 veritatem,

1897 5380 2006 5420 non
2036 5374 2120 5420 cst
2160 5366 2487 5435 impossibile
2514 5381 2676 5421 omne
2702 5367 2922 5424 verbum
2951 5368 3102 5440 (Luc.
3143 5372 3203 5442 ι).
3251 5371 3370 5443 Ipse
3407 5374 3477 5430 de

1895 5458 2066 5512 nihilo
2090 5466 2285 5512 cuneta
2324 5457 2481 5523 fecit,
2526 5458 2868 5531 primumque
2912 5472 3213 5532 parentem,
3264 5464 3316 5518 in
3365 5480 3475 5535 quo

1894 5562 2085 5602 omnes
2114 5542 2499 5615 peccaverunt,
2521 5550 2693 5619 gratia
2726 5550 2933 5606 salvum
2960 5552 3116 5620 fecit;
3161 5553 3478 5625 nullumque

1862 5645 1864 5648 ’
1893 5648 2210 5711 peccantem
2245 5641 2312 5695 ad
2338 5655 2396 5695 se
2425 5656 2701 5697 reversum
2746 5643 2995 5721 despicit,
3040 5646 3131 5715 qui
3162 5632 3479 5716 peccatores

1897 5731 2161 5804 sanguine
2194 5746 2293 5790 suo
2334 5730 2601 5790 redimere
2624 5735 2791 5792 venit.
2834 5734 3264 5803 Quatriduanum
3313 5737 3478 5793 etiam

2882 5855 2960 5916 37
