4038 6322
494 335 636 390 H65
703 356 706 358 ν

1343 311 1673 370 ΙΙΙΧΟΜᾹΠΙ
1715 307 1927 364 RllEil.
1966 305 2283 361 ARCIIIEP.
2326 301 2692 360 OPUSCELA
2733 301 2966 356 VARIA.

3647 298 3791 353 “Gil

497 453 771 506 fmzeutem
800 443 1092 499 Lazarum,
1137 432 1390 503 laerymis
1418 442 1691 491 sororum,
1719 439 1838 494 qua:
1877 420 2084 493 signifi-
2116 423 2164 482 Α
2191 420 2548 490 pernoctabant
2589 417 2644 471 in
2674 416 2944 480 oratione,
2980 423 3036 470 et
3071 413 3227 484 quasi
3266 414 3563 470 dormiens.
3607 413 3659 467 in
3692 428 3792 468 ex-

497 549 618 597 eant
657 536 916 592 sollicitas
954 547 1018 585 ac
1056 527 1262 582 ﬂebiles
1301 519 1678 592 poenitentium
1705 514 2084 585 cogitationes,

499 626 899 687 coumatiendo,
932 619 1076 674 flevit
1101 624 1158 670 et
1185 632 1214 667 a
1259 611 1490 666 mortuis
1525 607 1830 668 suscitavit,
1855 602 2088 658 suscita-

501 735 616 779 tum
648 715 898 774 convivio
929 726 1026 765 suo
1052 705 1268 762 admisit
1300 703 1480 768 (Joan.
1509 699 1610 770 xi).
1643 697 1884 752 Mulieris
1922 695 2087 748 etiam

2191 525 2405 565 cessum
2439 517 2523 563 est
2572 517 2780 576 raptus.
2842 506 2909 560 Et
2955 507 3092 560 vidit
3142 505 3391 576 angelum
3437 506 3795 557 assistentem

2191 601 2313 664 sibi,
2342 599 2436 668 qui
2471 598 2522 653 ei
2544 598 2726 652 omnia
2749 596 2889 652 sicut
2912 596 3056 649 dicta
3084 605 3137 648 et
3160 605 3309 664 gesta
3352 593 3592 656 fuerant,
3622 607 3794 646 enar-

2194 691 2368 754 ravit,
2415 698 2471 744 et
2503 687 2667 756 jussit
2711 696 3039 757 quantocius
3074 685 3393 740 Laudunum
3446 692 3696 754 peteret,
3737 693 3795 736 et

505 811 698 880 ipsius,
742 820 862 874 qua:
907 806 1085 855 fuerat
1134 798 1187 851 iu
1232 794 1453 848 civitate
1493 787 1800 860 peccatrix,
1844 784 2096 880 manibus
2195 779 2561 880 Genebaldum
2591 779 2702 834 sedi
2733 778 3026 848 episcopali
3067 778 3399 842 restitueret,
3430 786 3486 831 et
3514 791 3797 880 coramfe

508 871 796 969 iniquitate
844 889 1082 962 pollutis,
1129 883 1498 940 sanctissimos
1547 878 1875 969 pedes‘suos
1908 875 1972 969 is,
2002 871 2094 941 qui

507 964 669 1055 super
710 980 1023 1052 angelorum
1053 974 1293 1030 omnium
1323 969 1578 1025 verticem
1607 967 1674 1020 ad
1711 964 1890 1020 Patris
1912 964 2097 1017 dexte-

497 1053 624 1142 .rain
685 1073 960 1135 considet,
1014 1067 1291 1122 attrectari
1345 1076 1452 1116 non
1525 1058 1704 1114 renuit
1753 1055 1935 1125 (Joan.
1972 1053 2093 1118 xu).

501 1145 804 1239 {Nunquam
859 1162 952 1216 ulli
1001 1156 1443 1228 quantiscunque
1497 1149 1582 1203 vel
1635 1146 2098 1217 qualibuscunqne

509 1236 752 1333 peccatis
778 1262 1012 1316 mortuo,
1041 1265 1134 1304 seu
1179 1244 1319 1300 mole
1367 1258 1432 1298 ac
1484 1240 1749 1296 scelerum
1779 1236 2102 1291 enormitate

513 1327 746 1421 sepulto,
781 1344 1010 1416 gratiam
1039 1333 1473 1395 resuscitatioais
1509 1346 1541 1385 a
1581 1327 1822 1400 peccatis
1849 1327 2100 1421 denegat.

519 1415 706 1513 Di'gne‘
741 1415 1122 1510 ptenitentem,
1174 1439 1337 1497 atque
1375 1440 1470 1480 sua
1519 1429 1743 1492 peccata
1797 1415 2101 1478 deflentem,

515 1509 613 1605 per
649 1509 871 1602 jauuam
914 1520 1373 1580 reconciliationis
1403 1512 1769 1574 communioni
1799 1509 1987 1566 altaris
2015 1522 2105 1563 sa-

519 1640 614 1680 cro
653 1620 830 1679 sancti
864 1615 1124 1672 restituit.

590 1714 772 1772 ωτι.
815 1712 882 1767 Et
909 1718 970 1763 ut
1006 1715 1129 1764 erat
1157 1703 1505 1760 doctissimus
1543 1709 1600 1755 et
1637 1705 1824 1753 orator
1853 1695 2109 1766 eloquen-

2199 869 2563 924 ministerium
2633 869 2939 939 episcopale
3002 884 3166 939 agere
3226 868 3601 939 persuaderet.
3669 865 3796 919 lex

2201 972 2423 1017 sanctus
2451 961 2758 1032 Remigius,
2784 961 2915 1015 nihil
2943 961 3228 1025 dubitans,
3248 975 3370 1014 cum
3410 973 3624 1014 summa
3648 958 3802 1013 cele-

2201 1055 2362 1108 ritate
2410 1052 2726 1107 Laudunum
2774 1053 2963 1121 petiit,
3006 1060 3063 1104 et
3112 1052 3165 1104 in
3215 1051 3400 1104 limine
3448 1050 3600 1113 ostii,
3642 1049 3802 1102 salvo

2203 1144 2379 1215 sigillo
2403 1153 2456 1200 et
2483 1159 2605 1199 sera
2651 1144 2900 1205 reserati,
2924 1142 3294 1198 Genebaldnm
3317 1141 3592 1210 iacentem
3640 1155 3804 1207 repe—

2206 1238 2278 1293 rit
2306 1255 2319 1290 :
2349 1251 2508 1306 quem
2537 1236 2779 1290 extensis
2810 1234 3050 1288 brachiis
3071 1248 3197 1287 cum
3225 1232 3421 1302 gaudio
3452 1241 3510 1286 et
3541 1230 3836 1304 lacrymis.

2205 1326 2432 1382 laudans
2484 1326 2694 1381 Domini
2755 1324 3190 1380 misericordiam
3246 1322 3508 1386 elevavit,
3562 1336 3807 1389 eumque

2209 1419 2323 1474 sedi
2353 1425 2410 1474 et
2435 1417 2608 1472 ollieio
2636 1414 3144 1486 episcopali,.veluti
3173 1413 3395 1485 angelus
3418 1411 3632 1467 Domini
3667 1426 3811 1480 pne-

2211 1519 2452 1581 ceperat,
2487 1509 2783 1565 restituere
2811 1507 3127 1570 maturavit,
3157 1517 3212 1560 et
3237 1505 3473 1560 Rhemos
3513 1519 3640 1558 eum
3675 1518 3814 1574 gau-

2212 1604 2302 1658 dio
2347 1603 2643 1674 repedavit.
2695 1601 3040 1656 Genebaldus
3086 1600 3267 1668 itaque
3318 1599 3370 1651 in
3419 1598 3719 1652 sanctitate.
3755 1605 3816 1651 α

2213 1693 2421 1762 iustitia
2450 1703 2635 1763 postea
2661 1706 2852 1745 omnes
2875 1692 2990 1746 dies
3031 1691 3154 1744 vitae
3188 1705 3298 1743 suae
3342 1690 3514 1757 gratia
3548 1687 3642 1741 Dei
3679 1701 3816 1753 per-

521 1809 785 1869 tissimus,
819 1799 1131 1857 testimonia
1163 1797 1230 1852 de
1253 1793 1549 1849 latitudine
1573 1799 1776 1846 sancta:
1817 1788 2112 1858 Scriptura:
2142 1777 2185 1836 Β
2213 1787 2357 1855 egit,
2407 1783 2707 1855 praedicans
2753 1781 3000 1845 cunctis,
3054 1789 3258 1850 quanta
3323 1778 3400 1833 illi
3453 1776 3660 1832 fecerat
3700 1775 3813 1831 Do-

519 1913 575 1952 et
611 1891 878 1962 exempla.
926 1885 1314 1944 Paenitentiam
1372 1883 1426 1938 in
1481 1895 1647 1935 unum
1696 1877 1985 1947 colligens,
2042 1872 2110 1927 ad

520 1982 872 2043 animantium
902 1994 1026 2034 eum
1073 1976 1147 2030 illi
1178 1972 1478 2045 proposuit,
1517 1979 1574 2024 et
1616 1969 1902 2022 exhortato
1942 1962 2112 2034 paeni-

523 2076 750 2135 tentiam
805 2068 1022 2125 indixit.
1075 2067 1353 2133 Factaque
1394 2046 1767 2117 mansiuncula
1803 2071 1926 2111 eum
1973 2054 2113 2109 lecto

524 2171 582 2224 in
632 2163 850 2221 modum
900 2156 1159 2229 sepulcri,
1196 2164 1253 2209 et
1303 2150 1638 2222 parvissimis
1687 2145 2001 2210 fenestellis,
2049 2159 2114 2199 ac

514 2258 794 2316 oratorio.
841 2269 963 2325 quae
1017 2250 1284 2318 hodieque
1333 2251 1554 2300 manent
1606 2257 1763 2297 secus
1822 2238 2112 2294 ecclesiam

521 2349 696 2407 sancti
721 2346 942 2410 Iuliani,
968 2339 1336 2400 Genebaldum
1367 2337 1421 2390 in
1448 2350 1513 2391 ea
1555 2332 1801 2396 reclusit,
1829 2339 1884 2386 et
1907 2329 2112 2385 clerum

523 2456 592 2500 ac
619 2437 891 2511 parochia:
919 2434 1089 2504 ipsius
1115 2428 1368 2501 populum
1395 2442 1492 2496 per
1520 2433 1726 2494 septem
1764 2436 1956 2485 annos,
1981 2428 2040 2472 ut
2059 2427 2116 2472 et

525 2529 800 2602 propriam
838 2523 1153 2596 parochiam
1185 2517 1526 2589 gubernavit,
1557 2526 1614 2570 et
1650 2528 1811 2568 uuam
1841 2512 1982 2566 diem
2015 2511 2116 2564 Do-

525 2600 782 2678 iuinicam
805 2616 1052 2676 Rbemis,
1082 2612 1308 2666 atteram
1351 2607 1493 2678 apud
1522 2605 1838 2660 Lauduuum
1876 2600 2116 2656 celebra-

531 2715 626 2771 vit.
663 2712 722 2767 ln
749 2726 852 2781 qua
881 2705 1183 2763 reclusione
1209 2699 1562 2772 pmnitentiae,
1587 2705 1802 2766 quanta:
1841 2691 2120 2748 contritio-

527 2810 635 2872 nis,
659 2816 716 2862 et
755 2798 1106 2859 continentia:
1145 2795 1286 2850 idem
1324 2788 1666 2848 Genebaldus
1710 2786 1896 2850 fuerit,
1935 2782 2117 2836 divina

531 2893 906 2954 misericordia
937 2885 1348 2945 demonstravit.

603 2984 788 3042 XLIV.
848 2980 1092 3051 Septimo
1133 2974 1401 3046 siquidem
1450 2985 1592 3025 anno
1628 2969 1680 3023 in
1726 2964 1906 3037 vigilia
1951 2976 2122 3018 omna:

527 3078 772 3142 Domini,
813 3072 1110 3130 cumidem
1151 3064 1494 3123 Genebaldus
1542 3063 1595 3116 in
1639 3059 1884 3114 oratione
1925 3069 2123 3126 perno«

2212 1889 2414 1929 minus.
3243 1919 3252 1925 .

2286 1963 2468 2018 XLVI.
2510 1963 2818 2018 Ludovicus
2838 1977 2934 2017 rex
2960 1962 3142 2017 sedem
3183 1976 3335 2016 suam
3365 1961 3417 2013 in
3446 1959 3814 2015 Suessionum

2213 2056 2453 2121 civitate,
2485 2057 2626 2111 unde
2660 2055 2945 2127 Syagrium
2981 2055 3264 2124 expulerat
3304 2056 3680 2116 constituens,
3727 2055 3818 2107 de-

2216 2148 2519 2202 lectabatur
2574 2148 2861 2216 praesentia
2915 2156 2972 2202 et
3032 2147 3303 2216 colloquio
3357 2146 3498 2200 beati
3555 2145 3814 2216 Remigii.

2219 2238 2328 2293 Sed
2371 2239 2498 2308 quia
2541 2239 2722 2304 villas,
2766 2254 2903 2308 quas
2942 2240 3047 2294 sibi
3085 2254 3175 2293 rex
3219 2247 3273 2292 et
3323 2238 3520 2291 Franci
3552 2238 3606 2290 in
3640 2239 3814 2307 pagis,

2221 2335 2551 2392 Suessouieo
2601 2337 2856 2393 videlicet
2883 2347 2937 2393 et
2988 2337 3365 2402 Laudunensi,
3403 2338 3714 2401 dederunt,
3760 2349 3819 2392 ut

2217 2443 2379 2496 supra
2432 2427 2632 2482 dictum
2673 2436 2788 2492 est,
2841 2429 3110 2497 episcopio
3163 2428 3544 2492 Laudunensi,
3583 2437 3641 2482 et
3694 2429 3816 2482 aliis

2217 2519 2360 2574 casis
2396 2518 2492 2572 Dei
2528 2519 2855 2582 donaverat,
2895 2534 3002 2572 non
3034 2519 3271 2573 b’abebat
3313 2520 3367 2573 in
3414 2519 3708 2574 vicinitate
3745 2520 3821 2589 ip-

2219 2610 2332 2664 sius
2371 2608 2606 2663 civitatis
2647 2608 3024 2673 Suessionum,
3063 2610 3168 2663 nisi
3197 2624 3359 2663 unam
3399 2609 3672 2673 villulam,
3703 2624 3820 2678 qua

2221 2707 2412 2754 sancto
2439 2699 2656 2754 Nicasio
2689 2699 2815 2754 data
2858 2698 3055 2754 fuerat.
3089 2698 3242 2755 Unde
3289 2701 3557 2755 suadente
3603 2700 3816 2768 religio-

2221 2791 2438 2847 sissima
2491 2792 2701 2862 regina,
2746 2801 2804 2846 et
2831 2793 3142 2861 petentibus
3169 2792 3414 2848 locorum
3461 2794 3677 2856 incolis,
3725 2795 3817 2864 qui

2223 2882 2611 2952 multiplicibus
2641 2883 2816 2938 xeniis
2855 2893 3014 2939 erant
3041 2885 3274 2954 gravati,
3316 2894 3376 2938 ut
3403 2886 3554 2953 quod
3583 2885 3699 2955 regi
3727 2883 3817 2938 de-

2225 2971 2428 3025 bebant
2451 2971 2697 3026 ecclesia:
2725 2972 3050 3028 Rhemensis
3072 2973 3466 3042 persolverent,
3495 2988 3593 3029 rex
3631 2984 3820 3030 saneto

2227 3059 2475 3130 Remigio
2529 3062 2817 3126 concessit,
2863 3072 2926 3116 ut
2972 3073 3236 3133 quantum
3292 3064 3639 3129 circumiret,
3689 3066 3817 3119 dum

535 3129 836 3231 ctaretv,'et
863 3161 1102 3232 seipsum
1129 3155 1369 3219 defloret,
1417 3150 1670 3222 quoniam
1699 3148 1764 3212 is,
1794 3143 1885 3224 qui
1921 3143 1988 3198 ad
2025 3144 2126 3198 hoc

2228 3151 2343 3220 ipse
2377 3129 2604 3206 meridie
2630 3154 2956 3222 quiesceret,
2989 3129 3159 3209 totum
3192 3155 3268 3209 illi
3300 3156 3554 3211 donaret.
3587 3155 3827 3213 Sanctus

530 3257 822 3313 ordinatus
848 3253 1046 3315 fuerat,
1087 3256 1147 3303 ut
1191 3247 1244 3301 in
1293 3244 1384 3300 illa
1415 3245 1502 3299 die
1530 3241 1854 3312 paenitentes
1883 3237 1994 3292 Deo
2041 3248 2126 3288 rc-

527 3349 872 3409 conciliaret,
921 3345 1036 3415 ipse
1087 3342 1201 3396 suis
1247 3338 1568 3394 criminibus
1613 3332 1978 3405 exigentibus,
2024 3345 2125 3384 nec

538 3442 687 3497 inter
709 3437 1036 3510 poenitentes
1072 3433 1124 3486 in
1152 3429 1380 3486 ecclesia
1433 3425 1743 3480 merebatur
1779 3421 2078 3498 consistere
2108 3437 2122 3472 :

542 3533 690 3588 circa
723 3528 959 3584 mediam
991 3532 1203 3579 noctem
1251 3516 1475 3588 angelus
1505 3513 1716 3570 Domini
1764 3527 1888 3568 cum
1933 3523 2127 3580 magna

541 3623 694 3679 venit
723 3621 844 3674 luce
873 3617 940 3671 ad
973 3629 1120 3679 eum,
1169 3612 1223 3664 in
1268 3607 1566 3664 oratorium
1596 3605 1685 3659 ubi
1734 3617 1939 3674 pronus
1979 3599 2131 3670 jace-

542 3714 655 3778 bat,
684 3718 740 3766 et
764 3709 840 3763 ait
865 3707 932 3760 ad
968 3719 1089 3760 eum
1131 3720 1144 3756 :
1186 3697 1518 3762 Genebalde,
1579 3695 1845 3751 exaudita:
1875 3702 2002 3749 sunt
2032 3695 2130 3763 pro

541 3813 600 3858 te
641 3798 916 3855 orationes
961 3792 1134 3864 patris
1185 3789 1262 3844 tui
1310 3785 1543 3856 Remigii
1585 3799 1600 3838 :
1649 3783 1885 3854 suscepit
1915 3795 2131 3852 quoque

545 3891 806 3947 Dominus
841 3883 1212 3957 pmnitcntiam
1260 3887 1428 3943 tuam,
1462 3885 1517 3932 et
1557 3875 1838 3931 dimissum
1881 3882 1965 3928 est
2002 3887 2129 3942 pec-

546 3988 728 4036 catum
757 3984 928 4030 tuum.
965 3971 1158 4041 Surge,
1192 3977 1245 4024 et
1272 3967 1398 4023 hinc
1427 3965 1707 4037 egredere,
1743 3962 1935 4033 facque
1966 3961 2128 4018 mini-

539 4067 701 4125 sterii
729 4061 1052 4137 episc0palis
1078 4059 1334 4124 officium,
1359 4068 1414 4114 et
1443 4057 1731 4114 reconcilia
1756 4056 1981 4112 Domino
2009 4069 2129 4125 pea-

541 4161 784 4216 nitentes
805 4155 869 4210 de
890 4151 1210 4208 criminibus
1228 4150 1360 4205 suis.
1387 4148 1730 4205 Genebaldus
1760 4155 1938 4202 autem
1967 4145 2134 4200 nimio

550 4259 763 4303 terrore
801 4242 1102 4314 perculsus,
1144 4241 1472 4311 rcSpondere
1513 4238 1587 4293 nil
1617 4239 1810 4309 potuit.
1843 4235 1994 4292 Tunc
2032 4251 2133 4290 an-

547 4336 704 4406 gelus
731 4333 942 4390 Domini
966 4331 1284 4387 confortans
1310 4345 1430 4384 eum
1452 4369 1467 4396 ,
1504 4337 1559 4385 et
1597 4344 1667 4385 ne
1697 4330 1913 4384 timeret
1952 4328 2136 4381 horta-

550 4436 640 4480 tus
673 4432 775 4489 est,
818 4423 911 4478 sed
955 4422 1215 4492 gauderet
1268 4420 1321 4474 in
1361 4419 1733 4474 misericordia
1781 4419 1992 4474 Domini
2031 4417 2131 4473 sibi

550 4516 766 4571 collata.
797 4514 897 4580 Qui
941 4513 1208 4567 animatus
1238 4500 1373 4566 dixit
1403 4510 1497 4565 ad'
1519 4511 1769 4581 angelum
1799 4529 1811 4564 :
1845 4511 1961 4565 Non
2007 4525 2132 4580 pos-

550 4621 673 4663 sum
697 4604 826 4658 hinc
855 4603 1058 4671 egredi,
1084 4603 1208 4672 quia
1234 4601 1486 4657 dominus
1515 4611 1566 4657 et
1595 4610 1752 4672 pater
1781 4617 1933 4656 meus
1955 4601 2136 4656 Remi—

549 4698 674 4770 gius
701 4694 905 4750 clavem
937 4693 1096 4760 hujus
1129 4693 1252 4748 ostii
1286 4708 1468 4747 secum
1501 4692 1684 4754 habet.
1711 4693 1854 4762 quod
1877 4701 1932 4746 et
1961 4692 2138 4764 sigillo

553 4803 654 4842 suo
698 4783 947 4856 signavit.
998 4783 1064 4837 Et
1108 4780 1332 4852 angelus
1360 4782 1426 4836 ad
1456 4797 1578 4836 eum
1614 4799 1628 4837 :
1669 4781 1739 4838 Ut
1768 4798 1874 4838 non
1902 4782 2136 4849 dubites,

555 4877 748 4948 inquit,
783 4890 867 4930 me
889 4889 918 4929 a
945 4875 1168 4929 Domino
1195 4874 1437 4936 missum,
1466 4874 1602 4929 sicut
1625 4883 1772 4944 patet
1797 4875 1888 4929 tibi
1918 4875 2137 4942 cmlum,

554 4973 635 5026 sic
669 4977 724 5024 et
761 4968 957 5024 ostium
995 4968 1135 5022 istud
1163 4967 1386 5036 patebit.
1425 4967 1492 5021 Et
1531 4967 1716 5022 statim
1763 4966 1912 5024 salvo
1959 4968 2137 5040 sigillo

559 5074 624 5114 ac
651 5072 791 5121 sera,
816 5056 1012 5111 ostium
1041 5055 1171 5111 illud
1206 5065 1451 5127 apertum
1479 5065 1582 5112 est.
1613 5055 1764 5112 Tunc
1795 5057 2138 5116 Genebaldus

559 5152 614 5207 in
637 5149 854 5204 modum
887 5147 1061 5202 crucis
1091 5147 1375 5217 sejactans
1397 5148 1449 5202 in
1478 5147 1684 5215 limine,
1717 5149 1851 5204 dixit
1876 5167 1889 5204 :
1913 5150 2138 5207 Etiamsi

559 5245 675 5317 ipse
703 5243 960 5299 Dominus
1003 5241 1159 5298 Jcsns
1184 5242 1430 5297 Christus
1479 5242 1731 5312 dignatus
1759 5241 1923 5298 fuerit
1956 5245 2022 5299 ad
2055 5262 2142 5302 me

560 5337 746 5391 venire
791 5344 1153 5404 peccatorem,
1200 5335 1327 5388 hinc
1359 5350 1464 5388 non
1512 5335 1784 5404 egrediar,
1833 5336 2003 5392 donec
2053 5337 2142 5394 ille

566 5427 792 5491 venerit,
821 5427 910 5497 qui
961 5441 1046 5480 me
1094 5427 1147 5480 in
1192 5425 1310 5495 ejus
1359 5427 1574 5481 nomine
1605 5427 1658 5482 in
1690 5427 1792 5483 ista
1842 5430 2142 5488 reclusione

567 5519 863 5576 constituit.
896 5517 962 5571 Et
989 5519 1167 5572 statim
1193 5517 1413 5588 angelus
1437 5517 1646 5573 Domini
1675 5519 1928 5576 discessit
1958 5521 2026 5577 ab
2056 5539 2138 5579 eo.

740 5610 799 5666 ν.
836 5607 1031 5683 Beatus
1085 5622 1300 5678 quoque
1355 5606 1632 5679 Remigius
1686 5610 1739 5665 in
1803 5623 1989 5684 crypta
2024 5629 2142 5684 quin

575 5701 718 5751 retro
752 5697 932 5751 sedem
969 5707 1082 5758 erat
1128 5699 1368 5758 Cut'lCSllI}
1417 5693 1620 5756 sanctae
1666 5699 1850 5761 Maria:
1898 5705 2140 5774 Rhemis,

2227 3252 2406 3298 autem
2438 3243 2716 3315 Remigius
2744 3261 2842 3316 per
2883 3247 3040 3312 lines,
3074 3263 3199 3318 qua:
3242 3249 3692 3305 manifestissime
3729 3266 3826 3320 pa-

2230 3343 2366 3402 tent,
2409 3350 2659 3406 pergens,
2691 3338 2844 3407 signa
2873 3339 2957 3394 sui
3003 3339 3213 3394 itineris
3242 3341 3410 3396 misit.
3461 3341 3522 3395 In
3563 3356 3677 3410 quo
3719 3342 3828 3397 fine

2227 3425 2450 3496 quidam
2488 3427 2652 3484 homo
2684 3428 2890 3484 habens
2921 3430 3288 3486 molendinum
3332 3434 3530 3502 repulit
3567 3444 3828 3489 sanetum

2229 3515 2556 3588 Remigium,
2605 3533 2674 3573 ne
2714 3519 2854 3574 intra
2886 3520 3007 3576 illos
3047 3521 3184 3576 fines
3218 3523 3386 3592 ipsum
3440 3523 3827 3578 molendinum

2231 3608 2596 3663 concluderet.
2657 3608 2829 3676 Quem
2885 3611 3077 3667 beatus
3126 3612 3406 3681 Remigius
3449 3611 3662 3667 blande
3700 3612 3828 3668 allo-

2229 3713 2420 3768 quens,
2453 3699 2592 3754 dixit
2623 3716 2638 3753 :
2667 3701 2876 3766 Amice,
2905 3718 3010 3756 non
3041 3704 3112 3757 sit
3154 3704 3251 3758 tibi
3294 3705 3613 3769 molestum,
3643 3714 3706 3759 ut
3752 3706 3826 3759 si-

2232 3789 2341 3844 mul
2370 3790 2666 3847 habeamus
2689 3792 2792 3846 hoc
2825 3793 3188 3849 molendinum
3217 3811 3234 3861 ;
3271 3795 3362 3849 ille
3407 3806 3592 3850 autem
3637 3796 3826 3866 rejecit

2231 3898 2376 3937 eum.
2411 3883 2480 3938 Et
2521 3884 2706 3938 statim
2745 3894 2862 3940 rota
2905 3886 3197 3942 molendini
3246 3889 3387 3944 verti
3441 3889 3495 3943 in
3550 3890 3826 3944 inversum

2233 3976 2420 4046 cmpit.
2448 3975 2591 4031 Idem
2623 3986 2804 4032 autem
2832 3978 2994 4034 homo
3022 3979 3278 4034 clamavit
3319 3991 3443 4051 post
3477 3982 3701 4036 beatum
3731 3981 3830 4034 Re.-

2235 4067 2482 4138 migium,
2512 4067 2700 4124 dicens
2735 4088 2748 4123 :
2779 4069 2944 4125 Serve
2974 4071 3092 4137 Dei,
3132 4072 3276 4138 veni,
3307 4082 3362 4127 et
3412 4073 3716 4128 habeamus
3759 4075 3829 4127 si-

2237 4157 2346 4211 nml
2375 4158 2478 4213 hoc
2523 4158 2909 4214 molendinum.
2943 4160 3039 4216 Cui
3085 4171 3309 4218 sanctus
3340 4164 3626 4234 Remigius
3662 4183 3677 4218 :
3724 4165 3830 4219 Nec

2237 4250 2387 4312 mihi,
2422 4265 2524 4306 nec
2553 4252 2669 4307 tibi.
2701 4252 2768 4307 Et
2798 4253 2880 4308 sic
2925 4254 3047 4308 talis
3075 4254 3218 4310 fossa
3265 4255 3319 4309 in
3363 4258 3556 4311 eodem
3588 4257 3716 4312 loco
3741 4261 3830 4313 de-

2237 4341 2404 4406 venit,
2436 4352 2497 4396 ut
2524 4358 2592 4398 ex
2639 4353 2790 4410 tunc,
2816 4353 2872 4399 et
2910 4360 3054 4400 nunc
3081 4361 3252 4415 usque
3282 4347 3334 4400 in
3363 4356 3694 4416 perpetuum
3721 4363 3830 4402 mo—

2239 4429 2512 4486 lendinum
2542 4432 2614 4488 ibi
2641 4447 2763 4489 esse
2801 4449 2906 4488 non
2933 4437 3193 4503 potuerit.
3220 4437 3287 4492 Et
3314 4439 3442 4505 quia
3469 4438 3729 4506 repulsus
3751 4448 3830 4492 est

2238 4536 2268 4574 a
2305 4521 2624 4591 quibusdam
2654 4524 2983 4591 hominibus,
3022 4543 3094 4582 ne
3132 4527 3396 4597 sylvulam
3422 4529 3722 4598 quamdam
3753 4531 3830 4582 ia-

2240 4620 2323 4667 tra
2354 4615 2613 4670 terminos
2659 4631 2786 4672 suos
2832 4618 3200 4685 concluderet,
3233 4621 3372 4676 dixit
3399 4630 3460 4675 ut
3497 4635 3599 4676 nec
3643 4621 3828 4677 folium

2241 4718 2479 4773 unquam
2522 4706 2590 4758 de
2638 4706 2752 4776 ipsa
2797 4708 2944 4779 sylva
2999 4708 3141 4765 intra
3190 4713 3450 4767 terminos
3502 4728 3660 4778 suos,
3710 4729 3827 4768 cum

2241 4801 2388 4846 esset
2439 4793 2725 4864 contigua,
2773 4797 3042 4863 evolaret,
3099 4816 3204 4856 nec
3266 4802 3426 4857 fustis
3478 4819 3680 4860 versus
3715 4805 3829 4859 illos

2244 4883 2507 4938 terminos
2560 4885 2683 4939 inde
2735 4889 2972 4943 caderet.
3026 4889 3180 4958 Quod
3217 4900 3275 4947 et
3320 4891 3680 4948 observatum
3727 4904 3825 4957 est,

2242 4977 2479 5046 quandiu
2509 4976 2598 5032 illa
2622 4979 2770 5049 sylva
2801 4983 3022 5036 mansit.
3040 4982 3250 5039 Abinde
3265 4999 3481 5055 quoque
3504 4985 3824 5056 procedens,

2242 5066 2390 5120 venit
2413 5067 2484 5121 ad
2511 5069 2716 5134 villam,
2742 5072 2961 5126 nomine
2989 5073 3357 5130 Caviniacum.
3389 5076 3564 5144 Quam
3607 5079 3824 5134 conclu-

2244 5159 2372 5215 dere
2398 5162 2538 5215 lntra
2568 5161 2702 5216 fines
2728 5162 2846 5217 illos
2877 5163 3079 5231 volens,
3126 5169 3194 5220 ab
3237 5168 3549 5223 hominibus
3587 5168 3822 5236 ejusdem

2245 5248 2384 5304 villa:
2413 5251 2645 5321 rejectns
2670 5261 2773 5308 est.
2815 5253 2966 5310 Tunc
2985 5256 3074 5310 ille
3107 5258 3263 5312 hilari
3311 5259 3458 5313 vultu
3491 5264 3656 5314 modo
3694 5259 3825 5327 rejeo

2245 5349 2386 5406 ctus,
2421 5343 2582 5396 modo
2633 5343 3087 5414 repropinquans,
3145 5348 3296 5418 signa
3357 5363 3454 5418 per
3509 5365 3671 5404 suum
3727 5350 3825 5402 iter

2245 5431 2415 5496 misit,
2445 5431 2583 5487 sicut
2613 5432 2728 5488 loca
2761 5434 3152 5504 demonstrant,
3181 5455 3278 5508 per
3319 5454 3440 5508 qua:
3483 5440 3742 5510 reiectus,
3775 5448 3828 5492 et

2245 5538 2346 5594 per
2395 5539 2515 5593 qua:
2570 5526 2937 5596 prOpiuqnans'
2989 5532 3248 5599 perrexit.
3302 5531 3542 5588 Tandem
3595 5532 3827 5600 reiectus

2248 5616 2387 5670 dixit
2411 5616 2517 5672 illis
2542 5634 2553 5670 :
2579 5617 2807 5689 Semper
2829 5620 3090 5688 laborate,
3120 5632 3176 5678 et
3204 5632 3501 5694 egestatem
3532 5627 3822 5681 sustinete:

2247 5706 2388 5762 sicut
2421 5708 2686 5780 hodieque
2733 5712 3005 5768 manentis
3043 5723 3320 5772 sententia:
3348 5717 3638 5772 verborum
3686 5714 3822 5770 illius
