4038 6322
189 391 322 454 “65

1427 386 1586 445 Vl'l‘A
1625 384 1872 444 SANCTI
1916 382 2198 443 REMIGII.

3311 383 3448 445 I-IGB

184 511 352 565 virtus
376 503 934 575 ostendit.vSurgente
960 504 1167 560 interea
1199 517 1326 575 rege
1357 517 1386 558 a
1431 515 1621 558 somno
1653 515 1766 555 me-
1792 505 1842 561 Α
1868 499 2044 568 pretio
2071 497 2427 570 comparavit,
2459 508 2514 555 et
2544 497 2892 556 mansionilcs
2920 499 3115 556 ibidem
3146 501 3450 570 constituit,

184 598 407 662 ritliauo,
457 610 708 651 reversus
732 604 818 650 est
845 595 914 649 ad
943 609 1068 649 eum
1115 602 1336 649 sanctus
1377 592 1675 662 Remigius,
1704 599 1760 645 et

183 688 353 742 omnia
385 701 506 754 quae
534 684 770 740 ambitus
795 684 1187 739 crreumitionis
1213 683 1358 738 illius
1395 681 1685 746 continuit,
1709 680 1761 734 ei

182 787 449 851 praecepto
470 793 583 833 sua:
625 776 970 833 auctoritatis
996 791 1092 831 rex
1120 774 1342 830 donavit
1379 791 1393 828 :
1442 787 1562 842 qum
1593 785 1764 841 usque

183 871 338 927 hodie
393 868 718 924 Rhemensis
770 867 1033 930 ecclesiae,
1084 881 1315 935 quarum
1366 879 1547 920 rerum
1587 862 1762 931 capita

182 972 303 1017 sunt
328 961 588 1017 Judiaeus
626 970 684 1018 et
714 959 983 1016 Ociliacus
1014 957 1398 1031 [Codieiacus],
1427 956 1551 1027 jure
1579 957 1764 1026 quieto

179 1051 438 1122 possidet.

247 1142 460 1198 XLVII.
512 1141 768 1212 Legimus
809 1143 861 1196 in
920 1157 1073 1198 sacra
1129 1151 1184 1196 et
1236 1141 1456 1211 antiqua
1512 1138 1762 1203 historia,

177 1242 426 1290 sanctum
455 1233 622 1287 David
652 1243 866 1288 montes
892 1233 1093 1290 Gelboe
1113 1231 1476 1296 maledixisse,
1500 1239 1559 1284 ut
1584 1243 1652 1283 ne
1678 1245 1766 1284 ros

178 1340 275 1380 nec
309 1324 494 1394 pluvia
523 1324 734 1379 veniret
759 1340 924 1394 super
965 1339 1076 1386 eos,
1110 1338 1284 1392 neque
1306 1329 1490 1377 essent
1515 1321 1628 1392 agri
1656 1321 1768 1390 pri-

177 1415 456 1469 mitiarum
487 1413 571 1483 (11
615 1413 742 1484 Reg.
776 1414 838 1482 ι).
879 1414 1152 1468 Habemus
1180 1420 1430 1468 sanctum
1457 1410 1766 1480 Remigium

174 1521 271 1560 ore
306 1506 628 1576 prophetico
658 1506 998 1561 maledixisse
1041 1504 1446 1560 insensibilibus
1479 1503 1768 1566 creaturis,

176 1603 234 1648 ut
255 1610 599 1662 possessores
625 1609 833 1658 earum,
862 1593 1165 1649 sterilitatis
1193 1593 1392 1648 damno
1432 1593 1488 1647 in
1525 1592 1770 1646 vindicta

175 1683 552 1739 retributionis
583 1683 896 1738 ferirentur.

244 1775 484 1831 XLVIII.
539 1775 796 1846 Eulogius
829 1774 1048 1844 quidam
1097 1773 1181 1828 vir
1217 1781 1544 1842 praepotens,
1590 1769 1772 1825 convi-

1865 604 1956 658 qui
1984 588 2055 642 ab
2082 590 2260 658 aquis,
2298 605 2459 660 super
2483 593 2680 661 quibus
2701 591 2978 648 constituti
3021 599 3168 657 sunt,
3199 591 3365 648 Cossa
3394 601 3453 649 et

1865 681 2017 738 Gleni
2034 693 2328 740 vocantur:
2361 687 2714 758 hominesque
2738 688 2789 742 iu
2811 687 3016 743 eisdem
3040 687 3454 743 mansionilibus

1867 774 1933 828 de
1957 774 2133 828 vicina
2167 775 2402 846 cpisc0pi
2435 777 2582 842 villa,
2624 794 2743 846 qua:
2770 778 2945 833 Berna
2973 778 3189 845 dicitur,
3219 794 3248 832 a
3278 777 3453 833 Fran-

1870 865 1953 918 cis
1980 864 2082 918 sibi
2111 865 2256 929 data,
2295 880 2515 920 manere
2539 867 2824 937 disposuit,
2867 875 2925 921 ut
2957 867 3128 936 picem
3175 868 3454 921 annuatim

1870 956 2137 1024 religiosis
2170 957 2303 1012 locis
2336 957 2580 1013 ccclesire
2617 959 2938 1014 Ithemcnsis
2967 958 3452 1013 administrarent:

1869 1049 2066 1118 quibus
2112 1057 2168 1104 et
2224 1065 2446 1120 pensam
2491 1051 2659 1116 dedit,
2687 1066 2807 1120 qua:
2843 1065 3010 1120 usque
3049 1051 3209 1106 hodie
3250 1051 3320 1104 ab
3367 1049 3456 1102 in-

1869 1141 2000 1196 colis
2039 1143 2276 1211 ipsorum
2317 1143 2556 1198 locorum
2607 1143 2857 1207 habetur,
2905 1159 3026 1198 cum
3067 1159 3173 1212 qua
3213 1142 3454 1198 debitum

1870 1249 2028 1288 suum
2069 1234 2371 1290 exsolvunt.
2417 1234 2588 1307 Ipsius
2633 1250 2845 1304 quoque
2887 1234 3303 1304 comparationis
3342 1251 3456 1289 sua:

1871 1321 2005 1379 lines
2043 1339 2140 1391 per
2173 1339 2366 1394 gyrum
2408 1326 2543 1378 adeo
2572 1324 2976 1387 exterminavit,
3023 1331 3082 1377 ut
3124 1331 3179 1377 et
3205 1323 3459 1377 omnibus

1871 1413 2179 1468 videntibus
2217 1423 2402 1496 pateat
2442 1415 2559 1484 ipsa
2605 1413 3005 1477 exterminatio,
3049 1421 3104 1468 et
3138 1429 3167 1466 a
3202 1412 3461 1484 progenie

1873 1507 1926 1561 in
1956 1508 2242 1578 progenies
2285 1507 2546 1562 hactenus
2586 1507 2717 1576 ipsa:
2755 1506 3259 1571 exterminationes,
3289 1507 3357 1558 ab
3397 1518 3464 1558 eo

1871 1594 2050 1660 facta},
2093 1595 2314 1650 nomine
2359 1604 2516 1648 tenus
2549 1595 2854 1648 vocitentur
2891 1607 2953 1647 ac
3000 1593 3368 1661 designentur.
3402 1590 3464 1646 In

1873 1687 2071 1757 quibus
2095 1685 2636 1742 exterminationibus
2657 1683 2889 1753 quodam
2921 1683 3038 1738 loco
3071 1683 3124 1736 in
3160 1682 3300 1737 fuste
3327 1696 3462 1736 cavo

1874 1793 2034 1832 manu
2087 1795 2184 1834 sua
2231 1787 2444 1848 petram
2491 1777 2658 1841 misit,
2700 1791 2858 1846 quam
2903 1790 3092 1830 omnes
3139 1775 3230 1844 qui
3278 1774 3464 1828 volunt

171 1883 294 1928 ctus
323 1873 468 1943 apud
508 1886 688 1942 regem
716 1865 1049 1924 Ludovic'um
1095 1871 1162 1924 de
1189 1869 1415 1923 crimine
1454 1867 1613 1936 regia:
1656 1879 1770 1918 ma-
1801 1850 1843 1909 Β
1873 1885 2090 1924 manum
2132 1869 2186 1923 in
2217 1883 2471 1933 caverna,
2503 1868 2556 1922 in
2579 1883 2684 1937 qua
2712 1875 2861 1936 petra
2900 1865 3072 1935 posita
3101 1873 3206 1931 est,
3236 1879 3460 1934 ponere,

166 1963 411 2034 jestatis,
449 1975 656 2018 cumse
687 1974 919 2030 purgare
961 1973 1068 2014 non
1113 1969 1314 2027 posset,
1363 1957 1431 2012 ad
1477 1954 1767 2012 ecclesiam

171 2056 398 2111 Sanctae
449 2053 650 2118 Mariae,
681 2060 738 2109 et
764 2053 832 2107 ad
864 2052 1308 2107 intercessionem
1350 2049 1495 2104 beati
1539 2045 1772 2116 Remigii

171 2151 495 2221 confugium
519 2148 667 2203 fecit.
721 2146 820 2201 Cui
851 2144 1392 2214 sanctusRemigius,
1425 2151 1483 2198 et
1511 2143 1676 2196 vitam
1717 2146 1773 2193 et

169 2259 364 2297 rerum
410 2254 632 2296 suarum
677 2241 820 2309 apud
856 2253 1038 2310 regem
1081 2237 1316 2293 obtinuit
1354 2235 1770 2306 possessionem.

168 2329 321 2384 Idem
349 2337 536 2384 autem
555 2326 1076 2398 recompensationis
1098 2325 1271 2397 gratia
1293 2332 1481 2379 sancto
1506 2319 1773 2391 Remigio,

170 2418 521 2487 Sparnacum
553 2417 732 2471 villam
759 2433 912 2472 suam
942 2416 996 2470 in
1021 2415 1404 2486 proprietatem
1425 2413 1557 2468 dare
1584 2411 1772 2468 voluit.

171 2509 418 2566 Sanctus
448 2519 628 2564 autem
659 2509 936 2581 Remigius
966 2508 1381 2564 retributionem
1417 2503 1775 2574 temporalem

166 2614 271 2669 pro
299 2598 709 2654 intercessionis
735 2613 846 2652 suae
881 2596 1144 2652 beuelicio
1170 2596 1412 2663 recipere
1447 2592 1636 2647 noluit.
1669 2589 1776 2644 Sed

168 2689 440 2761 quoniam
478 2687 620 2743 idem
667 2687 924 2758 Eulogius
948 2686 1288 2741 verecundia:
1309 2682 1651 2739 confessione
1679 2679 1777 2732 ad-

165 2781 382 2844 dictus,
411 2777 537 2847 quia
565 2787 753 2832 eontra
781 2777 988 2832 natales
1015 2791 1142 2832 suos
1169 2775 1281 2830 vita
1303 2773 1493 2829 donari
1515 2786 1613 2842 per
1642 2769 1781 2825 alte-

165 2870 292 2923 rius
345 2865 740 2935 indulgentiam
788 2866 1006 2930 meruit,
1038 2866 1090 2920 in
1115 2863 1360 2920 saeculari
1398 2863 1588 2917 habitu
1633 2869 1781 2916 stare

166 2976 284 3015 non
316 2959 510 3023 voluit,
543 2969 763 3015 sanctus
794 2959 1069 3030 Remigius
1093 2959 1143 3015 ei
1169 2959 1327 3025 dixit,
1350 2967 1410 3013 ut
1437 2959 1484 3012 si
1510 2956 1781 3028 perfectus

163 3067 296 3108 esse
327 3051 515 3116 vellet,
544 3051 805 3106 venderet
828 3052 1007 3107 omnia
1035 3066 1152 3116 sua,
1185 3059 1240 3106 et
1269 3051 1424 3106 daret
1451 3049 1779 3120 pauperibus

165 3153 227 3199 et
253 3151 590 3214 sequeretur
616 3141 917 3198 Christum.
969 3142 1039 3196 Et
1079 3142 1159 3197 sic
1203 3142 1271 3196 de
1319 3142 1578 3196 thesauro
1604 3139 1778 3196 eccle-

165 3235 409 3292 siastico
459 3241 704 3288 taxatum
749 3234 1016 3304 pretium,
1060 3234 1300 3303 quinque
1339 3231 1551 3288 scilicet
1607 3230 1777 3284 millia

167 3325 400 3396 argenti
425 3325 616 3390 libras,
645 3325 870 3396 Eulogio
893 3325 1061 3390 dedit,
1109 3333 1166 3378 et
1211 3325 1458 3380 eamdem
1491 3323 1676 3378 villam
1721 3322 1781 3377 in

165 3416 587 3489 possessionem
627 3416 875 3472 ecclesia:
915 3415 1252 3485 comparavit
1285 3432 1300 3468 :
1345 3415 1550 3469 bonum
1597 3427 1784 3469 exem-

168 3507 331 3577 plum
365 3505 622 3561 omnibus
650 3504 922 3576 episcopis
953 3513 1063 3560 tam
1095 3520 1194 3559 suo
1233 3513 1474 3574 tempere
1519 3503 1574 3557 in
1617 3515 1784 3557 carne

163 3597 523 3659 viventi-bus,
547 3610 709 3664 quam
737 3603 860 3664 post
893 3610 1018 3650 eum
1049 3596 1102 3649 in
1145 3596 1337 3650 ordine
1366 3592 1784 3649 succedentibus

164 3688 600 3754 derelinquens;
629 3694 689 3740 ut
716 3685 1042 3755 pauperibus
1081 3701 1148 3738 ac
1179 3685 1373 3750 viduis,
1411 3692 1506 3738 aut
1544 3682 1780 3752 pupillis,

166 3780 262 3836 vel
291 3792 403 3850 pro
427 3777 530 3841 his,
559 3777 650 3844 qui
679 3775 745 3828 ad
801 3777 1232 3832 misericordiam
1283 3777 1538 3831 Ecclesiae
1594 3773 1784 3830 confu-

168 3871 338 3938 giunt
380 3865 477 3934 qui
530 3864 785 3933 iujuriam
838 3867 1142 3934 patiuntur,
1192 3874 1287 3919 aut
1324 3866 1416 3935 qui
1472 3875 1782 3935 peccantes,

171 3962 229 4016 in
255 3957 470 4016 exsilio
497 3966 592 4010 aut
620 3958 673 4012 in
704 3957 896 4012 insulis
921 3958 1268 4023 damnantur,
1307 3965 1401 4012 aut
1422 3965 1571 4012 certe
1589 3971 1784 4026 quam-

172 4068 410 4123 cunque
439 4050 768 4106 sententiam
791 4051 1113 4121 suscipiunt,
1139 4050 1294 4121 juxta
1344 4063 1528 4104 sacros
1550 4063 1786 4106 canones

179 4147 622 4211 subvenientes,
667 4146 752 4201 vel
805 4160 1141 4216 quaecunque
1194 4152 1416 4215 agentes
1466 4144 1629 4209 bona,
1687 4157 1788 4211 pro

170 4239 479 4311 temporali
509 4237 866 4293 retributione
892 4247 998 4292 uOn
1046 4236 1291 4301 faciant;
1343 4235 1438 4290 sed
1483 4234 1638 4303 juxta
1683 4235 1788 4290 Do-

173 4331 454 4386 minicam
483 4343 671 4383 vocem
705 4345 718 4381 :
746 4325 922 4382 Gratia
951 4328 1242 4398 accepistis,
1272 4327 1438 4396 gratia
1459 4327 1614 4392 date;
1639 4325 1787 4396 quod

172 4422 275 4477 Dei
309 4419 523 4492 gratia,
567 4416 619 4472 id
676 4425 783 4484 est,
831 4418 1001 4489 gratis
1047 4418 1172 4472 data
1212 4424 1560 4487 acceperunt,
1618 4416 1788 4488 gratis

1805 3184 1852 3248 C

1870 1968 2094 2030 possunt
2120 1967 2174 2014 et
2205 1961 2376 2030 ipsam
2408 1967 2616 2028 petram
2647 1957 2887 2021 volvere,
2917 1964 2972 2011 et
3009 1971 3128 2011 eam
3168 1971 3198 2010 a
3229 1970 3462 2010 caverna

1873 2052 2021 2108 nullo
2051 2053 2268 2124 ingenio
2297 2051 2474 2106 valent
2517 2050 2827 2106 extrahere.
2870 2048 3001 2103 Post
3044 2049 3290 2118 quaedam
3329 2063 3462 2102 vero

1875 2151 2118 2212 tempora
2159 2142 2380 2211 quidam
2426 2141 2695 2206 invidens,
2743 2140 2887 2210 quod
2940 2139 3092 2195 multi
3129 2139 3197 2194 ad
3243 2139 3463 2193 laudem

1877 2236 2049 2290 sancti
2093 2234 2323 2306 Remigii
2373 2235 2476 2290 hoc
2520 2250 2619 2304 pro
2670 2235 2930 2304 religione
2970 2233 3246 2296 tenebant,
3301 2248 3466 2287 manu

1878 2327 2050 2397 ipsam
2079 2338 2288 2396 petram
2311 2327 2377 2381 de
2401 2341 2634 2381 caverna
2657 2326 2944 2380 extrahere
2962 2323 3152 2378 voluit.
3175 2323 3328 2390 Quod
3355 2339 3464 2379 nou

1877 2415 2083 2480 valens,
2112 2415 2287 2470 securi
2317 2413 2493 2484 ipsum
2527 2421 2806 2483 pertusum
2837 2412 3099 2481 ampliare
3128 2414 3382 2477 tentavit;
3409 2420 3467 2465 et

1876 2506 2122 2563 elevante
2153 2519 2218 2560 eo
2244 2505 2500 2569 securim,
2529 2513 2588 2557 ut
2627 2502 2824 2559 fustem
2863 2511 3190 2572 percuteret,
3240 2503 3462 2557 dextera

1878 2613 2075 2654 manus
2104 2597 2246 2652 illius
2275 2597 2508 2661 exaruit,
2536 2606 2590 2651 et
2625 2596 2906 2651 oculorum
2934 2596 3115 2651 lumen
3162 2595 3378 2650 amisit;
3411 2603 3470 2650 et

1881 2688 1974 2758 qui
1997 2687 2225 2743 formam
2252 2687 2425 2742 sancti
2450 2687 2682 2757 Remigii
2709 2687 3056 2756 exstinguere
3079 2686 3269 2753 voluit,
3292 2686 3470 2742 laudis

1878 2779 2286 2835 venerationem
2338 2780 2580 2834 adauxit.
2627 2778 2687 2833 In
2729 2779 2833 2834 hac
2875 2778 3260 2847 sollicitudine,
3302 2795 3468 2851 quam

1881 2879 2102 2927 sanctus
2140 2872 2418 2943 Remigius
2458 2873 2524 2928 de
2547 2872 2665 2942 pice
2693 2871 2825 2928 locis
2852 2871 3121 2943 religiosis
3150 2872 3471 2930 Rhemensis

1880 2962 2145 3030 ecclesiae,
2169 2978 2269 3019 suo
2297 2964 2382 3020 vel
2411 2979 2786 3020 successorum
2814 2977 3034 3019 suorum
3068 2974 3311 3036 tempore
3335 2983 3469 3022 con—

1881 3056 2121 3113 sulturus
2151 3056 2365 3128 sategit,
2401 3057 2705 3114 rectoribus
2729 3057 2974 3115 ecclesize
3003 3069 3255 3129 patenter
3279 3074 3466 3117 osten-

1882 3145 1979 3210 dit,
2005 3148 2129 3216 quia
2153 3147 2491 3203 iuternorum
2513 3149 2927 3205 sollicitudinem
2950 3166 3053 3205 non
3077 3152 3468 3223 relinquentes,

1882 3248 2234 3294 externorum
2263 3241 2662 3310 providentiam
2707 3257 2815 3296 non
2857 3242 3054 3297 debent
3091 3245 3357 3310 minuere,
3400 3261 3473 3302 ne

1884 3339 1978 3384 aut
2020 3330 2383 3386 exterioribus
2430 3330 2620 3397 dediti,
2665 3331 2735 3387 ab
2782 3331 2990 3388 intimis
3034 3332 3311 3400 corruat'it,
3377 3344 3472 3390 aut

1884 3418 2015 3474 solis
2053 3417 2405 3475 interioribus
2431 3420 2704 3490 occupati,
2734 3435 2866 3494 qua;
2883 3419 3016 3477 foris
3048 3423 3266 3488 debent,
3289 3427 3475 3494 proxi-

1885 3509 1989 3564 mis
2018 3524 2124 3564 non
2151 3507 2484 3580 impendant.
2521 3509 2630 3566 Sed
2677 3511 2757 3566 sic
2795 3492 3016 3567 sibimet
3058 3513 3126 3568 ad
3170 3492 3475 3585 spiritualia

1884 3606 2099 3662 vacent,
2137 3607 2200 3654 ut
2233 3599 2567 3655 exteriorum
2608 3601 3134 3658 administrationem
3164 3619 3272 3659 non
3308 3605 3475 3660 relin-

1885 3696 2086 3759 quant;
2118 3703 2186 3744 ne
2207 3705 2330 3745 cum
2354 3705 2548 3747 curare
2574 3693 2876 3762 corporalia
2896 3692 3008 3763 jam
3040 3693 3280 3751 funditus
3308 3695 3482 3768 negli-

1888 3789 2044 3850 gunt,
2073 3780 2415 3836 subditorum
2440 3782 2856 3839 necessitatibus
2875 3785 3098 3840 minime
3117 3795 3475 3843 concurrant:

1886 3871 2009 3927 etsi
2048 3871 2131 3925 eis
2174 3871 2485 3926 necessaria
2541 3873 2823 3941 praesentis
2865 3883 2989 3928 vute
3037 3890 3144 3930 non
3200 3877 3475 3942 tribuunt,

1888 3977 2064 4032 neque
2092 3977 2186 4017 eos
2206 3961 2443 4018 libenter
2469 3962 2709 4016 audiant.
2743 3963 2965 4034 Egentis
2995 3965 3196 4020 etenim
3238 3976 3479 4022 mentem

1890 4052 2150 4108 doctrinae
2197 4065 2377 4106 sermo
2410 4065 2522 4106 non
2566 4060 2850 4121 penetrat,
2896 4054 2942 4108 si
2990 4056 3133 4109 hunc
3174 4059 3314 4124 apud
3361 4057 3480 4127 ejus

1891 4143 2132 4196 animum
2159 4156 2351 4196 manus
2379 4141 2768 4197 misericordiae
2797 4159 2901 4198 non
2935 4147 3298 4201 commendat.
3326 4147 3479 4204 Tunc

1891 4242 2072 4290 autem
2100 4234 2248 4289 verbi
2277 4248 2462 4289 semen
2507 4229 2666 4290 facile
2704 4237 2992 4307 germinat,
3036 4239 3254 4307 quando
3291 4240 3346 4295 in
3386 4255 3482 4295 au-

1892 4323 2090 4379 dientis
2118 4333 2338 4395 pectore
2363 4325 2537 4394 pietas
2566 4326 2913 4395 praedicantis
2939 4329 3097 4399 rigat.
3129 4327 3282 4386 Unde
3305 4340 3484 4386 recto-

1895 4429 2007 4470 rem
2041 4429 2264 4470 necesse
2303 4423 2409 4479 est,
2449 4423 2510 4470 ut
2553 4415 2816 4473 interiora
2855 4419 3026 4488 possit
3055 4418 3341 4477 infundere
3390 4438 3483 4479 co—

171 4513 380 4577 etiaui,
428 4509 486 4563 id
515 4517 620 4572 est,
649 4509 770 4564 sine
823 4509 1179 4564 retributione
1235 4508 1518 4579 temporali
1567 4507 1785 4579 (Matth.
1818 4532 1868 4592 ι)
1893 4505 2154 4577 gitatione
2209 4505 2428 4561 innoxia
2464 4505 2628 4561 etiam
2665 4508 2938 4562 exteriora
2983 4509 3289 4579 providere.
3331 4511 3484 4569 Hanc

171 4604 298 4675 xx),
334 4599 615 4671 proximis
648 4599 966 4669 largiantur.
1019 4599 1174 4655 Unde
1226 4600 1384 4667 bene,
1446 4615 1569 4655 cum
1607 4601 1789 4654 virum

169 4690 395 4761 justum
446 4688 802 4754 describeret,
839 4690 1102 4758 propheta
1152 4690 1228 4743 ait
1261 4708 1275 4743 :
1308 4689 1412 4755 Qui
1439 4690 1635 4744 excutit
1679 4707 1798 4744 ma-

175 4799 280 4836 nus
309 4796 451 4835 sua;
489 4779 553 4832 ab
587 4779 728 4832 omni
768 4794 982 4833 munere
1027 4777 1162 4849 (Ira.
1187 4782 1404 4848 xxxm).
1433 4779 1620 4849 Neque
1644 4780 1790 4835 enim

176 4871 328 4925 dixit
362 4882 598 4924 munere
634 4875 880 4922 tantum:
913 4867 1005 4922 sed
1053 4868 1321 4939 adjunxit,
1353 4869 1422 4923 ab
1455 4869 1633 4934 omni;
1668 4870 1794 4937 quia

176 4960 338 5017 aliud
370 4967 466 5016 est
491 4973 688 5014 munus
726 4959 795 5013 ab
821 4959 1104 5027 obsequio,
1150 4959 1294 5013 aliud
1324 4973 1521 5013 munus
1541 4973 1572 5012 a
1604 4973 1792 5024 manu,

179 5054 340 5108 aliud
388 5067 592 5107 munus
630 5067 660 5104 a
701 5052 900 5121 lingua.
935 5051 1129 5106 Munus
1158 5051 1355 5120 quippe
1400 5052 1469 5106 ab
1513 5051 1792 5120 obsequio,

179 5152 271 5200 est
299 5142 584 5211 subjectio
612 5140 848 5197 indebite
873 5143 1115 5210 impensa
1146 5157 1161 5196 :
1195 5157 1389 5196 munus
1416 5156 1446 5194 a
1491 5157 1653 5196 manu
1698 5155 1798 5210 pe-

181 5237 357 5293 cunia
393 5252 408 5289 :
437 5249 637 5290 munus
667 5249 697 5288 a
724 5234 929 5304 lingua,
957 5233 1130 5288 favor.
1172 5232 1274 5298 Qui
1305 5248 1434 5304 ergo
1485 5248 1669 5289 sacros
1713 5249 1800 5287 or-

182 5327 601 5394 dines'tribuit,
626 5326 711 5382 vel
748 5327 1110 5396 quodcunque
1139 5327 1361 5389 bonum,
1393 5327 1532 5381 unde
1573 5327 1804 5382 retribu-

185 5420 414 5476 tionem
446 5433 476 5472 a
506 5418 616 5474 Deo
650 5418 752 5474 sibi
775 5419 828 5473 in
855 5416 1034 5472 futuro
1065 5419 1260 5473 smeulo
1289 5419 1438 5474 reddi
1471 5419 1636 5489 cupit,
1673 5429 1800 5474 tunc

186 5513 262 5569 ab
286 5511 450 5568 omni
474 5528 698 5570 munere
725 5528 942 5568 manum
981 5513 1206 5578 excutit,
1253 5514 1468 5583 quando
1505 5513 1560 5567 in
1604 5512 1801 5569 divinis

188 5607 372 5661 rebus
404 5618 513 5658 non
539 5605 713 5660 solum
737 5605 898 5660 ullam
927 5604 1232 5676 pecuniam,
1260 5603 1353 5660 sed
1381 5605 1543 5660 etiam
1569 5605 1800 5675 gratiam

189 5710 306 5750 non
347 5696 604 5763 requirit.

270 5784 501 5861 XLIX._
528 5788 744 5844 Partem
787 5787 949 5843 etiam
993 5788 1280 5844 maximam
1319 5787 1468 5844 silvae
1508 5787 1560 5843 in
1594 5786 1804 5860 Vosego

1893 4607 2173 4669 pastorum
2200 4598 2620 4655 sollicitudinem
2657 4600 2855 4657 Paulus
2888 4601 3090 4657 excitat
3122 4602 3308 4660 dicens
3335 4623 3348 4658 :
3377 4604 3486 4671 Qui

1893 4706 2134 4755 auorum,
2178 4700 2226 4745 et
2255 4692 2485 4746 maxime
2527 4692 2930 4748 domesticorum
2958 4710 3140 4748 curam
3176 4713 3281 4750 non
3307 4697 3482 4760 habet,

1894 4781 2051 4849 ﬁdem
2078 4781 2302 4849 negavit,
2334 4789 2384 4833 et
2417 4790 2491 4834 eat
2521 4782 2724 4850 inﬁdeli
2752 4785 2979 4838 deterior
3004 4784 3054 4852 (Ι
3085 4783 3218 4838 Tim.
3250 4783 3322 4855 v).
3355 4784 3486 4850 Qua:

1895 4870 2038 4924 beati
2074 4869 2306 4938 Remigii
2357 4869 2662 4926 sollicitudo
2702 4880 2964 4941 quantum
3003 4873 3232 4927 Domino
3269 4873 3484 4945 placuc-

1898 4961 1986 5021 rit,
2021 4961 2285 5014 miraculo
2317 4968 2536 5015 ostenso
2577 4961 2629 5015 in
2660 4976 2726 5016 eo
2763 4962 2853 5032 qui
2889 4961 3006 5030 ejus
3043 4961 3200 5017 bonis
3229 4964 3484 5032 operibus

1900 5047 2195 5113 invidebat,
2219 5047 2500 5103 evidenter
2531 5049 2790 5103 ostendit.

1970 5138 2032 5192 L.
2062 5137 2362 5193 Ludovicus
2392 5153 2485 5192 rex
2519 5154 2640 5194 cum
2685 5139 2778 5193 Dei
2819 5138 3195 5196 benedictione
3232 5156 3330 5210 per
3353 5157 3483 5197 san-

1902 5239 2048 5285 ctum
2097 5230 2398 5300 Remigium
2454 5237 2708 5298 accepta,
2764 5229 2831 5283 de
2878 5230 3104 5284 victoria
3151 5232 3252 5286 sibi
3305 5233 3374 5286 ab
3419 5248 3486 5287 eo

1902 5323 2158 5393 prredicta
2182 5337 2426 5384 securus,
2451 5329 2500 5375 et
2533 5321 2584 5374 iu
2610 5320 2879 5375 mandatis
2901 5322 3192 5392 accipiens,
3218 5330 3277 5376 ut
3300 5322 3487 5378 tandiu

1904 5415 1969 5469 ad
2010 5413 2373 5467 dimicandum
2419 5418 2688 5480 pergeret,
2735 5412 2972 5481 quandiu
3015 5412 3090 5467 illi
3141 5411 3485 5468 benedictum

1902 5507 2108 5569 vinum,
2133 5504 2233 5558 sibi
2260 5505 2329 5559 ab
2361 5519 2426 5558 eo
2448 5503 2655 5568 datum,
2683 5503 2736 5558 in
2759 5502 3077 5573 quotidiano
3103 5517 3202 5560 usu
3241 5511 3486 5573 potatum

1905 5596 2204 5654 sufﬁceret:
2245 5596 2348 5650 iter
2374 5594 2809 5664 arripuitcontra
2839 5593 3250 5650 Gundebaldum
3288 5603 3346 5649 et
3383 5593 3490 5649 Go-

1907 5689 2199 5761 deglissum
2226 5686 2450 5743 fratrem
2476 5688 2614 5758 ejus,
2639 5696 2911 5745 commoto
2945 5687 3189 5744 exercitu
3216 5688 3486 5752 maximo;

1908 5793 1962 5839 et
1992 5781 2398 5853 Burgundiones
2432 5795 2555 5836 cum
2601 5781 2805 5853 ingenti
2843 5772 3184 5838 multitudine
3227 5783 3494 5834 venerunt
