4038 6322
539 409 675 467 ΙιῦἹ

1354 403 1685 461 lllNCMARl
1726 403 1941 459 BHEM.
1982 400 2302 458 ARCHIEP.
2343 404 2704 464 OI'USCULA
2751 408 2980 464 VARH.

3676 411 3827 471 1168

535 536 721 584 contra
752 539 876 581 eum
904 538 1065 589 super
1090 520 1388 578 Oscharam
1418 519 1640 575 ﬁuvium
1680 535 1836 576 secus
1857 528 2118 582 castrum,
2149 520 2198 577 Α
2225 532 2347 573 nem
2373 518 2431 574 S.
2459 520 2728 593 Remigii,
2763 523 2934 591 patris
2964 532 3019 578 ct
3042 524 3256 594 patroni
3279 536 3363 578 sui
3383 565 3398 587 ,
3428 524 3639 595 adjuvit
3666 541 3798 583 eum

535 619 678 687 quod
718 616 907 671 Divion
939 614 1176 669 dicitur:
1209 612 1391 680 ibique
1419 612 1565 667 inter
1610 626 1669 668 se
1704 612 1965 666 atrociter
1990 626 2122 665 con-

536 708 799 780 ﬂigentes,
827 703 1210 761 Gundebaldus
1237 717 1300 756 ac
1326 701 1670 774 Godeglissus
1709 717 1833 757 cum
1874 701 2120 771 Burgun-

539 797 789 853 dionibus
810 804 957 864 terga
982 800 1283 857 verterunt,
1311 800 1369 847 et
1388 792 1475 846 vix
1502 789 1624 862 fuga
1647 791 1782 861 lapsi
1809 799 2118 844 evaserunt.

542 886 833 947 Ludovico,
882 891 941 937 ιιι
977 880 1203 948 solebat,
1245 881 1515 937 existente
1561 882 1783 944 victore,
1814 880 2124 937 Gundebal-

546 977 648 1031 dus
672 989 731 1028 se
756 973 810 1028 in
835 972 1113 1028 Avenione
1150 972 1392 1038 reclusit,
1429 980 1484 1027 et
1511 988 1608 1042 per
1644 972 1902 1029 Aredium
1942 971 2123 1027 consi-

535 1065 751 1121 liarium
779 1050 937 1120 suum
969 1078 1161 1135 pacem
1190 1078 1221 1118 a
1247 1063 1519 1120 Ludovico
1541 1064 1784 1133 expetiit.
1818 1062 2127 1118 Ludovicus

536 1169 667 1210 vero
693 1194 711 1221 ,
748 1153 957 1216 ablatis
1012 1153 1318 1219 thesauris,
1379 1168 1502 1209 cum
1557 1154 1739 1225 praeda
1768 1153 2023 1208 .maxima
2072 1161 2128 1207 et

534 1243 872 1299 Francorum
915 1243 1158 1298 exercitu
1213 1243 1280 1299 ad
1337 1244 1552 1314 propria
1595 1253 1679 1300 est
1724 1260 1995 1299 reversus.
2060 1243 2128 1298 Et

538 1335 762 1390 mittens
826 1333 1064 1403 legatum
1115 1334 1331 1389 nomine
1381 1334 1696 1400 Paternum,
1740 1336 1915 1389 virum
1965 1334 2124 1389 indu-

536 1425 756 1490 strium,
804 1427 871 1481 ad
898 1425 1174 1481 Alaricum
1219 1442 1401 1497 regem
1450 1427 1746 1483 Gothorum
1780 1428 1847 1482 de
1885 1429 2126 1483 amicitia

538 1513 682 1568 inter
726 1529 821 1571 eos
861 1515 1170 1571 conditione
1213 1516 1508 1571 mandavit.
1561 1516 1808 1573 Alaricus
1836 1533 1966 1573 vero
2002 1507 2125 1572 cum

540 1618 641 1673 per
669 1603 963 1661 Paternum
994 1606 1155 1663 vellet
1187 1607 1520 1662 Ludovicum
1539 1606 1813 1679 decipere,
1836 1625 1866 1663 a
1893 1609 2152 1667 Paterno-

540 1695 836 1767 exploratis
863 1712 984 1767 quae
1018 1698 1161 1754 circa
1207 1714 1333 1754 eum
1376 1708 1552 1767 erant,
1594 1708 1649 1755 et
1694 1701 1962 1757 thesauris
2010 1702 2130 1773 ejus

528 1789 757 1858 ingenio
784 1789 1106 1856 subarratis,
1138 1790 1327 1845 illusus
1354 1802 1457 1847 est.

2224 608 2444 664 Patrata
2472 612 2736 681 siquidem
2771 615 2993 669 victoria
3014 654 3028 677 ,
3058 623 3110 669 et
3146 616 3330 670 nmltis
3366 616 3678 673 civitatibus
3706 636 3827 676 sua:

2224 700 2415 755 ditioni
2439 703 2737 772 subiugatis
2759 744 2775 769 ,
2808 720 2979 774 usque
3002 703 3255 760 Tolosam
3296 709 3533 775 perrein
3566 725 3582 761 :
3608 718 3666 763 et
3694 710 3826 766 the.

2225 805 2413 845 sauros
2437 789 2641 847 Alarici
2676 794 2973 863 accipiens,
2995 810 3092 866 per
3119 796 3484 866 Engolismam
3511 798 3826 864 civitatem,

2225 880 2382 950 cujus
2428 883 2701 937 muriante
2729 895 3081 953 conspectum
3106 886 3224 956 ejus
3259 898 3623 951 corruerunt,
3648 889 3829 943 inter-

2226 969 2603 1041 fecttsGothis
2621 973 2865 1043 Arianis,
2885 977 2975 1045 qui
3001 975 3077 1031 ibi
3096 986 3275 1042 erant,
3320 993 3445 1033 cum
3471 980 3712 1050 gloriosa
3742 982 3826 1035 vi-

2226 1058 2397 1112 ctoria
2433 1060 2500 1115 de
2530 1062 2713 1116 multis
2741 1063 3051 1120 civitatibus
3092 1065 3159 1119 ad
3200 1068 3416 1137 propria
3449 1070 3636 1124 rediit.

2299 1152 2429 1207 Llll.
2469 1153 2575 1209 Per
2602 1155 2745 1209 idem
2792 1166 3002 1227 tempus
3043 1160 3111 1213 ab
3152 1160 3446 1216 Anastasio
3487 1162 3829 1232 imperatore

2228 1243 2506 1299 codicillos
2529 1243 2836 1301 Ludovicus
2862 1262 2951 1301 rex
2987 1264 3085 1318 pro
3113 1250 3392 1304 consulatu
3418 1252 3651 1321 accepit.
3685 1252 3829 1307 Cum

2229 1335 2427 1404 quibus
2451 1336 2715 1392 codicillis
2739 1339 2902 1393 etiam
2944 1339 3017 1394 illi
3068 1340 3388 1397 Anastasius
3433 1358 3701 1398 coronam
3732 1362 3833 1399 au-

2231 1442 2380 1482 ream
2407 1444 2529 1483 cum
2557 1430 2786 1497 gemmis
2814 1439 2869 1484 et
2897 1433 3132 1487 tunicam
3160 1433 3418 1490 blatteam
3444 1438 3595 1491 misit
3620 1456 3634 1489 :
3668 1448 3728 1493 ct
3762 1440 3837 1493 ab

2229 1530 2291 1573 ea
2317 1516 2404 1571 die
2425 1518 2612 1571 consul
2630 1518 2698 1572 et
2728 1530 2990 1588 angustus
3018 1531 3101 1576 est
3125 1524 3441 1593 appellatus.
3472 1526 3584 1582 Sed
3603 1537 3662 1582 et
3689 1528 3837 1583 lior-

2230 1608 2403 1662 misda
2438 1607 2696 1664 Romana:
2725 1610 2868 1665 sedis
2898 1612 3134 1681 pontifex
3178 1624 3367 1669 sancto
3400 1615 3692 1688 Remigio,
3727 1635 3835 1673 an-

2233 1700 2394 1769 tiqua:
2430 1701 2744 1769 metropolis
2768 1703 3021 1771 episeopo
3045 1744 3057 1767 ,
3095 1719 3216 1771 qua:
3250 1714 3379 1760 tunc
3423 1710 3695 1776 temporis
3726 1710 3835 1763 ha-

2231 1788 2397 1843 bebat
2425 1791 2526 1845 sub
2554 1804 2613 1844 se
2638 1790 2919 1845 duodecim
2943 1793 3189 1847 civitates
3211 1835 3226 1859 ,
3265 1804 3321 1849 et
3353 1797 3579 1850 totidem
3608 1800 3837 1867 episeo.

595 1878 698 1933 .Ll.
733 1881 789 1934 In
836 1880 1026 1936 diebus
1066 1881 1192 1947 illis,
1244 1897 1337 1936 rex
1383 1882 1686 1939 Ludovicus
1725 1900 1847 1939 cum
1893 1884 2128 1942 venisset

2233 1898 2331 1952 pos
2358 1883 2562 1937 eisdem
2588 1884 2962 1953 praesidentes,
3010 1882 3158 1939 vices
3188 1902 3312 1941 suas
3348 1888 3403 1941 in
3433 1903 3606 1959 regno
3643 1890 3837 1945 Ludo-

541 1972 802 2037 Parisios,
834 1972 926 2028 ubi
965 1974 1146 2028 sedem
1176 1989 1329 2028 suam
1357 1975 1654 2041 constituit,
1679 1976 1755 2031 ait
1796 1975 1862 2031 ad
1886 1979 2124 2048 reginam

538 2063 681 2119 etad
710 2061 969 2132 populum
1000 2078 1159 2119 suum
1185 2081 1199 2117 :
1231 2062 1378 2119 Satis
1406 2065 1537 2119 mihi
1563 2066 1846 2121 molestum
1878 2076 1959 2121 est
1983 2068 2127 2136 quod

537 2152 701 2209 Gothi
750 2152 937 2208 Ariani
987 2162 1198 2223 partem
1253 2154 1514 2223 optimam
1568 2155 1864 2211 Galliarum
1922 2166 2125 2211 tenent.

538 2243 745 2322 Eamus
771 2259 893 2299 cum
930 2243 1025 2299 Dei
1056 2243 1278 2308 auxilio,
1322 2254 1379 2299 et
1419 2243 1702 2313 cjiciamus
1739 2260 1833 2301 eos
1873 2246 1940 2301 de
1983 2255 2126 2300 terra

538 2334 657 2405 ipsa
680 2335 987 2405 nostrisque
1014 2335 1329 2401 ditionibus,
1350 2337 1490 2407 quia
1518 2337 1673 2392 valde
1703 2337 1844 2392 bona
1870 2348 1976 2403 est,
2006 2354 2127 2392 eam

539 2426 1196 2503 subjieiamusyhabentes
1218 2428 1485 2498 justitiam
1515 2429 1800 2486 adversum
1826 2430 2125 2497 Alaricum,

539 2517 608 2571 ad
632 2532 792 2588 quem
822 2534 921 2589 pro
942 2518 1207 2574 amicitiae.
1223 2520 1535 2576 conditione
1556 2519 1786 2590 legatum
1810 2522 2124 2588 direximus,

538 2622 637 2677 per
660 2624 820 2678 quem
840 2624 944 2664 nos
964 2609 1211 2681 decipere
1246 2610 1668 2668 voluit..Placuit
1702 2613 1805 2669 hoc
1838 2613 2128 2685 consilium

538 2701 862 2771 proceribus
880 2701 1241 2758 Francorum.
1285 2704 1437 2760 Tunc
1482 2719 1577 2776 per
1605 2707 1891 2763 consilium
1929 2707 2129 2778 regina:

539 2808 652 2849 suae
677 2791 807 2849 fecit
837 2794 1157 2861 ecclesiam,
1190 2797 1243 2850 in
1270 2796 1477 2854 honore
1507 2798 1874 2869 apostolorum
1900 2799 2051 2855 “Petri
2074 2807 2131 2855 et

540 2880 693 2938 Pauli
738 2884 793 2938 in
828 2883 1161 2941 Parisiorum
1188 2886 1441 2954 civitate,
1472 2898 1529 2945 et
1552 2904 1648 2959 per
1674 2890 1956 2946 consilium
1984 2892 2130 2947 beati

540 2973 774 3045 Remigii
799 2977 851 3030 in
879 2975 1171 3032 Aureliana
1195 2978 1416 3034 civitate
1442 2979 1829 3050 episcoporum
1865 2982 2129 3051 synodum

530 3066 863 3120 «convocavit
889 3083 901 3119 :
937 3068 990 3121 in
1023 3082 1130 3137 quo
1156 3077 1423 3124 conventu
1454 3067 1621 3124 multa
1649 3070 1800 3124 utilia
1834 3072 2128 3126 constituta

541 3154 721 3210 fuere.
736 3155 854 3211 Rex
877 3171 1093 3227 quoque
1114 3158 1494 3215 devotissimus
1509 3200 1523 3225 ,
1550 3176 1779 3231 pergens
1798 3172 1987 3217 contra
2005 3162 2128 3216 Ala-

534 3246 715 3304 ~ricum
742 3247 1009 3305 Arianum
1029 3290 1044 3316 ,
1075 3236 1504 3308 benedictionem
1536 3252 1689 3322 petiit
1725 3269 1755 3307 a
1797 3263 1986 3309 sancto
2015 3253 2123 3310 Ite-

541 3341 742 3416 migio.
759 3340 860 3398 Cui
887 3349 945 3398 et
980 3343 1413 3403 benedictionem
1457 3346 1624 3411 dedit,
1667 3354 1723 3401 et
1754 3346 2036 3401 victoriam
2071 3346 2124 3402 in

542 3436 710 3492 verbo
739 3433 955 3506 Christi,
970 3437 1258 3508 spopondit
1301 3455 1316 3492 :
1364 3438 1619 3507 deditque
1650 3437 1724 3494 illi
1749 3438 1966 3508 plenum
1989 3453 2084 3492 vas
2110 3478 2125 3504 ,

543 3528 690 3597 quod
713 3526 951 3598 vulgaris
971 3528 1304 3583 consuetudo
1322 3527 1611 3586 ﬁasconem
1639 3530 1888 3601 appellat,
1916 3530 1982 3585 de
2005 3530 2128 3585 vino

540 3616 685 3686 quod
701 3617 991 3672 benedixit
1018 3657 1033 3683 ,
1069 3618 1210 3673 sicut
1236 3625 1292 3673 et
1334 3616 1576 3684 fecerat,
1623 3619 1839 3688 quando
1865 3626 2006 3689 vpost
2033 3618 2129 3673 ba-

542 3707 830 3777 ptismum,
870 3718 1058 3763 contra
1082 3705 1495 3763 Gundebaldum
1538 3720 1884 3779 perrexerat,
1934 3711 2130 3781 praeci-

542 3799 703 3870 piens
731 3797 839 3864 illi,
870 3807 933 3852 ut
946 3806 1058 3853 tam
1080 3797 1243 3869 longe
1270 3799 1339 3855 ad
1359 3798 1558 3855 bellum
1589 3800 1938 3871 procederet,
1964 3817 2132 3870 quan-

541 3893 634 3948 diu
666 3890 744 3948 illi
768 3901 824 3948 et
849 3891 995 3957 suis,
1036 3892 1234 3961 quibus
1266 3892 1392 3948 inde
1423 3892 1553 3947 dare
1575 3891 1759 3956 vellet,
1788 3893 1915 3948 illud
1945 3892 2130 3947 vinum

542 3986 611 4039 de
638 3981 900 4053 praedicto
923 3980 1158 4038 llascone
1205 3998 1313 4037 non
1360 3982 1635 4038 deﬁceret.
1664 3982 1808 4038 Bibit
1846 3999 1975 4053 ergo
2005 3984 2130 4037 inde

541 4091 639 4133 rex
659 4117 675 4141 ,
704 4089 770 4131 ac
802 4074 998 4145 regalis
1029 4074 1234 4130 familia
1266 4082 1321 4128 et
1347 4089 1634 4129 numerosa
1665 4062 1819 4129 turba
1850 4074 2052 4143 populi,
2077 4085 2131 4130 et

540 4167 740 4224 exinde
773 4166 1045 4223 uberrime
1068 4167 1337 4222 satiantur
1363 4182 1376 4220 :
1401 4178 1456 4220 et
1477 4182 1571 4221 vas
1599 4167 1707 4221 vini
1736 4166 2130 4221 detrimentum

537 4272 646 4314 non
678 4257 887 4327 patitur
909 4297 924 4322 ,
947 4256 1439 4313 sed-benedictione
1471 4256 1585 4321 Dei,
1630 4272 1726 4327 per
1752 4265 2001 4312 sanctum
2024 4257 2133 4312 Rc-

536 4347 764 4416 migium
820 4346 1025 4413 indita,
1077 4361 1231 4401 more
1270 4345 1436 4401 fontis
1483 4346 1831 4401 inundatione
1870 4347 2129 4417 repletur.

538 4437 706 4493 Movit
730 4446 911 4493 autem
944 4452 1035 4492 rex
1060 4446 1316 4515 cunctum
1336 4437 1633 4492 exercitum
1654 4452 1811 4491 suum
1837 4437 1904 4492 de
1935 4437 2132 4506 populo

2150 3214 2199 3278 C

2232 1972 2338 2026 vici
2382 1973 2556 2042 regis,
2582 1988 2755 2043 nuper
2793 1988 2916 2028 cum
2958 1974 3167 2044 integra
3212 1985 3371 2045 gente
3408 1978 3475 2031 ad
3508 1977 3677 2033 tidem
3702 1997 3838 2035 ctur-

2230 2063 2375 2119 versi
2404 2079 2500 2132 per
2529 2072 2775 2118 sanetam
2803 2064 2921 2134 ejus
2941 2065 3376 2134 prtedicatiouem
3395 2108 3412 2133 ,
3439 2069 3683 2124 Domino
3701 2087 3834 2125 eoo-

2230 2164 2490 2224 perante,
2543 2163 2598 2209 et
2652 2168 2959 2227 sermonem
3013 2155 3413 2224 conﬁrmante,
3466 2164 3838 2230 sequentibus

2231 2250 2434 2319 signis,
2473 2249 2747 2305 commisit
2777 2249 2879 2303 hoc
2900 2251 3064 2305 modo
3091 2268 3107 2304 :

2301 2337 2433 2392 LIV.
2459 2338 2821 2394 Dilectissimo
2846 2338 2998 2393 fratri
3027 2340 3272 2412 Remigio
3296 2340 3613 2397 Ilormisda.
3643 2343 3833 2399 Susci-

2231 2432 2441 2501 picntes
2465 2431 2621 2502 plena
2649 2431 3002 2488 fraternitatis
3024 2441 3126 2488 tum
3156 2434 3636 2504 congratulatione
3662 2438 3831 2489 uillo-

2230 2526 2393 2594 quia,
2444 2526 2640 2595 quibus
2683 2542 2781 2581 nos
2824 2526 3113 2582 Germana:
3160 2528 3352 2584 salutis
3383 2538 3491 2584 tua:
3531 2530 3835 2586 ket'rlicav'rt

2234 2614 2434 2670 indicio
2460 2617 2730 2685 corporali
2763 2632 2886 2671 cum
2920 2618 3292 2687 spiritualihus
3316 2619 3517 2675 ofﬁciis
3544 2623 3835 2677 incolumi.

2238 2712 2320 2759 tas
2351 2705 2582 2761 subnixa
2615 2724 2628 2759 :
2657 2721 2957 2777 congruum
2985 2722 3106 2762 esse
3129 2710 3513 2779 perspeximus
3533 2752 3546 2771 .
3582 2712 3730 2767 hanc
3753 2715 3835 2782 ip-

2233 2808 2349 2847 sam
2370 2834 2385 2859 ,
2418 2809 2582 2864 quam
2615 2805 2799 2850 mente
2820 2796 3058 2866 gerimus
3074 2836 3091 2863 ,
3118 2798 3300 2853 verbis
3320 2799 3545 2869 aperire
3566 2801 3828 2857 laetitiam.

2230 2879 2364 2953 Agis
2385 2884 2530 2938 enim
2555 2884 2753 2939 summi
2776 2886 3097 2941 documenta
3120 2888 3428 2957 pontiﬁcis,
3455 2891 3590 2944 dum
3616 2902 3677 2946 et
3699 2907 3833 2963 pr:-

2231 2972 2463 3030 dicanda
2485 2975 2621 3031 facis
2640 3016 2658 3042 ,
2687 2984 2744 3031 et
2774 2991 2838 3031 ea
2871 2978 3148 3033 insinuare
3173 2994 3281 3033 non
3300 2979 3517 3035 differs.
3549 2981 3834 3054 Prurroga-

2233 3064 2400 3121 tivam
2440 3065 2609 3135 igitur
2635 3067 2704 3121 de
2731 3068 2905 3123 nostri
2942 3069 3274 3139 sumpsimus
3300 3071 3577 3127 electione
3604 3074 3789 3128 indicii
3816 3115 3834 3138 ,

2229 3158 2450 3227 quando
2470 3157 2524 3212 id
2553 3167 2834 3228 operatum
2862 3168 2915 3215 te
2931 3173 3053 3215 esse
3075 3160 3365 3217 didicimus
3385 3202 3402 3226 ,
3433 3165 3583 3232 quod
3614 3169 3839 3221 casta-is

2229 3248 2776 3320 agendumobnoxius
2792 3251 3140 3322 imperamus,
3176 3265 3235 3309 ut
3262 3254 3316 3308 in
3337 3257 3642 3324 provinciis
3679 3268 3839 3315 tanta

2229 3336 2624 3410 longinquitate
2648 3338 3022 3408 disjuuctis,et
3047 3343 3359 3411 apostolica:
3380 3345 3532 3399 sedis
3557 3347 3832 3417 vigorem.

2228 3441 2281 3485 et
2305 3430 2520 3486 Patrum
2544 3432 2743 3503 regulis
2765 3433 2986 3490 studeas
3006 3435 3268 3490 adhibere
3295 3437 3630 3492 eustmliam.
3675 3438 3842 3495 Vicos

2230 3519 2412 3590 itaque
2441 3530 2658 3593 nostras
2679 3538 2777 3592 per
2795 3539 2956 3579 omne
2977 3540 3207 3595 regnum
3224 3526 3395 3581 dileCti
3418 3537 3478 3580 et
3501 3529 3837 3598 spiritualis

2231 3608 2327 3664 ﬁlii
2358 3612 2531 3666 nostri
2561 3612 2853 3677 Ludovici,
2875 3628 3037 3684 quem
3065 3630 3256 3684 nuper,
3280 3615 3721 3676 adminiculante
3742 3637 3835 3676 sn-

2231 3716 2397 3783 perna
2427 3703 2632 3773 gratia,
2676 3702 2927 3774 plurimis
2972 3715 3027 3760 et
3061 3706 3429 3776 apostolorum
3482 3712 3841 3779 temporibus

2232 3790 2631 3860 acquiparandis
2669 3794 2950 3866 signorum
3015 3796 3335 3860 miraculis,
3378 3798 3836 3865 pranlicationem

2231 3881 2565 3938 salutiferam
2609 3886 3039 3951 comitantibus,
3078 3902 3205 3943 cum
3231 3899 3398 3957 gente
3422 3889 3638 3958 integra
3690 3906 3830 3945 oon-

2231 3973 2468 4037 vertisti,
2496 3983 2553 4030 et
2578 3975 2720 4031 sacri
2742 3977 2884 4031 dono
2908 3977 3252 4047 baptismatis
3270 3982 3635 4045 consecrasti,
3659 3982 3837 4037 salvis

2232 4062 2574 4132 prmvilegiis,
2611 4079 2730 4133 qua:
2759 4065 3191 4135 metmpolitanis
3222 4067 3468 4124 decrevit
3488 4071 3799 4139 antiquitas
3818 4113 3836 4128 .

2234 4155 2484 4223 praesenti
2517 4156 2838 4212 auctoritate
2883 4157 3314 4213 committimus:
3346 4166 3619 4229 augentes
3663 4162 3836 4216 studii

2235 4245 2396 4314 hujus
2420 4247 2832 4317 participatione
2863 4248 3149 4305 ministerii
3178 4250 3499 4321 dignitatem
3518 4293 3533 4317 ,
3578 4253 3839 4308 relevan-

2234 4346 2315 4393 tcs
2336 4348 2553 4395 nostros
2574 4340 2814 4410 ejusdem
2841 4341 3080 4399 remedio
3098 4342 3526 4411 dispensationis
3542 4345 3835 4399 excubias.

2235 4430 2303 4485 Et
2334 4431 2459 4487 licet
2498 4431 2567 4488 de
2613 4433 2843 4505 singulis
2881 4450 2989 4489 non
3028 4449 3194 4504 egeas
3235 4435 3490 4497 edoceri,
3524 4451 3554 4489 a
3590 4438 3835 4506 quoiam

537 4528 907 4593 Francorum,
961 4544 1152 4585 versus
1185 4529 1448 4584 .Pictavos
1504 4530 1778 4584 civitatem
1815 4544 1829 4583 :
1864 4530 1935 4583 ibi
1982 4529 2126 4583 enim
2153 4550 2207 4612 ο
2237 4523 2583 4592 probavimus
2609 4525 2823 4580 acutius
2850 4526 3101 4581 universa
3126 4526 3337 4581 servari
3365 4543 3379 4580 :
3404 4528 3623 4597 gratius
3646 4536 3835 4582 tamen

535 4626 668 4671 tunc
694 4615 939 4671 Alaricus
984 4630 1076 4671 rex
1106 4616 1405 4672 Gothorum
1437 4617 1894 4680 commorabatur,
1942 4626 1996 4679 et
2044 4618 2125 4672 sie

535 4722 636 4776 per
680 4720 876 4777 pagum
930 4704 1261 4763 Turonieum
1327 4722 1561 4777 pergens
1591 4748 1606 4772 ,
1659 4716 1715 4762 et
1762 4709 2121 4763 reverentiam

539 4806 733 4853 sancto
755 4795 992 4852 Martino
1012 4806 1180 4869 atque
1210 4798 1371 4855 beato
1398 4798 1601 4854 llilario
1636 4799 1898 4855 exhibens
1923 4841 1938 4865 ,
1981 4801 2125 4856 sicut

539 4888 674 4963 locis
696 4889 811 4945 suis
838 4888 1008 4944 lector
1029 4890 1304 4957 inveniet,
1342 4905 1463 4945 oum
1494 4891 1710 4947 Alarico
1743 4907 1869 4963 rege
1920 4890 2123 4948 Gotho-

536 4962 655 5037 ιοιιῖιι
685 4983 738 5036 in
759 4996 952 5051 campo
977 4980 1528 5054 llloglotiuseidimil.
1544 4983 1695 5037 habet
1720 4983 1771 5037 in
1790 4983 1995 5054 campis
2012 4983 2119 5039 V'o-

536 5070 912 5145 gladensibus]
943 5088 1107 5143 super
1136 5071 1356 5127 ﬁuvimn
1380 5073 1603 5138 Glinno,
1622 5073 1881 5143 milliario
1906 5074 2121 5129 decimo

534 5164 604 5219 ab
630 5162 764 5218 urbe
781 5161 1149 5228 Pictavorum,
1169 5162 1371 5218 bellum
1402 5165 1702 5219 conseruit.
1729 5164 1946 5234 lllisquc
1977 5166 2121 5221 inter

533 5271 594 5311 se
621 5254 1141 5325 compugnantibus,
1169 5254 1330 5309 Gothi
1377 5269 1500 5309 cum
1530 5270 1658 5324 rege
1682 5269 1782 5309 suo
1817 5255 1977 5310 uﬁuis
2009 5256 2122 5310 col-

531 5346 652 5422 lisi,
676 5353 826 5415 terga
851 5353 1149 5402 verterunt.
1173 5344 1497 5414 Ludovicus,
1532 5347 1672 5402 sicut
1695 5346 1922 5413 solebat,
1950 5348 2123 5403 victor

530 5441 727 5496 xstitit.

598 5525 705 5585 ιιι.
739 5526 985 5598 Cumque
1009 5528 1258 5588 Alaricus
1274 5530 1641 5598 interﬁceret,
1676 5533 1783 5587 duo
1827 5532 2115 5590 Golhicum

533 5618 711 5676 contis
732 5632 859 5673 eum
886 5632 955 5674 ex
981 5617 1212 5676 adverso
1235 5620 1290 5675 in
1318 5621 1493 5677 latere
1518 5623 1717 5677 feriunt
1746 5625 1878 5679 :sed
1898 5632 2117 5694 propter

533 5711 759 5762 loricam
794 5724 901 5778 qua
932 5711 1155 5766 indutus
1179 5720 1331 5781 erat,
1368 5712 1568 5769 laedere
1591 5714 2115 5785 nequiveruntJla-

531 5794 613 5869 gis
639 5803 819 5851 autem
844 5796 1013 5856 lorica
1045 5799 1169 5858 ﬁdei
1194 5800 1437 5867 indutum
1469 5803 1728 5862 Dominus
1763 5804 1883 5877 per;
1904 5806 2112 5863 oratio-

2231 4628 2356 4669 esse
2381 4614 2547 4677 solet,
2566 4616 2620 4668 si
2652 4616 2809 4670 ituris
2836 4625 3033 4672 trames
3058 4616 3383 4681 ostenditur,
3412 4625 3471 4671 et
3496 4617 3837 4672 laboraturis

2228 4703 2456 4779 iniuncti
2500 4705 2683 4775 operis
2726 4704 2900 4760 forma
2954 4715 3312 4762 monstratur.
3360 4706 3638 4762 Paternas
3666 4709 3836 4776 igitur

2230 4796 2447 4867 regulas
2471 4804 2527 4852 et
2562 4797 2779 4852 decreta
2806 4798 3165 4853 sanctissimis
3188 4798 3410 4853 deﬁnita
3437 4799 3696 4856 conciliis
3719 4842 3739 4863 ,
3760 4800 3835 4853 ab

2234 4888 2490 4943 omnibus
2550 4888 2814 4943 servanda
2855 4887 3197 4943 mandamus.
3246 4889 3303 4943 in
3346 4889 3434 4944 his
3482 4890 3832 4959 vigilantiam

2230 4986 2411 5042 tuam,
2436 4978 2490 5031 in
2514 4977 2599 5033 his
2627 4992 2811 5031 curam
2834 4985 2889 5031 et
2912 4975 3166 5032 fraternae
3193 4978 3395 5032 monita
3418 4978 3833 5033 exhortationis

2223 5068 2583 5123 ostendimus.
2604 5067 2704 5125 llis
2724 5082 2817 5132 ca,
2847 5076 3049 5137 quanta
3098 5068 3319 5139 dignum
3358 5077 3479 5133 est,
3509 5070 3829 5125 reverentia

2221 5158 2541 5223 custoditis,
2571 5156 2777 5213 nullum
2807 5157 3064 5226 relinquit
3088 5158 3260 5227 culpae
3280 5156 3459 5212 locum
3484 5166 3693 5211 sancta:
3726 5157 3830 5211 ob-

2223 5251 2548 5306 servationis
2571 5250 2932 5315 obstaculum.
2973 5249 3049 5304 lbi
3098 5249 3209 5315 fas,
3251 5248 3511 5316 nefasque
3560 5248 3826 5319 praeseri-

2222 5354 2373 5418 ptum
2387 5354 2472 5401 est
2488 5364 2500 5398 :
2517 5346 2590 5401 ibi
2617 5346 2949 5416 prohibitum
2970 5344 3039 5399 ad
3064 5345 3208 5414 quod
3241 5344 3417 5397 nullus
3439 5343 3638 5397 audeat
3666 5344 3829 5412 aspi-

2226 5451 2380 5493 rare:
2405 5435 2483 5490 llii
2512 5450 2827 5492 concessum
2855 5434 3001 5505 quod
3015 5434 3213 5491 debeat
3234 5448 3390 5488 mens
3412 5433 3522 5487 Deo
3545 5431 3827 5502 placitura

2224 5541 2574 5599 prazsumere.
2596 5525 2818 5594 Quoties
2839 5524 3147 5587 universale
3157 5522 3626 5597 poscitreligionis
3646 5536 3829 5577 eam

2225 5617 2549 5683 concilium,
2581 5625 2634 5673 te
2675 5616 2857 5674 cuncti
2888 5615 3091 5697 fratres
3135 5622 3398 5670 evocante
3440 5613 3824 5668 conveniant:

2222 5720 2278 5766 et
2307 5711 2350 5765 si
2390 5725 2527 5781 quos
2553 5725 2741 5777 eorum
2768 5707 3020 5779 specialis
3060 5706 3278 5777 negotio
3320 5703 3498 5776 pulsat
3523 5703 3777 5758 intentio
3804 5744 3823 5767 ,

2219 5800 2394 5874 jurgia
2456 5810 2586 5862 nter
2613 5816 2709 5859 eos
2754 5800 2942 5859 oborta
2986 5811 3319 5871 compesce:
3355 5796 3596 5853 discussa
3648 5808 3822 5850 sacra
