4038 6322
205 372 351 431 1169

1463 371 1620 427 VITA
1661 369 1904 426 SANCTI
1947 372 2224 431 RElllGll.

3342 379 3477 448 me

204 491 332 563 lege
359 462 770 545 deternnnando
818 489 1137 544 certamina.
1167 487 1436 559 Quidquid
1462 497 1642 543 autem
1682 486 1793 542 illic
1821 492 1869 549 Α
1897 485 2127 558 Remigii
2157 503 2359 558 pronus
2387 489 2607 556 cadens,
2657 490 2881 546 nutibus
2919 489 3131 545 veniam
3176 489 3350 562 petiit.
3380 490 3480 546 Cui

203 595 313 651 pro
342 579 445 634 ﬁde
477 588 534 634 et
561 581 787 634 veritate
815 581 1166 635 constitutum
1190 621 1205 646 ,
1227 588 1288 633 ut
1315 580 1537 651 provida
1567 580 1790 648 dispen-

202 671 430 726 satione
468 678 818 741 prmceptum,
853 670 934 725 vel
968 686 1214 741 personae
1239 680 1441 726 nostra:
1479 672 1798 727 auctoritate

202 760 381 817 fuerit
399 762 780 817 conﬁrmatum
799 803 814 827 ,
840 770 1012 816 totum
1036 762 1105 816 ad
1132 761 1417 817 scientiam
1450 770 1689 817 nostram
1723 763 1798 816 in-

201 860 421 907 structa
474 852 756 908 relationis
808 853 1158 908 attestatione
1179 854 1481 924 perveniat.
1515 854 1592 907 Eo
1619 853 1710 919 ﬁt,
1738 861 1799 908 ut

200 954 262 1000 et
298 955 489 1001 noster
518 946 731 1001 animus
763 947 929 1001 ofﬁcii
961 947 1230 1002 (-haritate
1254 949 1364 1003 dati
1389 958 1445 1003 et
1482 958 1606 1004 tuus
1644 965 1799 1004 secu-

202 1036 375 1093 ritate
404 1037 713 1108 perfruatur
740 1040 965 1109 accepti.
1014 1041 1156 1096 Deus
1181 1048 1234 1096 te
1258 1041 1583 1098 incolumem
1609 1050 1795 1099 custo-
1828 1088 1833 1095 .

194 1128 320 1184 diat
336 1171 351 1191 ,
388 1128 559 1185 frater
583 1130 920 1186 charissime.

271 1216 397 1273 LV.
421 1218 592 1287 llujus
611 1221 785 1275 sancti
815 1220 1114 1276 llormisdze
1140 1222 1488 1292 pontiﬁcatus
1516 1232 1756 1295 tempore
1778 1267 1793 1293 ,

192 1324 350 1381 stepe
381 1309 523 1365 fatus
544 1310 846 1367 Ludovicus
876 1326 969 1367 rex
1000 1312 1267 1382 gloriosus
1292 1329 1546 1370 coronam
1578 1332 1795 1373 auream

193 1417 326 1456 cum
365 1403 615 1473 gemmis,
652 1419 774 1472 quze
800 1419 1025 1474 regnum
1053 1405 1309 1475 appellari
1337 1408 1495 1472 solet,
1519 1408 1581 1462 B.
1613 1409 1792 1474 Petro,

190 1499 401 1546 sancto
422 1491 668 1563 Remigio
707 1504 1048 1564 suggerente,
1073 1496 1295 1551 direxit.
1320 1498 1419 1554 llic
1446 1501 1635 1555 beatus
1654 1501 1792 1556 lior-

193 1581 385 1653 misda
421 1598 555 1653 papa
586 1584 733 1638 misit
752 1583 1271 1656 Constantinopolim
1304 1589 1370 1644 ad
1392 1589 1664 1646 Justinum
1690 1586 1797 1648 im-

193 1683 519 1744 peratorem
566 1678 621 1729 in
661 1675 930 1746 legatione
970 1676 1300 1734 Germanum
1344 1679 1655 1752 Capuanum
1682 1686 1798 1754 epi-

199 1782 473 1837 scopum,
523 1770 679 1840 cujus
716 1772 955 1827 animam
996 1773 1132 1828 vidit
1165 1775 1234 1830 ab
1266 1776 1472 1846 angelis
1503 1777 1555 1832 in
1596 1779 1793 1834 cwlum

201 1859 416 1913 deferri
434 1870 658 1917 sanctus
686 1862 1028 1927 Benedictus,
1059 1866 1150 1935 qui
1173 1881 1274 1937 pro
1300 1869 1580 1925 curatione
1604 1872 1792 1939 puella:

194 1950 555 2008 clazmouiaca:
576 1953 645 2009 ad
686 1954 906 2009 beatum
955 1955 1260 2029 Remigium
1299 1958 1509 2016 litteras
1552 1978 1679 2018 suas
1718 1964 1792 2019 di-

194 2042 367 2098 rexit.

273 2130 417 2186 LVI.
451 2132 581 2189 Post
619 2137 735 2191 haec
760 2138 939 2193 omnia
981 2152 1231 2198 mortuus
1259 2153 1342 2198 est
1368 2142 1676 2202 Ludovicus
1699 2162 1791 2202 rex

194 2222 253 2275 in
277 2237 449 2292 pace,
475 2233 530 2279 et
564 2226 809 2296 sepultus
837 2238 924 2284 est
953 2229 1008 2284 in
1036 2231 1256 2287 basilica
1278 2233 1461 2289 Sancti
1492 2235 1636 2289 Petri
1661 2252 1783 2306 apo-

190 2312 329 2368 stoli
358 2329 522 2385 quam
557 2316 672 2387 ipse
688 2329 744 2373 et
771 2321 957 2391 regina
988 2336 1081 2377 sua
1101 2325 1524 2381 mdiﬁcaverunt.
1544 2327 1787 2386 Mortuus

190 2412 287 2460 est
312 2415 498 2462 autem
530 2424 679 2464 anno
701 2411 920 2481 quinto.
949 2422 1236 2483 postquam
1272 2432 1393 2471 cum
1421 2418 1636 2476 Alarico
1664 2436 1792 2492 rege

189 2492 502 2551 Gothorum
556 2501 833 2571 pugnavit.
875 2501 1141 2573 Regnavit
1178 2520 1395 2576 quoque
1422 2507 1593 2583 simul
1633 2510 1791 2566 anuis

192 2585 446 2655 triginta.
531 2586 599 2642 Et
665 2590 855 2646 eodem
914 2602 1187 2649 momento
1250 2611 1359 2665 quo
1410 2608 1657 2654 mortuus
1700 2609 1785 2656 est

198 2673 517 2733 Ludovicus
560 2678 789 2743 Parisiis
820 2682 1095 2739 revelante
1122 2684 1324 2754 Spiritu
1350 2698 1568 2753 sancto,
1600 2690 1791 2745 beatus

193 2766 490 2839 Remigius
516 2784 638 2824 cum
683 2780 828 2826 esset
854 2772 1104 2839 Rhemis,
1130 2775 1445 2831 defunctum
1493 2778 1659 2834 fuisse
1701 2797 1791 2836 co-

193 2861 393 2929 gnovit
417 2899 431 2923 ,
469 2868 523 2915 et
543 2862 644 2917 sibi
670 2863 1057 2921 assistentibus
1087 2866 1365 2924 indicavit.
1391 2870 1487 2926 llis
1526 2873 1599 2927 ita
1626 2873 1792 2944 gestis

193 2949 348 3005 ﬁlius
371 2949 685 3018 Clodomiri,
715 2954 808 3008 ﬁlii
835 2955 1092 3012 Lodovici
1126 2958 1272 3029 regis
1297 2961 1516 3017 nomine
1545 2962 1792 3018 Clodoal-

193 3041 323 3104 dus,
357 3040 659 3097 interfectis
680 3042 941 3101 fratribus
968 3047 1101 3112 suis,
1130 3063 1266 3117 quos
1291 3065 1396 3104 una
1425 3066 1549 3108 cum
1580 3068 1646 3107 eo
1673 3062 1794 3123 post

1898 587 2122 639 sanctus
2163 579 2441 651 Remigius
2489 581 2666 636 dixit:
2698 583 2754 636 ln
2785 582 3002 636 nomine
3046 582 3260 637 Domini
3306 583 3481 637 nostri

1898 669 2022 725 Jesu
2059 671 2292 735 Christi,
2323 675 2434 728 veri
2467 673 2589 729 Filii
2638 675 2733 730 Dei
2768 675 2897 738 vivi,
2929 675 2981 729 si
3006 675 3077 729 ita
3124 674 3192 730 de
3228 689 3295 731 eo
3335 684 3481 730 recte

1898 759 2090 824 sentis,
2137 758 2390 830 loquere,
2438 772 2496 818 et
2538 765 2604 819 de
2651 764 2764 829 illo,
2809 764 2951 819 sicut
2995 763 3262 820 catholica
3308 765 3483 821 credit

1898 852 2162 918 Ecclesia,
2197 854 2358 909 crede
2400 864 2457 910 et
2496 854 2777 912 conﬁtere.
2822 856 2904 912 Ad
2945 855 3100 926 cujus
3130 871 3316 912 vocem
3353 863 3480 910 astte

1898 943 2164 1012 superhus
2197 943 2501 1008 haereticus,
2532 945 2755 1000 humilis
2790 944 2906 1013 jam
2948 954 3005 1001 et
3033 944 3353 1005 catholicus,
3384 959 3481 997 ca—

1899 1035 2154 1090 tholicam
2197 1034 2357 1091 ﬁdem
2401 1036 2468 1091 de
2506 1045 2697 1092 saneta
2735 1046 2790 1092 et
2820 1037 3162 1108 inseparabili
3187 1036 3478 1095 Trinitate,

1898 1127 1946 1182 ei
1977 1128 2043 1182 de
2074 1126 2278 1182 Christi
2323 1126 2699 1183 incarnatione
2742 1128 3006 1185 catholiee
3048 1128 3332 1185 confessus
3374 1135 3478 1187 est,

1897 1218 2028 1273 etin
2054 1217 2242 1272 eadem
2288 1217 2649 1272 confessionis
2690 1234 2799 1274 suae
2846 1219 2950 1274 ﬁde
2974 1234 3032 1274 se
3057 1232 3474 1290 penmansurum

1897 1306 2175 1379 professus
2197 1314 2298 1361 est.
2316 1304 2517 1377 Sicque
2536 1307 2715 1361 anima
2737 1321 2834 1378 per
2850 1307 3219 1364 inﬁdelitatem
3241 1307 3480 1378 perdito,

1897 1409 1951 1455 et
1979 1399 2247 1470 corporali
2296 1413 2429 1454 voce
2476 1408 2699 1469 propter
2742 1398 3053 1469 superbiam
3094 1399 3477 1465 condemnato,

1896 1494 2098 1548 virtute
2120 1493 2299 1548 divina
2321 1501 2542 1548 sanctus
2572 1492 2850 1563 Remigius
2870 1503 2925 1550 et
2947 1494 3140 1549 animae
3158 1500 3213 1550 et
3235 1494 3481 1563 corpori

1897 1584 2130 1640 reddidit
2169 1584 2454 1639 sanitatem
2490 1601 2504 1637 :
2541 1585 2784 1649 cunctis,
2817 1584 2909 1654 qui
2958 1584 3206 1647 aderant,
3243 1598 3337 1639 seu
3374 1584 3479 1639 hoc

1882 1675 2131 1731 audituri
2163 1682 2338 1739 erant,
2384 1674 2756 1729 sacerdotibus
2788 1681 3039 1744 patenter
3072 1674 3382 1737 ostendens,
3412 1674 3479 1727 de

1897 1767 2041 1823 male
2079 1766 2357 1822 sentiendo
2392 1752 2650 1834 peccante
2672 1765 2731 1819 in
2760 1760 3062 1828 Christum,
3096 1764 3189 1833 qui
3242 1779 3340 1835 per
3378 1763 3479 1818 hu-

1824 1836 1870 1895 Β
1896 1857 2208 1912 manitatem
2240 1855 2541 1925 proximus,
2582 1863 2638 1910 et
2680 1853 2847 1910 frater
2890 1855 3046 1910 nobis
3074 1853 3190 1909 ﬁeri
3221 1838 3477 1923 dignatus

1891 1957 1999 2015 est,
2020 1947 2290 2019 quomodo
2311 1961 2442 2017 ergo
2460 1954 2751 2016 peccantes
2776 1944 2828 1999 in
2855 1959 2936 2009 se,
2965 1943 3050 1999 vel
3076 1944 3129 1997 in
3152 1942 3473 2007 Ecclesiam,

1894 2050 2057 2109 atque
2095 2036 2342 2103 rebelles,
2365 2048 2424 2093 et
2446 2050 2575 2108 erga
2601 2044 2724 2105 post
2753 2043 3203 2107 recognoscentes
3225 2041 3280 2088 et
3304 2031 3479 2103 pteni-
3564 2074 3567 2083 ι

1892 2138 2068 2184 tentes
2091 2127 2322 2183 debeant
2350 2139 2533 2198 agere.

1963 2219 2140 2276 LVIII.
2175 2220 2506 2275 Seuescente
2538 2226 2723 2275 autem
2753 2228 2944 2276 sancto
2990 2218 3259 2290 Remigio,
3291 2228 3347 2275 et
3377 2217 3475 2275 Dei

1891 2314 2089 2385 spiritu
2134 2312 2238 2368 sibi
2270 2311 2568 2378 revelante,
2595 2311 2851 2381 quoniam
2880 2310 3269 2366 abundantiam
3311 2310 3480 2379 ipsius

1892 2406 2021 2461 anni
2069 2413 2322 2460 secutura
2377 2411 2521 2458 esset
2568 2402 2784 2457 fames:
2833 2401 3004 2457 secuti
3053 2401 3227 2455 sancti
3281 2398 3480 2468 Ioseph

1890 2493 2390 2566 providentiam,de
2416 2506 2649 2556 annona,
2668 2506 2789 2561 qua:
2817 2491 2871 2544 in
2902 2490 3043 2545 villis
3062 2489 3323 2559 cpiscopii
3352 2498 3479 2544 nata

1894 2584 2102 2647 fuerat,
2133 2583 2218 2636 vel
2263 2595 2426 2650 quam
2474 2581 2544 2634 ab
2574 2579 2697 2634 aliis
2730 2586 3175 2648 comparaverat,
3223 2592 3474 2641 acervos,

1893 2690 2030 2745 quos
2058 2682 2230 2729 metas
2257 2673 2506 2738 dicimus,
2536 2670 2688 2739 fecit,
2718 2678 2778 2725 ut
2810 2669 3007 2741 populo
3043 2669 3187 2725 fame
3235 2678 3478 2741 postmo-

1893 2764 2021 2819 dum
2070 2763 2397 2829 laboraturo,
2427 2763 2550 2819 inde
2568 2762 2880 2819 subvenire
2908 2760 3130 2817 valeret.
3158 2759 3314 2817 Unde
3337 2770 3395 2817 et
3424 2761 3480 2816 iu

1893 2854 2043 2920 villa,
2082 2869 2203 2925 qua:
2231 2852 2416 2910 Celtus
2445 2854 2661 2920 dicitur,
2703 2852 2888 2924 plures
2933 2862 3107 2909 metas
3131 2851 3251 2907 ﬁeri
3289 2850 3476 2921 jussit.
3552 2885 3557 2890 ε

1892 2946 2000 3017 ipsi
2028 2954 2205 3000 autem
2237 2944 2484 3001 homines
2504 2943 2784 3001 Celtenses
2812 2959 3024 3016 semper
3055 2945 3285 3001 rebelles
3313 2953 3368 3000 et
3393 2959 3481 3000 se-

1896 3041 2079 3097 ditiosi
2108 3039 2348 3096 fuerunt.
2378 3039 2480 3108 Qui
2515 3039 2747 3110 quadam
2776 3039 2865 3095 die
2892 3038 3172 3094 Dominica
3202 3026 3478 3102 inebriati,

192 3133 377 3203 patris
406 3134 613 3190 obitum
643 3136 888 3193 Clotildis
919 3140 1101 3209 regina
1132 3141 1427 3209 nutriebat,
1461 3144 1513 3199 in
1536 3145 1791 3201 clericum

1900 3140 2185 3204 coeperunt
2233 3132 2373 3186 inter
2399 3146 2459 3186 se
2504 3130 2723 3187 dicere:
2753 3129 2893 3199 Quid
2938 3130 3028 3185 ille
3073 3128 3330 3185 Jubilaeus
3378 3129 3481 3201 (sic

192 3242 256 3282 se
289 3228 545 3293 totondit,
575 3238 629 3285 et
665 3245 921 3300 processu
955 3233 1234 3302 temporis,
1266 3234 1389 3289 vitae
1421 3249 1486 3291 ac
1516 3235 1796 3308 religionis

191 3332 313 3372 suae
364 3318 557 3374 merito
605 3330 817 3389 patrem
868 3322 1203 3379 haereditatis
1257 3339 1287 3379 a
1326 3327 1536 3395 patruis
1582 3330 1799 3399 regibus

191 3407 469 3462 obtinuit:
500 3409 566 3463 de
587 3425 692 3481 qua
726 3410 1017 3467 Duziacum
1059 3413 1245 3468 villam
1276 3415 1328 3469 in
1368 3431 1508 3487 pago
1532 3416 1800 3473 Mosoma-

191 3499 352 3570 gensi
381 3514 504 3554 cum
538 3502 869 3571 appendiciis
896 3504 1009 3559 suis
1039 3514 1229 3563 sancto
1271 3506 1538 3579 Remigio,
1569 3520 1624 3564 et
1652 3509 1800 3564 Rhe-

192 3591 376 3645 mensi
406 3591 647 3647 ecclesiae
677 3594 918 3659 tradidit,
949 3603 1005 3650 et
1029 3595 1207 3652 villam
1235 3595 1558 3656 Riviliacum
1580 3600 1633 3655 in
1663 3616 1800 3674 pago

190 3678 441 3735 Biturico
479 3690 672 3737 sancto
717 3681 971 3754 Dionysio
1014 3684 1297 3757 delegavit.
1349 3687 1544 3744 Villam
1585 3706 1800 3761 quoque

191 3768 526 3824 Noviantum
575 3770 629 3824 in
677 3785 814 3841 pago
848 3772 1143 3839 l’arisiaco,
1193 3791 1316 3831 cum
1351 3779 1604 3834 omnibus
1635 3782 1703 3837 ad
1736 3797 1795 3837 se

188 3862 621 3933 pertinentibus,
646 3862 807 3918 matri
829 3864 1072 3922 ecclesiae
1092 3866 1420 3925 Parisiensis
1435 3871 1689 3936 civitatis,
1706 3876 1797 3931 ubi

191 3952 487 4025 presbyter
515 3953 724 4008 exstitit
755 3955 1062 4023 ordinatus,
1106 3957 1347 4013 donavit.
1399 3959 1457 4014 In
1496 3977 1602 4031 qua
1649 3964 1794 4029 villa,

193 4045 394 4114 plenus
422 4045 738 4111 virtutibus,
768 4047 1008 4118 migrans
1032 4049 1099 4104 ad
1130 4049 1438 4120 Dominum,
1463 4053 1518 4109 in
1541 4055 1796 4122 ecclesia,

191 4152 362 4207 quam
385 4137 501 4206 ipse
521 4137 903 4202 azdiﬁcaverat,
919 4154 1149 4210 corpore
1172 4139 1347 4196 fuit'in
1371 4157 1503 4211 pace
1528 4144 1794 4215 sepultus.

264 4227 428 4283 LVll.
458 4227 591 4285 Cum
616 4229 852 4299 episcopi
874 4230 1092 4286 demum
1119 4231 1304 4289 Gallia:
1328 4250 1392 4290 ac
1418 4235 1648 4307 Belgicae
1678 4253 1800 4308 pro-

195 4322 541 4388 vinciarum,
585 4337 749 4379 causa
796 4323 920 4381 ﬁdei
965 4325 1031 4380 ad
1077 4327 1341 4399 synodum
1387 4338 1791 4397 convenerunt,

195 4415 420 4470 beatum
459 4414 763 4487 Remigium
803 4420 1166 4488 undecunque
1200 4419 1599 4487 doctissimum,
1637 4431 1693 4478 et
1741 4423 1794 4478 in

1901 3227 2047 3280 enim
2060 3222 2433 3294 appellabatur
2451 3231 2672 3291 propter
2683 3221 2860 3276 artatis
2882 3220 3247 3291 prolixitatem
3261 3229 3411 3277 sanet
3421 3236 3491 3272 ua

1902 3312 2202 3384 Remigius)
2237 3311 2416 3367 facere
2441 3311 2600 3365 vellet
2623 3311 2689 3366 de
2715 3310 2819 3366 illis
2845 3311 3006 3366 metis
3028 3325 3166 3380 quas
3186 3323 3485 3382 congrega-

1899 3406 2092 3461 verat?
2131 3420 2202 3460 au
2238 3403 2514 3459 civitatem
2558 3401 2684 3456 inde
2714 3402 2894 3456 facere
2936 3401 3133 3456 vellet?
3174 3401 3301 3471 quia
3343 3400 3491 3455 sicut

1903 3507 2082 3555 turres
2106 3511 2205 3568 per
2237 3510 2421 3551 muros
2449 3494 2705 3559 civitatis,
2735 3493 2810 3548 ita
2846 3508 2946 3562 per
2975 3491 3263 3547 circuitum
3291 3490 3481 3555 cortis,

1902 3599 2060 3645 metae
2103 3588 2461 3644 habebantur.
2508 3585 2576 3640 Et
2609 3584 2868 3642 suadente
2910 3583 3149 3651 diabolo,
3191 3598 3251 3638 se
3293 3592 3484 3639 mutuo

1902 3680 2176 3737 adhortati
2200 3687 2328 3736 sunt
2367 3687 2428 3735 ut
2452 3676 2635 3734 focum
2662 3678 2714 3732 in
2735 3691 2829 3733 eas
2854 3677 3152 3732 mitterent.
3176 3674 3484 3743 Qued‘eum

1902 3778 2092 3826 sancto
2138 3768 2386 3839 Remigio
2419 3767 2476 3823 in
2524 3768 2827 3836 propinqua
2878 3765 3023 3831 villa,
3066 3780 3199 3836 qua}
3233 3764 3480 3819 Basilica:

1882 3861 2071 3917 cortis
2097 3859 2318 3924 dicitur,
2340 3857 2675 3922 consistenti,
2701 3855 2863 3912 celeri
2895 3857 3087 3910 nuntio
3109 3862 3195 3909 est
3220 3854 3484 3916 delatum,

1900 3951 2146 4008 ascendit
2172 3963 2390 4020 equum,
2418 3955 2478 4003 ut
2505 3950 2573 4003 ad
2603 3956 2809 4002 tantam
2840 3947 3487 4017 praesumptionemch

1899 4043 2230 4115 pesccndum
2264 4041 2332 4095 ad
2359 4039 2573 4096 Celtum
2617 4039 2847 4094 veniret.
2890 4037 3009 4104 Quo
3054 4053 3175 4092 eum
3210 4037 3481 4105 pervenit,

1892 4136 2008 4206 jam
2042 4135 2171 4205 ipsa:
2215 4140 2374 4189 metae
2413 4131 2699 4187 ardebant.
2740 4128 3153 4183 Beatus-autem
3206 4124 3488 4196 Remigius

1874 4236 1954 4283 'et
1996 4234 2156 4282 :etate
2197 4232 2256 4279 et
2295 4220 2608 4292 vespertino
2654 4218 2886 4290 frigore,
2937 4216 3081 4273 sicut
3122 4216 3178 4270 in
3225 4222 3486 4271 autumno

1899 4316 2037 4373 solet
2075 4314 2218 4379 ﬁeri,
2264 4312 2510 4383 frigidus,
2556 4304 2622 4365 de
2653 4322 2793 4378 equo
2825 4305 3139 4369 descendit,
3171 4312 3227 4359 et
3252 4318 3283 4357 a
3331 4302 3488 4372 longe

1900 4423 1959 4462 se
1986 4405 2287 4462 calefacere
2313 4402 2501 4472 erepit,
2531 4397 2828 4468 tranquillo
2853 4396 3021 4452 corde
3048 4404 3105 4449 et
3134 4409 3232 4449 ore
3262 4394 3485 4448 dicens:

193 4503 501 4575 Scripturis
528 4484 733 4561 sanctis
759 4484 1211 4575 eruditissimum,
1233 4523 1299 4564 ac
1328 4509 1380 4564 in
1407 4484 1792 4569 ecclesiasticis
1822 4513 1868 4573 D
1896 4499 2124 4567 semper
2152 4496 2329 4551 bonus
2353 4501 2441 4549 θεῖ
2468 4491 2621 4549 focus
2645 4490 2691 4546 εί
2723 4505 2831 4546 “0"
2861 4502 3026 4559 ευΡθτ
3053 4493 3246 4557 Ροιθθῑο
3270 4484 3490 4542 verm“

196 4597 544 4668 dogmatibus
571 4600 950 4666 exercitatum,
979 4603 1045 4657 ad
1078 4602 1222 4658 idem
1271 4602 1560 4658 concilium
1600 4604 1788 4660 venire

194 4688 498 4756 petierunt.
548 4688 646 4743 Cui
682 4690 889 4761 synodo
914 4692 1167 4747 .Arianus
1211 4693 1428 4762 quidem
1476 4693 1785 4755 luereticus.

194 4779 503 4851 acerrimus
540 4778 847 4849 disputator
890 4790 949 4837 et
995 4781 1295 4837 dialecticis
1327 4783 1788 4852 propositionibus

196 4884 261 4924 ac
283 4868 728 4926 conclusionibus
766 4869 1025 4935 conﬁsus,
1051 4880 1108 4928 et
1135 4871 1260 4926 inde
1290 4872 1451 4927 nimis
1477 4873 1672 4937 elatus,
1707 4874 1788 4927 in-

197 4966 426 5018 tererat.
468 4962 810 5036 lngrediente
838 4969 1018 5016 autem
1069 4969 1258 5016 sancto
1287 4960 1537 5032 Remigio
1577 4963 1789 5033 episco-

197 5063 390 5118 porum
421 5053 736 5115 concilium,
777 5068 807 5106 a
838 5051 1182 5106 multitudine
1212 5049 1441 5105 fratrum
1468 5061 1788 5114 exspectan-

199 5145 359 5210 tium,
386 5143 791 5215 assurgentibus
819 5142 1103 5208 omnibus,
1154 5151 1464 5197 reverenter
1511 5142 1654 5198 sicut
1691 5160 1788 5198 an-

198 5234 350 5304 gelus
374 5236 475 5292 Dei
516 5236 831 5305 suscipitur.
864 5235 1139 5304 Superbus
1177 5242 1357 5290 autem
1389 5235 1698 5301 haereticus,
1731 5243 1789 5290 et

201 5326 343 5382 male
377 5330 448 5383 de
476 5327 597 5382 viro
634 5327 729 5382 Dei
761 5327 1005 5382 sentiens
1049 5325 1368 5398 dedignatus
1401 5334 1488 5382 est
1515 5326 1565 5380 ei
1597 5341 1785 5381 assur-

202 5432 344 5484 gere.
369 5418 471 5487 Qui
496 5421 745 5490 protinus
765 5434 888 5474 cum
920 5427 1140 5475 sanctus
1165 5428 1290 5475 ante
1315 5434 1441 5474 eum
1470 5419 1684 5475 transiit
1715 5420 1790 5474 ita

203 5506 505 5578 obmutuit,
545 5519 607 5567 ut
646 5526 747 5566 nec
784 5509 1007 5565 verbum
1043 5510 1260 5580 quidem
1300 5511 1467 5566 ullum
1509 5509 1659 5566 effari
1690 5525 1788 5580 po-
1876 5563 1882 5569 ,

207 5599 390 5654 tuerit.
421 5600 882 5672 [inspectantibus
912 5610 1098 5656 autem
1141 5602 1419 5666 omnibus,
1446 5612 1504 5656 ut
1548 5611 1671 5671 post
1711 5602 1789 5657 al-

209 5684 534 5751 locutionem
589 5695 763 5750 sancti
817 5693 1051 5763 Remigii
1100 5692 1387 5749 hzereticus
1444 5692 1533 5749 ille
1585 5692 1788 5763 aliquid

214 5779 444 5854 diceret,
489 5785 624 5849 nihil
666 5786 839 5857 potuit
875 5785 1043 5857 loqui.
1092 5783 1201 5845 Sed
1250 5785 1317 5854 ad
1352 5784 1577 5856 vestigia
1612 5784 1788 5844 sancti

1896 4598 2075 4643 tamen
2118 4600 2332 4652 omnes,
2374 4584 2467 4654 qui
2511 4583 2617 4638 hoc
2651 4587 2914 4652 egerunt,
2954 4586 3020 4633 et.
3056 4576 3151 4648 qui
3186 4576 3267 4633 de.
3297 4588 3488 4630 eorum

1892 4680 2139 4752 germine
2168 4677 2281 4733 nati
2312 4675 2537 4741 fuerint,
2566 4673 2664 4728 viri
2696 4669 2987 4743 ponderosi
3010 4667 3171 4733 ﬁant,
3189 4675 3244 4722 et
3270 4665 3489 4721 tenuare

1892 4780 2188 4844 gutturosa:
2211 4768 2340 4821 sint.
2369 4766 2522 4833 Quod
2554 4765 2629 4819 ita
2658 4761 2985 4833 completum
3016 4767 3120 4815 est.
3140 4756 3286 4812 Nam
3316 4770 3490 4826 usque

1894 4863 1962 4917 ad
2008 4869 2248 4927 tempora
2281 4855 2462 4913 Caroli
2494 4853 2669 4926 Magni
2721 4849 3088 4922 imperatoris,
3128 4846 3222 4915 qui
3261 4845 3485 4903 eosdem

1894 4954 2145 5008 homines
2184 4950 2251 5005 de
2274 4948 2448 5015 Celto,
2472 4947 2731 5019 quoniam
2769 4940 3177 4999 Vicedomiuum
3211 4938 3265 4991 in
3295 4939 3489 4992 eadem

1895 5043 2017 5098 villa
2050 5051 2222 5098 morte
2242 5040 2617 5097 crudelissima
2637 5034 2973 5098 occiderunt,
2995 5027 3396 5091 exterminavit,
3428 5039 3488 5083 et

1893 5134 2207 5201 auctoribus
2253 5131 2580 5197 interfectis,
2629 5125 3036 5184 consentientes
3095 5134 3194 5192 per
3242 5120 3491 5177 diversas

1891 5225 2199 5297 provincias
2225 5223 2461 5295 dispergi
2497 5230 2662 5290 atque
2700 5225 2963 5289 perpetuo
3007 5212 3203 5269 exsilio
3230 5212 3492 5268 condem-

1891 5315 2013 5370 nari
2043 5314 2196 5380 fecit,
2236 5323 2292 5369 et
2321 5312 2389 5368 de
2429 5308 2643 5367 caeteris
2685 5306 2837 5361 villis
2872 5302 3132 5375 episcopii
3161 5299 3489 5356 Rhemeusis

1897 5406 2145 5461 eamdem
2175 5404 2359 5458 villam
2408 5398 2702 5457 restaurari
2740 5392 3039 5469 praecepit:
3075 5393 3285 5449 ita.viri
3317 5400 3373 5446 et
3412 5390 3491 5445 fe-

1900 5497 2059 5551 mina:
2097 5494 2309 5550 multati
2343 5498 2786 5563 permanserunt,
2822 5489 2964 5544 sicut
3002 5486 3186 5543 sancti
3219 5485 3323 5538 viri
3365 5497 3489 5538 sen-

1898 5592 2065 5647 tentia
2095 5590 2473 5660 promulgavit.
2510 5587 2788 5655 Quosdam
2833 5584 2997 5641 etiam
3038 5582 3105 5637 de
3133 5595 3321 5636 eorum
3360 5594 3485 5649 ριὀρ

1867 5683 1879 5719 ί
1898 5685 2074 5758 genie,
2103 5683 2196 5754 qui
2235 5692 2362 5739 tunc
2392 5680 2516 5752 fuga
2555 5678 2711 5749 lapsi,
2738 5690 2862 5733 cum
2891 5673 2982 5729 alii
3010 5670 3479 5741 dispergebantur,

1899 5781 2297 5843 remanserunt,
2326 5783 2379 5832 et
2426 5772 2492 5827 ad
2522 5771 2769 5827 eamdem
2804 5767 2984 5822 vittam
3040 5763 3334 5831 redierunt,
3383 5778 3481 5817 nos
