4038 6322
553 355 686 417 1171

1375 353 1709 412 BINCMARI
1744 352 1963 410 RHEM.
1992 352 2314 410 ARCHIEP.
2353 351 2720 410 OPUSCULA
2759 353 2995 412 VARIA.

3682 358 3834 416 “7!

550 466 696 520 hanc
719 462 975 520 vindictae
997 464 1331 522 sustinentes
1354 466 1678 522 sententiam
1705 465 1959 531 vidimus,
1987 467 2130 521 sicut
2156 470 2206 530 Α
2231 463 2500 520 desiderio
2532 464 2600 520 ad
2637 473 2901 521 aeternam
2940 465 3165 522 anhelat
3189 468 3446 539 patriam.
3480 469 3719 527 Condito
3752 472 3833 527 si-

550 564 610 612 et
637 553 817 621 Giezi,
840 570 965 611 cum
992 556 1153 611 domo
1190 570 1310 622 sua,
1342 555 1728 613 maledictione
1768 556 1958 621 Elisei,
1984 555 2133 626 lepra

553 646 816 703 multatus
841 657 926 701 est
949 645 1000 717 (I
1017 644 1058 699 ν
1082 646 1213 717 Reg.
1240 648 1304 715 ι).
1556 652 1561 661 ’

626 738 763 794 LIX.
789 739 928 809 Apte
965 738 1183 808 quidem
1217 737 1486 793 sententia
1510 738 1614 793 viri
1643 737 1758 801 Dei,
1793 738 1987 809 spiritu
2017 737 2135 806 ejus

553 829 765 900 repleti,
784 843 903 898 quo
929 831 1072 884 sicut
1102 835 1399 897 prmsentes
1430 827 1587 891 vidit,
1622 828 1697 882 ita
1746 839 1995 898 posteros
2037 842 2133 883 eo-

552 935 673 975 rum
703 918 934 974 rebelles
977 933 1044 973 ac
1070 918 1358 973 seditiosos
1384 919 1631 988 prmvidit
1666 937 1680 971 :
1713 919 2004 974 vindictam
2036 920 2134 974 hu-

544 1007 789 1076 jusmodi
818 1016 1241 1079 praesumptores
1283 1023 1390 1063 non
1428 1008 1604 1063 solum
1647 1008 1701 1063 in
1747 1023 1823 1071 se,
1857 1024 2043 1063 verum
2078 1016 2136 1064 et

548 1100 607 1154 in
638 1112 837 1170 genere
871 1108 1299 1156 contraxerunt:
1330 1109 1389 1155 ut
1416 1101 1560 1156 sicut
1591 1110 1814 1170 peccato
1851 1102 2009 1171 primi
2040 1118 2131 1173 pa-

550 1177 747 1255 ren'tis,
778 1204 878 1260 per
907 1190 1185 1245 traducem
1227 1191 1476 1256 seminis,
1518 1191 1699 1247 cuncti
1744 1206 1812 1246 ex
1858 1207 1925 1247 eo
1964 1193 2131 1263 geniti

545 1287 829 1348 peccatum
864 1278 1001 1347 ejus,
1033 1288 1089 1333 et
1124 1287 1357 1335 mortem
1383 1281 1628 1349 corporis
1660 1297 1761 1351 pro
1797 1290 2019 1351 peccato
2064 1283 2132 1336 il-

545 1370 714 1425 latam
744 1378 1048 1435 traxerunt,
1080 1370 1153 1425 ita
1193 1378 1251 1426 et
1287 1370 1615 1441 genitalibus
1655 1387 1845 1427 eorum
1872 1387 2133 1443 praesum-

543 1470 764 1530 ptorum
810 1460 1091 1530 generati,
1137 1460 1432 1516 vindictam
1492 1461 1698 1516 illatam
1744 1463 2133 1534 generautibus

545 1549 899 1604 sustinerent.
930 1549 1000 1604 Et
1026 1550 1154 1620 quia
1192 1551 1244 1605 in
1275 1549 1512 1607 femineo
1543 1567 1676 1609 sexu
1717 1568 1825 1608 non
1855 1562 1997 1619 erat,
2036 1554 2127 1610 ubi

542 1637 779 1693 vindicta
806 1638 1002 1695 similis
1029 1638 1083 1694 in
1114 1639 1378 1697 membris
1404 1641 1672 1698 similibus
1698 1652 2127 1700 monstraretur:

543 1731 688 1788 sicut
739 1745 840 1803 per
899 1740 1089 1804 guttur
1143 1733 1334 1804 primae
1394 1735 1588 1791 matris
1650 1746 1841 1807 gustus
1907 1737 2128 1793 illicitus

2236 555 2453 625 quidem
2497 564 2846 623 testamento,
2870 564 2928 613 et
2962 557 3245 628 dispositis
3270 560 3547 625 omnibus,
3596 563 3729 632 quia
3767 571 3833 617 ut

2233 645 2493 713 scriptum
2536 655 2643 711 est,
2684 662 2848 703 verus
2884 647 3122 718 agricola
3151 689 3168 715 ,
3219 664 3437 706 omnem
3489 650 3622 705 vitis
3680 666 3833 708 vera

2232 735 2509 805 palmitem
2537 737 2775 794 fructum
2810 738 3073 795 ferentem
3106 750 3324 812 purgat,
3352 751 3411 796 ut
3437 741 3676 798 fructum
3704 743 3831 813 plus

2232 824 2423 881 alferat
2457 827 2641 898 (Joan.
2684 828 2776 899 xv)
2816 847 2830 884 :
2873 830 3157 886 oculorum
3202 833 3569 903 corporalium
3620 834 3832 889 lumine

2233 916 2542 986 aliquandiu
2571 928 2656 975 est
2699 921 2965 991 privatus,
2996 931 3267 993 quatenus
3300 927 3501 981 mentis
3532 927 3715 982 oculis
3746 928 3833 982 in-

2234 1008 2437 1063 tentius
2473 1024 2592 1079 quze
2639 1026 2870 1082 superna
2921 1022 3082 1079 sunt,
3121 1013 3193 1068 ad
3239 1031 3362 1084 qua
3394 1022 3508 1071 toto
3552 1017 3838 1075 desideri

2232 1101 2542 1174 anhelabat,
2581 1103 2937 1173 contemplari
2975 1104 3202 1160 valeret.
3254 1105 3519 1163 Studebat
3560 1108 3833 1165 autemin

2233 1206 2348 1245 sua:
2388 1192 2723 1261 probationis
2775 1195 3074 1251 Ientatione
3122 1211 3338 1266 semper
3380 1200 3589 1270 gratias
3635 1216 3833 1272 agere,

2231 1279 2447 1351 hymnis
2484 1280 2581 1336 Dei
2608 1291 2666 1337 et
2710 1282 2963 1338 laudibus
2989 1283 3183 1341 diebus
3213 1302 3279 1341 ac
3315 1288 3570 1344 noctibus
3595 1304 3830 1357 Vacalis,

2231 1386 2295 1425 ac
2330 1370 2474 1425 ﬁdeli
2504 1380 2684 1427 mente
2734 1373 3062 1443 intelligens,
3097 1376 3356 1445 quoniam
3403 1379 3497 1447 qui
3544 1379 3837 1435 humiliter

2230 1459 2438 1531 ﬂagella
2481 1463 2802 1533 suscipiunt,
2843 1474 2968 1533 post
2995 1463 3210 1533 ﬂagella
3259 1468 3572 1525 sublimiter
3607 1470 3684 1524 ad
3745 1486 3835 1526 re-

2230 1553 2411 1622 quiem
2441 1553 2830 1624 suscipiuntur.
2858 1553 3012 1621 Quod
3039 1564 3096 1611 et
3126 1557 3181 1611 in
3209 1572 3276 1612 eo
3306 1558 3573 1616 Dominus
3598 1560 3658 1615 in
3688 1576 3836 1631 pra-

2228 1642 2366 1696 senti
2404 1641 2594 1697 volens
2639 1643 2945 1708 ostendere,
2975 1645 3133 1715 quasi
3181 1648 3377 1716 pignus
3421 1657 3642 1705 eterna:
3692 1650 3839 1708 lueis

2229 1746 2518 1807 antequam
2542 1736 2848 1802 decederet,
2890 1738 3066 1793 visum
3093 1740 3142 1795 ei
3172 1741 3450 1796 restituit:
3478 1741 3655 1807 unde,
3684 1744 3837 1798 sicut

542 1826 840 1892 transiens,
864 1827 933 1882 ad
968 1827 1427 1898 praavaricatricis
1450 1827 1689 1884 sobolem
1715 1826 1984 1883 derivavit
2010 1828 2125 1884 cul-
2153 1814 2200 1875 Β
2227 1836 2283 1880 et
2304 1827 2372 1882 de
2406 1827 2697 1883 amissione
2740 1827 2985 1893 luminis,
3030 1845 3229 1885 nomen
3262 1830 3477 1887 Domini
3518 1833 3834 1891 benedixit.

541 1933 691 1988 pam,
717 1918 801 1975 sic
831 1928 889 1976 et
911 1919 980 1975 ad
1015 1921 1227 1990 genitas
1259 1921 1328 1976 de
1354 1921 1459 1976 hac
1501 1920 1670 1992 stirpe
1709 1933 2122 1992 propagaretur,

542 2009 905 2079 ignominiosa
950 2010 1282 2069 haereditas;
1318 2010 1485 2066 veluti
1515 2025 1613 2081 per
1649 2010 1866 2084 Moysen
1895 2012 2127 2069 Domino

541 2101 773 2158 dicitur:
803 2102 909 2167 Qui
938 2103 1112 2158 reddis
1134 2104 1462 2174 iniquitatem
1488 2113 1698 2173 patrum
1726 2104 1853 2173 [aliis
1878 2122 1943 2160 ac
1976 2122 2130 2175 nepo-

541 2189 683 2245 tibus
713 2190 911 2261 (Exod.
936 2193 1145 2263 δίκην).

520 2348 529 2367 ⁸
612 2281 727 2337 LX.
762 2281 897 2367 Post
930 2284 1243 2353 praemissas
1268 2291 1447 2339 autem
1477 2292 1533 2340 et
1561 2283 1697 2339 alias
1731 2284 1928 2342 multas
1954 2286 2127 2342 virtu-

539 2383 641 2437 tes,
670 2388 807 2443 quas
828 2364 1089 2429 Dominus
1126 2389 1227 2444 per
1259 2375 1402 2430 hunc
1428 2382 1678 2430 sanctum
1705 2390 1863 2429 suum
1905 2376 2123 2445 aperari

536 2463 793 2531 dignatus
835 2471 946 2529 est,
984 2462 1220 2533 gemitus
1264 2473 1321 2517 et
1367 2462 1599 2534 suspiria
1630 2461 1774 2518 illius
1802 2463 2122 2530 exaudiens,

536 2553 736 2622 quibus
782 2553 998 2611 dicebat
1039 2570 1053 2607 :
1104 2550 1330 2619 Quando
1369 2553 1571 2607 veniam
1606 2562 1654 2606 et
1700 2552 1960 2623 apparebo
2003 2561 2124 2607 ante

536 2643 726 2713 {aciem
753 2641 853 2698 Dei
882 2640 1056 2714 (Psal.
1080 2626 1238 2712 ηυξ
1270 2650 1360 2697 et:
1410 2640 1685 2706 Satiabor,
1729 2641 1857 2696 dum
1897 2641 2125 2712 manife-

533 2732 763 2787 stabitur
787 2730 958 2803 gloria
986 2742 1080 2787 tua
1107 2728 1279 2801 (Psal.
1303 2728 1449 2800 xvi);
1478 2731 1735 2786 revelavit
1761 2732 1810 2785 ei
1839 2731 2121 2798 Dominus,

537 2823 828 2881 consolans
870 2839 1017 2890 eum,
1057 2824 1341 2879 imminere
1371 2824 1515 2879 diem
1544 2823 1727 2879 obitus
1754 2825 1876 2879 sui:
1909 2825 2027 2893 Qua
2059 2825 2125 2880 de

533 2930 616 2980 re,
660 2914 957 2970 secundum
1000 2929 1188 2970 sacros
1222 2928 1461 2970 canones
1512 2922 1894 2970 testamentum
1939 2930 2123 2970 rerum

533 3018 757 3063 suarum
800 3004 1065 3071 condidit,
1113 3006 1183 3059 ad
1233 3005 1608 3061 hmreditatem
1651 3005 1797 3081 illam
1831 3004 2116 3071 festinans,

533 3095 603 3151 de
643 3111 749 3165 qua
791 3094 1063 3166 Propheta
1100 3096 1232 3151 dicit
1280 3115 1292 3151 :
1341 3095 1473 3151 Cum
1517 3097 1719 3151 dederit
1759 3096 1961 3152 dilectis
2008 3100 2120 3153 suis

531 3204 808 3253 somnum,
853 3188 965 3244 Iure
993 3199 1068 3244 est
1115 3189 1397 3244 Ita-reditas
1443 3188 1658 3244 Domini
1699 3188 1876 3258 (Psal.
1909 3192 2115 3262 cxxvr).

533 3278 728 3335 Outuis
766 3279 861 3351 qui
910 3280 1111 3336 dormit
1158 3280 1214 3334 in
1264 3291 1456 3346 morte,
1496 3281 1675 3352 perdit
1722 3283 2115 3339 bzereditatem.

536 3370 645 3427 Sed
694 3386 819 3427 cum
863 3370 1076 3427 dederit
1123 3372 1338 3428 dilectis
1381 3373 1497 3429 suis
1543 3388 1830 3440 somnum,
1878 3375 1996 3429 lucc
2037 3384 2123 3430 est

537 3462 830 3519 hereditas
854 3462 1090 3528 Domini,
1117 3464 1246 3532 quia
1290 3464 1449 3523 electi
1482 3464 1574 3519 Dei
1611 3474 1898 3535 postquam
1928 3480 2122 3535 perve-

528 3553 717 3608 nerint
740 3554 807 3607 ad
853 3564 1105 3617 mortem,
1135 3564 1265 3609 tunc
1292 3555 1574 3609 inveniunt
1598 3556 1995 3612 brereditatem.
2029 3554 2121 3611 Sic

530 3651 756 3699 sanctus
790 3643 1070 3715 Remigius
1101 3653 1371 3702 terrenam
1405 3646 1788 3715 derelinquens
1835 3648 2121 3705 haeredita-

533 3743 668 3798 tem,
697 3734 907 3803 accepit
936 3743 1217 3801 aeternam,
1263 3736 1388 3807 quia
1423 3736 1564 3792 oliva
1593 3735 1872 3794 fructifera
1903 3755 2002 3810 per
2037 3739 2118 3794 lu-
2154 3784 2167 3793 .

534 3825 657 3881 cida
690 3824 1078 3882 misericordia:
1107 3842 1272 3897 opera
1303 3829 1512 3884 exstitit
1552 3829 1608 3884 in
1657 3830 1840 3895 domo,
1867 3831 2121 3887 videlicet

531 3916 773 3973 Ecclesia
801 3917 916 3973 Dei.
947 3916 1100 3974 Unde
1123 3920 1361 3989 speravit
1383 3920 1504 3991 jure
1531 3921 1585 3975 in
1618 3920 1990 3977 misericordia
2021 3920 2115 3976 Dei

530 4009 635 4072 sui,
672 4009 940 4065 veraciter
984 4009 1170 4065 dicens
1204 4028 1217 4064 :
1262 4009 1498 4067 Fuerunt
1530 4010 1657 4064 mihi
1701 4010 1950 4082 laci-ymo:
1988 4028 2118 4067 mea:

524 4115 690 4167 panes
713 4099 799 4153 die
820 4115 882 4153 ac
922 4111 1071 4154 nocte
1097 4097 1272 4171 (Psal.
1297 4100 1441 4171 xu);
1470 4100 1596 4170 quia
1627 4100 1771 4157 sicut
1793 4117 1995 4170 corpus
2029 4117 2116 4156 sa-

529 4187 698 4242 tiatur
736 4202 897 4257 pane,
936 4188 1010 4242 ita
1041 4188 1109 4242 de
1157 4188 1413 4260 lacrymis
1454 4189 1696 4246 reﬁcitur
1738 4190 1945 4257 anima,
1982 4198 2118 4260 Quo.

523 4276 673 4332 niam
722 4275 917 4332 exinde
965 4287 1150 4347 sperat
1196 4278 1573 4335 remissionem
1622 4289 1968 4350 peccatorum
2016 4281 2116 4335 ha-

525 4368 680 4425 bere.
727 4360 853 4423 Dies
891 4382 1023 4423 vero
1054 4377 1109 4424 et
1145 4385 1275 4435 nox,
1306 4384 1407 4441 pro
1435 4369 1617 4426 saeculi
1658 4371 1977 4426 diversitate
2021 4386 2116 4440 po-

525 4469 774 4516 nuntur:
805 4461 933 4532 quia
977 4461 1094 4517 sive
1142 4461 1197 4516 in
1243 4462 1518 4532 prosperis
1562 4462 1744 4526 rebus,
1784 4463 1899 4517 sive
1933 4463 1986 4517 in
2018 4463 2116 4517 ad-

522 4549 730 4614 versis,
791 4550 1046 4605 desiderii
1097 4551 1181 4606 sui
1236 4551 1506 4623 lacrymas
1561 4552 1730 4607 Demn
1791 4534 2273 4609 desideransDet
2328 4546 2580 4616 baptismi
2634 4548 2807 4619 gratia
2860 4557 3182 4602 consecrata
3225 4563 3240 4603 :

523 4641 709 4696 anima
756 4640 971 4707 fundit,
1015 4642 1196 4697 sciens
1238 4642 1497 4711 scriptum
1540 4660 1553 4696 :
1604 4640 1814 4696 Vanum
1853 4654 1928 4697 est
1968 4644 2108 4698 vobis

521 4741 647 4787 ante
684 4731 854 4787 lucem
889 4749 1102 4804 surgere
1123 4748 1143 4787 :
1177 4734 1376 4802 surgite
1414 4743 1689 4805 postquam
1731 4734 1990 4800 sedcritis,
2018 4736 2109 4805 qui

518 4820 857 4879 manducatis
887 4839 1074 4893 panem
1113 4822 1316 4877 doloris
1355 4820 1528 4893 (Psat.
1555 4826 1722 4895 cxvr).
1766 4823 1905 4879 Ante
1932 4824 2107 4879 lucem

520 4912 722 4983 quippe
747 4926 973 4982 surgere
1000 4920 1102 4977 est,
1130 4912 1445 4982 priusquam
1482 4911 1704 4968 claritas
1730 4920 1946 4968 aeterna:
1971 4912 2109 4991 lucis

519 5014 577 5058 et
604 5003 995 5065 .retributionis
1028 5014 1308 5075 appareat,
1342 5005 1396 5060 in
1447 5006 1732 5075 praesentis
1778 5006 1904 5060 vita:
1946 5014 2108 5061 nocte

521 5095 778 5164 gaudere.
824 5094 1131 5153 Sedendum
1161 5096 1312 5167 prius
1350 5106 1455 5163 est,
1483 5106 1543 5152 ut
1579 5105 1702 5167 post
1744 5104 1893 5151 recte
1921 5113 2109 5169 surga-

521 5201 675 5251 mus;
710 5187 834 5256 quia
868 5187 1115 5258 quisquis
1152 5203 1297 5243 nunc
1325 5204 1386 5244 se
1429 5197 1621 5260 sponte
1657 5188 1929 5254 lmmiliat,
1962 5190 2109 5246 hunc

523 5296 761 5351 sequens
781 5280 951 5352 gloria
971 5280 1194 5337 exaltat.
1239 5280 1532 5337 Manducat
1563 5288 1744 5335 autem
1788 5296 1983 5352 panem
2011 5284 2109 5337 do-

522 5372 673 5438 loris,
722 5372 819 5444 qui
863 5370 1032 5445 gemit
1080 5371 1134 5431 in
1164 5371 1269 5427 bac
1312 5371 1770 5444 peregrinatione,
1812 5381 1869 5427 et
1898 5372 2107 5429 ctelesti

596 5545 621 5572 ιι
654 5531 885 5588 Moritur
933 5544 1040 5601 quo
1086 5538 1267 5586 autem
1319 5544 1463 5601 anno
1503 5538 1559 5586 et
1611 5537 2111 5601 quantogtempore

525 5601 757 5664 sederit,
807 5599 1182 5671 vide-Daren.
1238 5615 1327 5654 an.
1367 5599 1464 5654 5H
1529 5599 1643 5655 uhi'
1675 5600 1881 5655 erroris
1930 5600 2108 5670 arguit

527 5672 896 5733 Ilincmarnm,
927 5671 1071 5741 quod
1112 5671 1449 5741 septuaginta
1493 5679 1729 5741 quatuor
1779 5685 1950 5725 annos
1994 5671 2109 5738 epi-

525 5750 781 5812 scopatus
826 5741 884 5798 S.
920 5740 1149 5816 llemigii
1174 5740 1519 5806 constituat,
1557 5754 1790 5825 cumque
1833 5740 2109 5797 convincit

2227 1917 2295 1971 Et
2325 1931 2431 1972 non
2460 1926 2582 1987 post
2609 1916 2829 1986 longum
2858 1918 3095 1988 spatium
3122 1920 3303 1976 sciens
3336 1922 3530 1978 adesse
3560 1923 3719 1979 diem
3746 1923 3831 1982 si
3880 1948 3885 1953 ι

2229 2011 2509 2073 transitus,
2555 2023 2653 2079 per
2701 2011 2991 2064 missarum
3042 2010 3488 2078 celebrationem,
3536 2028 3603 2068 ac
3650 2028 3833 2072 sacra

2227 2098 2628 2153 communionis
2676 2098 3041 2169 largitionem,
3089 2100 3422 2156 valefaciens
3447 2111 3504 2157 et
3546 2102 3696 2157 dans
3742 2118 3837 2173 pa-

2228 2205 2346 2246 cem
2381 2190 2506 2245 ﬁliis
2534 2191 2668 2255 suis,
2696 2200 2987 2260 postquam
3019 2205 3116 2261 per
3142 2192 3333 2261 viginti
3370 2201 3427 2247 et
3469 2192 3616 2249 duos
3654 2209 3829 2249 annos

2228 2281 2281 2335 in
2320 2280 2552 2336 clericali
2583 2283 2794 2345 ordine,
2826 2282 2877 2335 in
2920 2281 3233 2351 episcopatu
3278 2297 3414 2337 vero
3450 2282 3576 2355 [τι]
3607 2295 3825 2355 septua-

2227 2371 2373 2442 ginta
2408 2380 2475 2427 .et
2523 2380 2755 2442 quatuor
2788 2368 3265 2427 continentissime
3313 2388 3378 2427 ac
3414 2372 3831 2445 religiosissime

2229 2458 2403 2513 fidelis
2441 2474 2630 2515 servus
2652 2467 2708 2514 et
2728 2460 2967 2528 prudens
2996 2458 3224 2515 Domino
3249 2461 3621 2527 ministravit,
3661 2479 3827 2520 nona-

2231 2550 2439 2620 gesimo
2481 2558 2637 2604 sexto
2673 2562 2699 2590 ι
2727 2550 2900 2604 atatis
2949 2565 3060 2605 sum
3107 2566 3273 2619 anno,
3302 2551 3491 2607 Idibus
3541 2552 3826 2621 Januarii,

2228 2641 2402 2696 sancti
2441 2640 2759 2696 certaminis
2794 2656 2957 2695 cursu
3001 2652 3408 2707 consummato,
3443 2644 3557 2699 ﬁde
3594 2656 3828 2712 servata,

2227 2749 2351 2788 cum
2397 2732 2678 2802 multiplici
2717 2733 2984 2787 bonorum
3013 2747 3241 2801 operum
3287 2732 3475 2788 fructu
3516 2745 3578 2790 et
3615 2737 3821 2791 anima-

2229 2839 2348 2877 rum
2396 2821 2568 2886 lucro,
2598 2832 2657 2876 ut
2685 2823 2775 2877 diu
2814 2822 3162 2886 desideravit,
3205 2822 3390 2875 anima
3435 2823 3617 2878 ccelos
3663 2839 3823 2895 νεικ-

2230 2924 2398 2980 trans,
2440 2922 2600 2969 terra:
2644 2929 2841 2983 corpus
2876 2913 3137 2979 reddidit;
3172 2914 3455 2982 accipiens
3510 2915 3711 2970 stolam
3751 2915 3828 2969 al—

2225 3005 2386 3069 bam,
2444 3005 2639 3058 anima:
2693 3004 2901 3058 scilicet
2953 3003 3344 3058 beatitudinem
3399 3005 3823 3074 sempiternam,

2231 3096 2403 3151 donec
2434 3096 2484 3150 in
2518 3097 2916 3151 resurrectione
2939 3096 3166 3150 alteram
3197 3095 3433 3165 accipiat
3455 3098 3680 3163 stolam,
3709 3098 3827 3152 bea-

2236 3198 2367 3253 tam,
2389 3188 2641 3242 videlicet
2665 3203 2767 3241 una
2796 3202 2916 3240 cum
2947 3187 3127 3241 anima
3158 3195 3438 3257 resumpta
3485 3188 3829 3260 διατίθουιῶ

2227 3285 2471 3352 corporis
2500 3281 2986 3336 immortalitatem.

2296 3373 2432 3428 LXI.
2464 3372 2661 3427 Beatus
2705 3372 2868 3442 igitur
2902 3371 3104 3428 athleta
3141 3372 3261 3436 Dei,
3294 3372 3583 3429 confessor
3620 3372 3826 3437 cilicio.

2225 3471 2436 3533 martyr
2460 3476 2676 3532 quoque
2706 3463 2906 3527 studio,
2942 3464 3177 3518 invictus
3206 3463 3505 3519 certamine
3548 3464 3827 3533 palmam,

2225 3566 2473 3623 quaerens
2503 3551 2790 3622 sanguine.
2822 3550 2993 3619 Quem
3026 3552 3153 3621 quia
3199 3552 3291 3607 diu
3325 3552 3551 3620 contigit
3584 3554 3647 3605 in
3700 3568 3824 3607 cor-

2224 3659 2354 3715 pore
2395 3645 2598 3708 vivere,
2629 3659 2855 3700 necesse
2897 3644 2999 3699 fuit
3038 3646 3206 3701 etiam
3252 3646 3494 3719 longiora
3525 3646 3727 3701 carnis
3770 3655 3825 3702 et

2224 3734 2521 3798 diaboli,et
2567 3751 2857 3804 pravorum
2909 3736 3190 3790 hominum
3239 3744 3513 3790 tormenta
3562 3736 3819 3790 tolerare.

2224 3827 2357 3894 Quia
2396 3829 2540 3882 enim
2573 3827 2860 3896 adjuvaute
2888 3843 2947 3882 se
2976 3828 3223 3891 Domino,
3251 3828 3512 3880 virtutem
3544 3827 3824 3897 patientia:

2222 3916 2435 3971 fortiter
2465 3931 2684 3971 servare
2715 3917 3014 3982 contendit,
3044 3928 3099 3971 et
3128 3917 3180 3970 in
3209 3933 3343 3987 pace
3373 3915 3637 3971 Ecclesia:
3661 3916 3819 3980 visit,

2220 4016 2276 4062 et
2302 4015 2479 4061 tamen
2504 3987 2749 4076 martyrii
2779 4005 3012 4076 palmam
3045 4007 3231 4060 lenuit.
3265 4006 3664 4062 Consummato
3689 4021 3817 4075 ergo

2219 4096 2452 4151 feliciter
2476 4112 2662 4160 cursu,
2702 4099 2771 4151 ad
2814 4106 3122 4151 sanctorum
3166 4097 3541 4167 apostolorum
3573 4113 3643 4151 ac
3680 4113 3822 4151 mar-

2221 4194 2399 4257 tyrum
2449 4187 2782 4241 consortium
2830 4186 3113 4241 confessor
3143 4186 3355 4240 Domini
3391 4191 3673 4257 pretiosus
3721 4189 3820 4242 Ile-

2220 4277 2416 4346 migius
2442 4286 2563 4346 post
2586 4289 2813 4331 mortem
2843 4278 3087 4345 corporis
3113 4277 3347 4349 gloriose
3375 4280 3652 4349 pervenit,
3677 4281 3817 4334 sicut

2219 4374 2508 4419 attestatur
2549 4366 2842 4438 apostolica
2894 4367 2970 4421 illi
3023 4370 3193 4438 gratia
3239 4369 3458 4433 collata,
3497 4387 3637 4441 gens
3669 4372 3816 4425 vide-

2220 4453 2345 4509 licet
2384 4456 2666 4522 Francica,
2697 4458 2763 4511 ad
2796 4458 2952 4511 fidem
2983 4457 3186 4513 Christi
3220 4474 3318 4528 per
3348 4474 3472 4512 eum
3521 4476 3812 4525 conversa,

3299 4548 3549 4621 martyrii
3609 4551 3810 4618 palma,

2216 4635 2594 4706 longanimitas
2623 4636 2897 4706 patientiae
2946 4637 2999 4690 in
3041 4636 3382 4708 longrevitate
3420 4637 3595 4706 ipsius
3644 4639 3811 4690 vitae:

2216 4725 2546 4780 confesSoris
2596 4725 2812 4796 gloriae,
2843 4725 3156 4779 orthodoxa:
3208 4723 3331 4779 ﬁdei
3384 4725 3730 4795 prmdicatio,
3761 4732 3815 4778 et

2215 4819 2476 4874 virtutum
2507 4827 2614 4873 tam
2647 4819 2700 4871 in
2730 4817 2838 4872 vita
2877 4817 3045 4887 ipsius
3087 4816 3355 4887 corporis,
3406 4831 3572 4887 quam
3602 4826 3662 4871 et
3696 4824 3811 4887 post

2219 4910 2425 4965 obitum
2453 4908 2713 4981 prter-Iura
2743 4912 3003 4963 ostensio.

2285 5001 2443 5057 LXII.
2485 5001 2750 5056 Caeterum
2794 5017 2919 5056 cum
2949 5000 3109 5057 funus
3162 5001 3571 5057 sanctissimum
3624 5000 3803 5055 defers

2217 5105 2367 5151 retur
2424 5095 2491 5150 ad
2538 5093 2870 5165 sepulturam
2918 5111 3109 5150 versus
3162 5094 3447 5150 ecclesiam
3489 5104 3803 5148 sanctorum

2215 5197 2514 5258 martyrum
2546 5186 2810 5241 Timothei
2843 5182 2898 5242 et
2923 5187 3305 5259 Appollinaris,
3334 5203 3493 5242 secus
3513 5187 3801 5242 ecclesiam

2214 5280 2386 5333 sancti
2414 5277 2789 5348 Christophori
2831 5278 3105 5349 martyris,
3138 5279 3191 5333 in
3236 5279 3354 5332 loco
3381 5278 3470 5332 ubi
3503 5292 3570 5331 ex
3599 5286 3725 5330 tunc
3750 5284 3803 5331 ct

2216 5384 2361 5427 nunc
2406 5384 2539 5427 crux
2579 5378 2662 5425 cst
2705 5369 2902 5440 posita,
2935 5379 2991 5423 et
3021 5362 3109 5425 ubi
3153 5368 3321 5424 multa
3353 5368 3618 5426 miracula
3662 5366 3802 5423 Deus

2213 5546 2280 5586 ex
2324 5529 2471 5584 Actis
2500 5529 2713 5585 concilii
2759 5526 3137 5591 Arvernensis,
3166 5527 3311 5596 quod
3350 5525 3803 5596 celebratumfst

2212 5616 2357 5673 anno
2382 5599 2505 5673 ξω,
2532 5601 2623 5654 ubi
2652 5599 2942 5673 nouo‘lnco
2960 5594 3298 5667 subscriptus
3330 5605 3649 5673 recensctur
3684 5594 3802 5673 Flaf

2213 5671 2332 5724 vius
2382 5670 2704 5735 Ilhemeusis
2739 5669 3042 5737 episcopus,
3074 5684 3233 5736 quem
3277 5668 3455 5720 adhuc
3507 5668 3801 5721 antecessit

2214 5739 2489 5796 Romanus
2520 5742 2728 5810 primus
2752 5741 2925 5795 sancti
2954 5737 3184 5809 Remigii
3213 5752 3515 5795 successor.
