4038 6322
173 399 332 459 1173

1461 383 1618 442 νιτΑ
1658 380 1905 439 SANC'I‘I
1944 377 2222 435 REMlGII.

3332 369 3473 429 1174

173 521 385 588 postea
409 526 511 584 pro
530 517 720 568 sancto
740 505 987 578 Remigio
1012 501 1284 561 ostendit:
1315 500 1389 558 ita
1416 499 1679 558 feretrum
1699 504 1783 553 est
1808 498 1861 559 Α
1886 493 2151 588 pervadit,
2181 491 2489 588 despiciens
2524 492 2821 588 hominem,
2851 490 2943 563 qui
2984 505 3110 588 eum
3135 496 3331 588 sancto
3354 488 3475 588 loco

171 611 575 677 aggravatum,
605 608 666 655 ut
695 598 841 653 nullo
863 596 1022 651 modo
1036 607 1360 665 quocunque
1383 590 1622 663 ingenio,
1653 588 1785 644 vela

172 696 635 768 quantiscunqne
659 690 972 748 hominibus
994 695 1181 761 posset
1209 686 1433 744 moveri.
1465 683 1533 741 Et
1571 692 1789 753 stupen-

171 787 339 843 tibus
385 782 679 847 omnibus,
731 790 789 836 et
821 779 1132 849 petentibus
1174 776 1271 831 Dei
1312 770 1783 845 omnipotentiam,

172 875 271 931 vel
305 874 635 944 dignaretur
658 868 965 934 ostendere,
993 867 1047 922 in
1074 881 1183 937 quo
1207 866 1327 922 loco
1347 864 1587 936 ejusdem
1612 861 1787 917 sancti

172 967 269 1021 sui
294 980 506 1036 corpus
533 963 694 1019 vellet
710 961 894 1032 reponi
920 1001 937 1027 ,
968 960 1389 1032 designaverunt
1415 957 1483 1011 ad
1508 955 1786 1011 basilicam

174 1057 549 1130 przefatorum
578 1063 895 1127 martyrum,
925 1061 984 1109 et
1010 1052 1272 1108 feretrum
1302 1050 1504 1105 moveri
1536 1062 1640 1103 non
1690 1062 1789 1119 po-

176 1149 311 1204 luit.
337 1148 751 1219 Pmposuerunt
788 1154 849 1199 ut
896 1143 1131 1199 ferretur
1171 1141 1239 1197 ad
1269 1140 1557 1196 ecclesiam
1609 1138 1786 1193 sancti

174 1238 423 1304 Nieasii,
476 1247 531 1294 et
567 1236 775 1293 moveri
818 1251 924 1291 non
983 1234 1176 1306 potuit.
1235 1231 1676 1301 Proposuerunt,
1727 1237 1788 1285 ut

176 1330 436 1385 ferretur
465 1329 532 1384 ad
558 1328 842 1383 ecclesiam
891 1335 1202 1382 sanctorum
1235 1323 1375 1379 Sixti
1404 1332 1460 1379 et
1491 1321 1702 1387 Sinicii,
1731 1332 1788 1378 et

177 1436 291 1475 nec
319 1420 407 1476 sic
436 1419 641 1474 moveri
662 1418 868 1489 potuit:
898 1418 1112 1473 tandem
1135 1417 1331 1481 coacti,
1353 1415 1605 1485 quoniam
1621 1429 1787 1484 parva

174 1509 690 1575 ecelesiola~erat,
732 1509 785 1563 in
827 1508 1033 1563 honore
1070 1506 1215 1562 beati
1254 1504 1510 1575 martyris
1538 1502 1785 1558 Christo-

144 1586 151 1591 ί
177 1602 378 1672 phori,
405 1601 501 1656 sed
527 1600 728 1654 nullum
751 1614 947 1670 corpus
976 1596 1238 1652 nominati
1260 1595 1435 1651 sancti
1459 1595 1512 1648 in
1548 1610 1611 1649 ea
1632 1593 1785 1662 jace-

178 1690 304 1756 bat,
346 1700 407 1745 et
433 1691 487 1744 in
518 1705 624 1760 qua
656 1690 813 1761 eique
834 1686 1346 1757 circumjacentilms
1370 1685 1525 1741 atriis
1554 1700 1620 1740 ex
1647 1684 1785 1738 anti-

177 1796 299 1851 quo
322 1789 451 1836 erat
472 1781 844 1836 cmmeterium
860 1778 1182 1835 Rhemensis
1206 1777 1449 1833 ecclesia:
1475 1795 1488 1830 :
1513 1777 1787 1847 petierunt

1890 586 2213 643 contulerat.
2274 586 2376 654 Qui
2403 601 2528 642 cum
2558 586 2628 641 ab
2655 585 2908 656 episcopo
2942 599 3007 639 ac
3049 583 3152 639 loci
3182 582 3475 652 praeposito

1887 678 2082 732 crebro
2108 686 2408 732 conventus
2430 676 2639 739 fuisset,
2668 683 2730 729 ut
2754 689 2876 746 qua:
2921 673 3119 742 injuste
3145 678 3473 743 pervaserat,

1887 766 2169 832 redderet;
2219 765 2619 838 parvipendens
2648 764 2834 830 verba,
2864 762 3281 835 quaa‘audiebat,
3303 760 3475 831 perti-

1888 857 2012 913 naci
2059 856 2270 926 direpta
2323 855 2641 911 defensabat
2674 855 2995 911 intentione.
3034 853 3278 922 Denique
3308 863 3473 906 causa

1887 946 2120 1011 exstitit,
2152 953 2210 1000 et
2236 961 2344 1000 non
2374 944 2613 1011 devotio,
2652 955 2713 1002 ut
2740 954 3059 1016 prapcraret
3086 945 3154 1000 ad
3174 943 3353 999 sancti
3378 942 3475 996 ba-

1886 1039 2116 1094 silicam.
2144 1037 2405 1109 Arguitur
2426 1036 2623 1092 iterum
2653 1052 2684 1091 a
2715 1036 2817 1093 loci
2851 1038 3126 1109 proposito
3152 1052 3250 1107 pro
3276 1049 3474 1105 perva-

1888 1133 2041 1188 sione
2080 1133 2281 1202 campi,
2337 1132 2433 1188 sed
2474 1131 2609 1187 nihil
2653 1132 2875 1202 dignum
2918 1131 3128 1187 ratione
3173 1129 3473 1200 respondit.

1888 1222 2278 1293 Explicitisqne
2300 1222 2552 1293 negotiis,
2583 1236 2812 1278 ascenso
2835 1238 2993 1292 equo,
3035 1223 3102 1276 ad
3124 1222 3343 1277 domum
3390 1235 3476 1275 re-

1887 1311 2005 1367 dire
2026 1311 2265 1382 disponit
2294 1329 2308 1366 :
2340 1310 2435 1368 sed
2459 1312 2643 1368 obstat
2679 1312 2821 1368 nisui
2851 1313 2969 1383 ejus
2997 1311 3296 1367 sacerdotis
3333 1308 3475 1379 inju—

1888 1401 1991 1457 ria.
2023 1399 2158 1456 Nam
2191 1401 2467 1457 sauciatus
2516 1416 2566 1456 al
2597 1401 2896 1471 sanguine,
2946 1400 3114 1455 diruit
3143 1400 3197 1455 in
3250 1408 3474 1455 terram.

1886 1490 2167 1559 Obligatur
2192 1491 2397 1561 lingua,
2418 1506 2539 1561 qua:
2568 1491 2745 1546 locuta
2775 1491 2951 1545 fuerat
2978 1506 3231 1561 campum
3255 1488 3444 1546 tollere
3461 1507 3479 1540 :

1885 1583 2210 1638 clauduntur
2246 1583 2409 1648 oculi,
2440 1582 2533 1653 qui
2574 1583 3001 1653 concupierant:
3031 1597 3225 1639 manus
3262 1588 3485 1638 eontra-

1886 1674 2108 1739 huntur,
2136 1690 2257 1744 qna:
2287 1681 2597 1745 rapuerant.
2976 1694 2983 1697 ‘

1958 1764 2120 1820 LXV.
2160 1764 2313 1819 Tunc
2341 1764 2668 1829 balbutiens,
2689 1770 2745 1820 et
2769 1764 2859 1819 vix
2876 1778 3184 1820 sermonem
3209 1762 3482 1833 explicare

178 1850 248 1926 ut
298 1871 572 1928 Dominus
599 1872 907 1928 declararet
934 1872 977 1926 si
1021 1871 1075 1924 in
1115 1870 1307 1926 eadem
1351 1868 1582 1925 ecclesia
1630 1867 1790 1922 vellet
1823 1850 1864 1909 Β
1893 1853 2098 1920 valens,
2128 1855 2241 1910 ait:
2267 1853 2481 1910 ῧθτθΐιϐ
2508 1870 2596 1910 me
2619 1855 2689 1909 ad
2712 1854 2988 1910 basmcam
3014 1855 3210 1919 sane“:
3238 1863 3482 1923 θιαυειη·

180 1965 325 2021 illud
379 1980 578 2035 corpus
605 1963 1006 2020 sanctissimum
1035 1962 1184 2032 poni.
1217 1962 1287 2017 Et
1330 1961 1410 2016 sic
1438 1969 1585 2016 tanta
1618 1959 1787 2014 facili-
1834 1967 1841 1974 '

180 2064 309 2115 tate
344 2065 555 2111 motum
582 2064 668 2111 est
706 2054 989 2117 feretrum,
1025 2062 1087 2108 ut
1112 2052 1316 2107 nullum
1345 2068 1484 2107 onus
1507 2060 1790 2122 portantes

177 2150 513 2213 sentirent:
547 2147 815 2218 sepultum
838 2156 919 2202 est
943 2155 1121 2202 autem
1151 2146 1279 2201 illud
1323 2145 1632 2201 venerabile
1673 2159 1793 2201 cor-

177 2255 296 2311 pus
346 2239 405 2293 ia
448 2238 635 2294 eadem
662 2237 966 2300 ecclesiola,
1016 2237 1108 2292 ubi
1159 2236 1330 2291 altare
1372 2244 1458 2290 est
1504 2235 1557 2289 in
1586 2235 1792 2290 honore

182 2341 410 2386 sanctae
437 2328 748 2395 Genovefaa,
783 2345 904 2400 quae
926 2328 1349 2384 familiarissima
1391 2329 1597 2383 exstitit
1632 2327 1794 2382 beato

183 2420 473 2490 Betnigio.
501 2420 655 2488 Quod
693 2419 1041 2476 manifestum
1079 2428 1164 2475 est
1193 2428 1375 2475 aetum
1413 2417 1579 2475 fuisse
1607 2417 1791 2474 divina

185 2513 579 2584 dispositione,
611 2521 776 2582 atque
806 2512 974 2584 ipsius
987 2511 1285 2586 voluntate,
1311 2512 1533 2567 utsicut
1560 2525 1667 2574 res,
1694 2524 1794 2566 suo

186 2603 426 2657 nomine
452 2603 754 2673 acquisitze,
772 2601 926 2671 juxta
958 2616 1144 2657 sacras
1172 2600 1318 2672 leges
1337 2599 1610 2670 episcopio
1622 2598 1794 2654 eccle—

186 2695 292 2748 siae
318 2693 653 2749 Rhemensis
680 2701 837 2749 erant
862 2694 1028 2747 unitas
1052 2707 1067 2746 :
1096 2692 1172 2746 ita
1194 2698 1250 2745 et
1271 2705 1391 2760 quae
1419 2690 1591 2759 ipsius
1633 2688 1795 2743 meri.

187 2788 267 2842 tis
292 2794 461 2841 erant
485 2785 552 2839 de
566 2793 763 2839 caetero
785 2783 1126 2852 acquirendae
1178 2781 1471 2837 Rhemensi
1514 2779 1792 2846 Ecclesiae,

187 2878 250 2935 in
279 2877 449 2947 cujus
466 2877 673 2948 jaceret
696 2875 971 2931 territorio
994 2875 1293 2929 uuirentnr.

267 2965 461 3021 LXIII.
501 2965 629 3022 Post
657 2965 811 3034 cujus
837 2965 1045 3020 obitum
1074 2980 1197 3019 cum
1227 2965 1344 3019 lues
1369 2962 1669 3033 inguiuaria
1701 2977 1795 3033 po-

189 3056 396 3127 pulum
422 3057 609 3125 prima:
635 3054 940 3110 Germania:
980 3053 1307 3118 devastaret,
1348 3061 1401 3106 et
1429 3067 1618 3106 omnes
1646 3051 1791 3105 Illic-

192 3146 415 3201 mensis
451 3144 742 3216 provincia:
789 3143 978 3197 incolae
1020 3141 1181 3210 hujus
1240 3141 1410 3196 eladis
1459 3150 1796 3196 terrerentur

1891 1956 2223 2017 tumcunque
2269 1961 2433 2017 super
2467 1962 2554 2002 me
2585 1947 2704 2001 auri
2749 1956 2855 2010 est,
2895 1948 2964 2000 ad
3005 1946 3315 2016 sepulcrum
3363 1945 3482 2015 ejus

1890 2037 2139 2107 projicite
2174 2054 2189 2091 :
2234 2037 2454 2107 peccavi
2492 2038 2664 2103 enim,
2705 2035 2998 2091 auferendo
3041 2051 3128 2092 res
3164 2037 3302 2107 ejus.
3330 2037 3487 2109 Aspi-

1890 2128 2041 2184 ciens
2064 2136 2243 2182 autem
2274 2128 2434 2182 dator
2474 2129 2650 2200 campi
2682 2130 2826 2184 hunc
2853 2146 2976 2185 cum
3027 2130 3345 2185 muneribus
3387 2131 3484 2185 de-

1894 2217 2047 2282 ferri,
2073 2217 2149 2270 ait
2175 2234 2190 2269 :
2221 2215 2298 2272 Ne
2317 2217 2572 2286 accipias,
2616 2233 2821 2288 quaeso,
2853 2226 3042 2275 sancte
3079 2220 3172 2274 Dei
3198 2260 3214 2285 ,
3256 2234 3484 2276 munera

1891 2308 2030 2380 ejus,
2061 2323 2184 2378 qua:
2218 2324 2496 2380 nunquam
2518 2310 2711 2380 cupide
2739 2310 2987 2381 accipere
3008 2311 3356 2366 consuevisti.
3403 2311 3484 2367 Ne

1893 2398 1990 2464 sis,
2027 2401 2311 2469 deprecor,
2348 2398 2563 2467 adjutor
2587 2399 2725 2469 ejus,
2765 2401 2857 2469 qui
2883 2399 3255 2456 inﬂammante
3280 2415 3484 2457 concu-

1891 2488 2180 2560 piscentia,
2223 2504 2405 2545 rerum
2434 2498 2643 2543 tuarum
2671 2503 2904 2558 nequam
2940 2505 3224 2560 possessor
3250 2491 3480 2546 exstitit.

1896 2577 2010 2634 Nec
2034 2580 2243 2634 distulit
2270 2589 2492 2635 sanctus
2514 2581 2705 2636 audire
2730 2596 2916 2637 vocem
2940 2584 3194 2654 pauperis
3215 2584 3319 2639 sui.
3348 2582 3484 2639 Nam

1897 2669 2058 2725 homo
2089 2669 2179 2724 ille
2225 2670 2354 2725 licet
2372 2668 2626 2739 jussisset
2655 2672 2769 2726 dari
2820 2687 3065 2738 munera,
3093 2674 3332 2729 ostendit
3354 2688 3487 2728 san-

1896 2771 2017 2818 ctus
2056 2763 2267 2817 Domini
2314 2778 2374 2819 se
2420 2762 2512 2818 illa
2542 2777 2651 2818 non
2694 2771 3028 2833 acceptasse.
3074 2762 3231 2819 Unde
3274 2764 3496 2820 rediens.

1895 2866 2154 2923 pervasor
2200 2853 2442 2921 domum,
2493 2852 2679 2909 amisit
2725 2853 3004 2923 spiritum,
3046 2854 3356 2926 recepitque
3380 2854 3492 2912 Εε-

1898 2946 2061 3001 clcsia
2093 2961 2180 3001 res
2205 2961 2349 3002 suas.

1971 3037 2154 3094 LXVI.
2195 3038 2418 3109 Sepulto
2439 3038 2727 3109 siquidem,
2765 3049 2824 3094 ut
2852 3038 3219 3109 praediximus,
3251 3051 3486 3111 corpore

1886 3122 2043 3185 ’beati
2072 3130 2302 3201 Remigii
2341 3130 2393 3185 in
2434 3129 2664 3185 ecclesia
2701 3130 2873 3185 sancti
2919 3128 3323 3200 Christophori,
3355 3145 3499 3186 cum,

195 3236 396 3290 auditu
419 3204 763 3299 [concurrit
791 3232 1180 3287 Rhemensinm
1230 3232 1457 3303 populus
1508 3232 1572 3286 ad
1619 3230 1792 3287 sancti
1823 3204 1867 3267 ο
1906 3221 2071 3276 multa
2106 3230 2161 3275 el
2186 3220 2450 3291 διηρεηὼι
2484 3221 2746 3276 ιῐιῑνιιουῐτι
2792 3221 2847 3277 in
2894 3222 3084 3277 eadem
3121 3222 3353 3279 ecclesia
3389 3238 3497 3293 per

195 3324 515 3395 sepulcrum
543 3365 558 3390 ,
605 3338 900 3395 congruum
946 3319 1105 3391 hujus
1145 3336 1322 3376 causa:
1345 3318 1590 3391 flagitare
1621 3335 1799 3376 rente-

197 3417 355 3472 dium
403 3428 451 3470 ι.
501 3416 764 3473 Accensis
810 3430 1026 3485 quoque
1071 3414 1279 3479 cereis,
1331 3414 1648 3486 lychnisque
1695 3429 1801 3469 non

194 3506 437 3577 paucis,
488 3506 705 3579 hymnis
751 3505 1083 3576 psalmisque
1131 3504 1441 3561 crelestibus
1485 3521 1584 3576 per
1633 3514 1800 3560 totam

196 3597 445 3651 excubat
477 3604 709 3650 noctem.
736 3595 891 3650 Mane
913 3604 1094 3650 autem
1120 3594 1286 3659 facto,
1321 3595 1450 3664 quid
1481 3594 1660 3649 adlmc
1685 3609 1806 3663 pre,

196 3687 355 3742 catui
388 3685 545 3745 desit,
578 3686 631 3739 in
658 3694 890 3740 tractatu
923 3685 1173 3740 rimatur.
1204 3685 1548 3756 Repererunt
1572 3686 1798 3748 etenim,

196 3774 487 3831 revelante
517 3774 649 3838 Deo,
678 3774 772 3843 qui
819 3783 1065 3829 sanctum
1103 3789 1258 3828 suum
1298 3774 1582 3829 mirificari
1628 3775 1800 3829 voluit

196 3867 349 3937 apud
402 3865 669 3931 homines,
708 3879 869 3936 quem
915 3866 1058 3935 apud
1100 3880 1160 3921 se
1204 3865 1495 3920 mirificum
1541 3866 1796 3932 habebat,

196 3957 445 4031 qualiter
475 3956 719 4014 oratione
737 3956 1040 4026 praemissa,
1071 3956 1248 4011 adhuc
1276 3954 1469 4025 majori
1491 3970 1801 4025 propugna-

197 4051 328 4106 culo
360 4046 511 4105 urbis
535 4047 938 4119 propugnacula
985 4047 1348 4102 munirentur.
1381 4047 1672 4117 Assumpta
1700 4044 1800 4117 igi-

200 4147 296 4194 tur
325 4138 467 4208 palla
497 4138 564 4193 de
593 4139 735 4194 beati
762 4137 1032 4208 sepulcro,
1075 4146 1406 4207 componunt
1430 4153 1551 4192 eam
1597 4137 1651 4191 in
1686 4152 1799 4192 mo-

197 4230 330 4285 dum
360 4229 582 4295 feretri;
623 4230 975 4299 accensisque
1013 4244 1177 4298 super
1200 4245 1391 4284 cruces
1431 4229 1608 4285 cereis
1636 4237 1799 4299 atque

197 4333 369 4390 super
385 4319 757 4385 ceroferariis,
780 4320 1083 4374 dantvoces
1112 4318 1166 4373 in
1194 4319 1440 4383 canticis,
1456 4318 1799 4375 circumeunt

196 4410 396 4466 urbem
428 4426 549 4485 cum
581 4411 736 4478 vicis,
780 4426 880 4467 nec
909 4420 1237 4482 praetereunt
1268 4411 1433 4466 ullum
1479 4412 1789 4481 hospitium,

199 4504 346 4571 quod
370 4518 481 4557 non
517 4502 619 4556 hac
650 4502 1026 4558 circumitione
1054 4501 1396 4556 concludant.
1437 4501 1576 4568 Quid
1604 4501 1794 4573 plura?

1905 3314 2098 3365 merita
2124 3309 2264 3381 ejus,
2290 3310 2500 3365 Domini
2524 3310 2699 3382 gratia
2731 3310 2942 3376 flerent,
2972 3312 3230 3382 ampliata
3259 3322 3316 3368 et
3340 3307 3493 3368 exal-

1904 3410 2015 3456 tata
2050 3409 2135 3457 est
2164 3401 2277 3473 ipsa
2303 3402 2550 3458 ecclesia.
2579 3402 2647 3456 Et
2689 3401 2831 3458 facta
2874 3412 3066 3475 crypta
3111 3413 3263 3459 retro
3286 3403 3488 3469 altare,

1905 3493 2150 3566 inquam
2189 3494 2577 3552 transferretur
2620 3510 2819 3566 corpus
2861 3495 3286 3562 sanctissimum,
3334 3492 3497 3552 αποθ-

1906 3601 2025 3642 sum
2047 3588 2217 3643 estde
2245 3586 2367 3644 loco
2390 3585 2443 3641 in
2471 3601 2579 3656 quo
2602 3595 2742 3651 erat,
2776 3587 2915 3642 utin
2949 3585 3147 3643 fossam
3199 3585 3399 3642 factam
3437 3585 3495 3640 in

1906 3687 2203 3734 memorata
2249 3690 2438 3750 crypta
2466 3678 2847 3746 deponeretur,
2885 3677 2980 3735 sed
3008 3678 3156 3734 nullo
3189 3679 3349 3735 modo
3378 3692 3499 3734 mo-

1905 3767 2017 3820 veri
2048 3767 2241 3835 potuit.
2275 3766 2701 3836 Superveniente
2746 3776 2925 3822 autem
2971 3778 3149 3835 nocte,
3192 3777 3248 3824 et
3291 3783 3492 3840 perno-

1902 3855 2177 3908 ctantibus
2215 3853 2474 3909 fratribus
2500 3855 2554 3908 in
2579 3855 2794 3924 hymnis
2821 3865 2878 3911 et
2913 3857 3161 3922 canticis,
3192 3858 3378 3913 multis
3402 3868 3499 3915 aea—

1903 3942 2081 3997 censis
2104 3942 2484 4007 luminaribus,
2514 3942 2661 3998 circa
2703 3945 2937 3999 mediam
2972 3955 3189 4001 noctem
3228 3955 3394 4017 seper
3436 3948 3492 4002 in

1900 4051 2090 4091 omnes
2120 4036 2296 4090 irrnit.
2327 4035 2394 4090 Et
2420 4034 2799 4107 evigilantibus
2827 4036 2931 4101 eis,
2956 4031 3211 4093 Calendis
3241 4036 3493 4096 Octobris

1899 4142 2021 4182 cum
2070 4127 2413 4183 sanctissimo
2455 4142 2683 4198 corpore
2728 4128 3037 4197 sepulcrum
3073 4129 3352 4184 inventum
3378 4139 3486 4194 est,

1899 4218 2158 4288 angelicis
2197 4219 2446 4275 manibus
2488 4220 2754 4290 positum,
2802 4221 2856 4275 in
2899 4220 3042 4278 fossa
3086 4230 3310 4294 cryptae,
3346 4230 3493 4278 retro

1899 4310 2070 4365 altare
2097 4310 2269 4365 factae.
2298 4309 2581 4382 Tantaque
2621 4311 2944 4382 evigilantes
2986 4315 3170 4370 odoris
3215 4315 3492 4371 suavitate

1898 4402 2086 4472 repleti
2121 4411 2246 4459 sunt
2267 4417 2456 4457 omnes
2487 4402 2576 4472 qni
2606 4403 2916 4469 adfuerant,
2952 4405 3269 4460 nt'humana
3300 4405 3498 4477 lingua

1897 4496 2001 4551 hoc
2028 4493 2178 4549 effari
2206 4509 2312 4549 non
2349 4493 2563 4549 valeat:
2602 4501 2657 4549 et
2692 4495 2771 4550 sic
2812 4510 2909 4565 per
2938 4504 3103 4551 totam
3145 4496 3286 4552 diem
3331 4505 3389 4553 et
3433 4495 3490 4552 in

199 4591 319 4649 Non
341 4603 470 4665 post
495 4594 691 4649 multos
710 4595 848 4657 dies,
880 4593 1015 4649 fines
1031 4594 1188 4663 hujus
1206 4593 1444 4649 civitatis
1467 4593 1793 4649 Rhemensis
1823 4562 1871 4621 θ
1899 4587 2197 4642 crastinum
2229 4585 2343 4656 ipse
2372 4584 2507 4640 odor
2532 4586 2587 4640 in
2618 4587 2809 4642 eadem
2846 4588 3075 4644 ecclesia
3106 4603 3491 4660 perseverave.

197 4680 317 4739 lues
356 4681 676 4753 aggreditur
709 4692 1026 4738 memorata.
1074 4682 1458 4738 Verumtamen
1507 4699 1679 4754 usque
1725 4684 1793 4739 ad

201 4788 325 4829 eum
352 4775 537 4830 locum
570 4774 855 4839 accedens,
887 4790 994 4843 quo
1037 4775 1180 4827 beati
1218 4776 1412 4845 pignus
1439 4777 1691 4839 accessit,
1723 4790 1789 4831 ac

201 4864 246 4919 si
272 4864 632 4920 constitutum
651 4873 899 4920 cerneret
926 4863 1241 4927 terminum,
1280 4864 1424 4917 intro
1450 4864 1656 4934 ingredi
1684 4863 1794 4918 ullo

202 4955 363 5010 modo
394 4969 502 5010 non
532 4962 616 5010 est
637 4969 768 5009 ansa
795 4973 808 5008 :
839 4953 933 5012 sed
957 4954 1120 5008 etiam
1148 4968 1268 5022 qua:
1295 4954 1347 5006 in
1377 4954 1640 5024 principio
1670 4970 1792 5023 per-
1824 4992 1829 4996 ς

200 5054 443 5111 vaserat,
469 5047 630 5118 hujus
653 5046 868 5101 virtutis
899 5045 1109 5116 repulsu
1145 5045 1380 5114 reliquit.
1410 5046 1511 5112 Qui
1539 5047 1790 5101 beatissi—

196 5151 327 5195 mus
355 5137 623 5211 pontifex,
654 5146 709 5193 et
748 5139 803 5192 in
845 5138 952 5191 vita
1001 5137 1266 5207 corporis,
1297 5145 1352 5189 et
1399 5145 1523 5204 post
1560 5137 1791 5203 obitum,

209 5229 349 5285 sicut
378 5229 610 5285 infirmis
646 5229 939 5285 sanitatum
970 5228 1200 5299 gratiam
1257 5226 1507 5292 reddidit,
1538 5226 1620 5282 sic
1647 5234 1702 5281 et
1734 5226 1791 5282 in

209 5333 526 5388 pervaseres
554 5321 852 5389 stepissime
881 5319 1023 5374 ultor
1047 5319 1274 5373 exstitit.

278 5408 461 5466 LXIV.
500 5410 633 5465 Erat
669 5410 813 5465 enim
850 5410 992 5463 haud
1023 5408 1211 5478 procul
1256 5424 1286 5461 a
1316 5407 1538 5464 basilica
1569 5423 1794 5479 campus

210 5498 409 5557 tellure
430 5501 692 5557 fecundus
717 5500 876 5573 (tales
905 5501 1051 5555 enim
1087 5500 1276 5554 incola:
1300 5499 1451 5555 oleas
1472 5498 1713 5569 vocant),
1736 5511 1792 5555 et

212 5586 303 5647 hic
326 5593 485 5649 datus
510 5595 683 5649 sancti
697 5593 933 5651 basilica:
959 5591 1151 5648 fuerat.
1169 5591 1338 5658 Quem
1362 5607 1502 5648 unus
1525 5607 1561 5648 e
1582 5594 1792 5649 civibus

1898 4678 1988 4733 rit.
2018 4678 2244 4748 Ipsaque
2272 4676 2359 4732 die
2388 4675 2758 4732 translationis
2789 4677 2931 4747 ejus,
2973 4695 3095 4734 cum
3130 4680 3330 4736 divinis
3377 4678 3493 4735 lan-

1896 4770 2053 4824 dibus
2082 4776 2293 4836 sumpta
2322 4778 2447 4822 sunt
2480 4768 2705 4838 reliquia
2744 4786 2774 4823 a
2809 4784 3035 4839 corpore
3078 4770 3243 4833 illius,
3291 4775 3358 4825 de
3393 4786 3491 4826 ca-

1895 4858 2037 4927 pillis
2067 4857 2317 4912 videlicet
2359 4856 2493 4925 ejus,
2537 4868 2594 4913 et
2636 4859 2843 4925 casula,
2876 4875 2939 4914 ac
2969 4858 3149 4913 tunica
3198 4860 3397 4928 ipsius:
3431 4870 3489 4915 et

1897 4948 2197 5003 involutum
2223 4956 2308 5004 est
2331 4963 2529 5018 corpus
2552 4950 2696 5005 illius
2714 4950 3004 5021 integrum,
3032 4951 3124 5004 sed
3147 4950 3482 5006 exsiccatum

1897 5038 1963 5092 de
1991 5039 2228 5095 hrandeo
2256 5041 2443 5096 rnbeo.
3444 5042 3453 5047 ’

1970 5130 2174 5186 LXVII.
2215 5130 2478 5188 Processu
2501 5132 2738 5205 denique
2769 5132 3027 5202 temporis
3062 5131 3324 5203 Pippinns
3366 5149 3486 5198 rex,

1897 5217 2073 5275 Caroli
2121 5221 2299 5291 Magni
2342 5232 2538 5292 pater,
2586 5221 2773 5277 volens
2799 5222 3060 5292 episcopii
3112 5223 3490 5279 Lauduneusis

1900 5312 2104 5378 villam,
2158 5328 2279 5382 qua:
2308 5313 2594 5368 Anisiacns
2631 5312 2865 5379 dicitur,
2902 5314 3149 5384 accipere
3196 5315 3354 5385 quasi
3385 5318 3521 5383 sub~

1902 5418 2088 5469 censu,
2133 5404 2273 5458 sicut
2303 5413 2359 5457 et
2397 5404 2535 5459 alias
2573 5405 2837 5474 quasdam
2883 5404 3110 5470 fecerat,
3158 5406 3308 5461 venit
3333 5406 3387 5460 in
3425 5419 3488 5461 ea

1902 5510 2144 5550 manere.
2174 5493 2273 5550 Ubi
2304 5510 2429 5550 cum
2469 5494 2755 5562 dormiret,
2811 5496 2961 5552 venit
2995 5496 3065 5551 ad
3099 5511 3225 5551 eum
3264 5505 3488 5553 sanctus

1900 5588 2198 5660 Remigius,
2234 5589 2420 5646 dicens
2444 5588 2567 5645 :‘Tu
2592 5590 2721 5661 quid
2747 5591 2835 5647 hic
2862 5590 3032 5647 facis?
3058 5590 3239 5658 Quare
3272 5591 3485 5648 intrasti

285 5785 318 5820 ⁸
352 5776 487 5837 Vide
535 5780 693 5853 (ἴτυς.
728 5782 929 5839 Turon.
957 5779 1024 5838 de
1066 5779 1215 5839 Glor.
1250 5778 1517 5848 confess,
1554 5796 1606 5836 c.
1658 5779 1756 5849 79,
1786 5780 1794 5835 J

1900 5820 1935 5847 .,
1970 5793 2059 5834 an.
2093 5774 2215 5831 565.
