4038 6322
551 357 691 413 H75

1367 320 1695 411 nthnAm
1735 353 1950 409 RHEM.
1990 352 2303 410 ARCHIEP.
2344 353 2711 412 OPUSCULA
2749 354 2980 411 vanu.

3671 369 3832 426 H76

553 473 608 528 in
636 472 773 527 hanc
797 470 980 528 villam
1010 487 1175 543 quam
1210 470 1342 525 mihi
1379 464 1712 525 te'devotior
1754 470 1915 525 homo
1959 471 2127 537 dedit,
2159 477 2208 535 Α
2235 473 2491 544 colligens
2516 489 2699 531 secum
2730 476 2953 544 detulit,
2981 495 3078 550 per
3106 496 3203 537 sua
3246 483 3563 539 habitacula
3601 489 3842 555 sparsit,

555 581 827 636 quamque
857 581 957 637 ego
982 565 1227 621 ecclesiae
1255 562 1486 619 domina:
1514 577 1647 617 mea:
1666 573 1870 618 sanctae
1897 563 1993 619 Dei
2023 562 2130 618 Ge-

560 659 775 716 nitricis
801 659 1034 714 donavi?
1060 657 1125 712 Et
1152 655 1443 728 flagellavit
1468 670 1594 709 eum
1636 657 1769 711 satis
1799 656 2024 720 duriter,
2057 657 2132 711 ita

555 762 621 811 ut
652 755 851 810 livores
888 751 1149 822 postea-in
1182 765 1407 821 corpore
1445 749 1559 818 ejus
1587 760 1860 820 parerent.
1895 752 1961 804 Et
2010 766 2134 805 cum

556 845 821 918 disparuit
866 843 1060 899 beatus
1110 841 1410 912 Remigius,
1463 841 1724 911 Pippinus
1772 842 2040 904 surrexit,
2071 857 2136 897 ac

557 936 732 991 valida
761 940 1043 1003 correptus
1069 931 1239 997 febre,
1281 932 1607 1001 quantocius
1637 932 1706 985 ab
1735 931 1850 1001 ipsa
1882 931 2006 985 villa
2053 947 2138 986 re-

555 1029 739 1083 cessit.
768 1026 973 1096 Dequa
1000 1024 1149 1079 febre
1192 1040 1297 1079 non
1346 1040 1515 1094 parvo
1562 1032 1805 1093 tempore
1848 1023 2130 1077 laboravit.

552 1117 897 1187 Etdeinceps
917 1116 1167 1186 princeps
1193 1114 1365 1185 regni,
1394 1128 1564 1183 usque
1598 1113 1666 1167 ad
1695 1115 1953 1168 moderna
2002 1125 2136 1168 tema

551 1224 709 1280 pora,
738 1209 808 1263 ibi
838 1223 946 1263 non
970 1207 1194 1271 mansit,
1225 1206 1367 1260 sicut
1390 1220 1491 1259 nec
1518 1206 1571 1260 in
1598 1204 1890 1261 Codiciaco
1935 1206 2020 1260 vel
2044 1205 2138 1261 «ιιι-

554 1299 715 1363 liaco,
744 1296 848 1352 nisi
877 1295 1184 1350 Ludovicus
1212 1309 1305 1349 rex
1333 1293 1660 1360 Germanias,
1710 1296 1930 1364 quando
1969 1311 2135 1365 super

555 1391 782 1444 fratrem
808 1403 963 1443 suum
1010 1387 1261 1442 Carolnm
1306 1402 1529 1457 regnum
1559 1385 1677 1454 ejus
1707 1387 1923 1453 invasit,
1963 1388 2014 1441 in
2044 1387 2133 1443 Ju-

554 1479 694 1535 liaco
722 1478 933 1541 mansit,
967 1486 1020 1533 et
1048 1479 1102 1532 in
1133 1478 1218 1533 die
1246 1476 1507 1542 crastina,
1545 1476 1778 1547 turpiter
1808 1486 1933 1531 ante
1963 1477 2136 1547 ipsum

551 1573 779 1648 fratrem
811 1570 1024 1641 fugiens
1060 1571 1150 1624 vix
1181 1570 1374 1651 evasit.

625 1659 851 1716 LXVIII.
893 1659 1085 1714 Nostra
1108 1666 1266 1715 aetate
1302 1658 1525 1714 colonus
1554 1658 1770 1728 quidam
1803 1657 1941 1711 villa:
1988 1655 2136 1711 Rhe-

552 1751 758 1808 mensis
789 1751 1204 1821 episcopii,quae
1229 1748 1480 1820 plumbea
1507 1748 1749 1805 Fontana
1780 1749 1996 1815 dicitur,
2029 1762 2137 1802 ma-

2232 574 2287 621 et
2309 576 2495 636 postea
2522 582 2747 638 serpens
2771 570 2851 624 eis
2877 571 2932 625 in
2960 571 3113 638 locis,
3144 575 3197 628 in
3229 577 3427 645 quibus
3462 578 3644 647 pulvis
3668 594 3839 648 spar-

2234 673 2328 712 sus
2356 657 2547 722 fuerat,
2575 674 2681 713 non
2708 662 2977 730 apparuit.
3006 663 3215 730 Quibus
3242 669 3480 722 ostensis
3515 670 3836 733 miraculis,

2235 746 2388 804 cert'o
2416 750 2618 805 indicio
2647 751 2901 823 colligere
2938 768 3257 824 possumus,
3284 759 3410 827 quia
3439 760 3484 813 si
3518 775 3631 815 non
3665 761 3841 814 haesi-

2234 849 2411 896 tantes
2443 842 2494 896 in
2546 840 2672 908 ﬁde,
2721 844 2777 898 in
2827 844 3263 903 tribulationibus
3309 850 3511 904 nostris
3563 850 3841 905 auxilium

2235 931 2410 987 sancti
2432 931 2662 1000 Remigii
2693 949 2759 989 ex
2788 934 2948 989 corde
2973 936 3309 1005 petierimus,
3331 947 3389 993 et
3416 938 3484 993 ab
3507 939 3843 1009 angelorum

2238 1022 2461 1088 Satane,
2488 1025 2580 1093 qui
2610 1023 2665 1078 in
2696 1034 2947 1095 serpente
2974 1037 3204 1083 matrem
3235 1028 3457 1083 humani
3482 1030 3709 1099 generis
3757 1029 3844 1082 al-

2237 1114 2447 1169 locutus
2499 1116 2788 1184 deceperat
2835 1115 2989 1186 (Gen.
3019 1119 3124 1187 ιιι),
3154 1118 3686 1184 infestinationibus,
3718 1130 3779 1175 et
3806 1135 3843 1173 a

2235 1221 2526 1276 pravorum
2560 1207 2838 1262 hominum
2866 1209 3336 1277 improbitatibus,
3363 1211 3489 1281 ejus
3522 1211 3751 1266 meritis
3787 1219 3847 1267 et

2236 1284 2717 1351 intercessionibus
2744 1297 3114 1353 Iiberabimur.

2309 1383 2492 1440 LXIX.
2520 1384 2786 1454 Tempore
2811 1384 3071 1441 Ludovici
3103 1388 3473 1458 imperatoris,
3496 1389 3611 1444 duo
3630 1387 3847 1445 fratres

2238 1475 2430 1532 Franci
2463 1477 2735 1531 forestarii
2770 1476 2906 1545 ejus,
2936 1479 3257 1535 invaserunt
3306 1490 3517 1551 portent
3559 1480 3629 1536 de
3676 1472 3844 1547 silva,

2238 1585 2397 1641 quam
2428 1571 2481 1625 in
2511 1570 2652 1626 saltu
2692 1571 2912 1643 Vosagi,
2943 1582 3005 1628 ut
3035 1587 3200 1643 supra
3225 1573 3589 1636 ostendimus,
3610 1584 3850 1628 sanctus

2240 1663 2516 1733 Remigius
2563 1662 2618 1717 in
2660 1663 2771 1718 vita
2825 1679 2921 1719 sua
2966 1666 3141 1734 pretio
3184 1676 3647 1734 comparaverat,
3700 1666 3847 1720 intra

2238 1755 2395 1819 ﬁnes,
2424 1754 2665 1810 dicentes
2701 1756 2848 1824 quod
2900 1755 3021 1825 plus
3090 1757 3388 1826 pertineret
3430 1755 3569 1812 silva
3620 1757 3726 1811 ilh
3779 1758 3848 1811 ad

550 1841 890 1912 nebat-juxta
920 1839 1109 1895 ﬁscum
1133 1840 1362 1910 regium,
1390 1839 1483 1908 qui
1531 1839 1763 1894 Rosetus
1806 1848 2055 1902 vocatur,
2082 1848 2138 1892 et
2166 1827 2210 1886 Β
2241 1846 2430 1901 ﬁscum
2457 1845 2820 1915 impcmorgs,
2844 1859 3005 1914 quam
3032 1845 3098 1898 ad
3130 1855 3338 1914 partem
3371 1847 3549 1900 sane“
3578 1845 3842 1915 δεωῖείί.

550 1946 655 1988 nec
680 1930 983 2002 peculium,
1043 1944 1143 1984 nec
1196 1944 1451 1994 messem,
1503 1928 1587 1982 vel
1643 1936 1857 1998 pratum
1918 1935 2139 1998 pr0pter

553 2020 919 2075 fiscalinorum
974 2017 1374 2073 infestationem
1428 2018 1609 2087 quiete
1653 2018 1855 2072 habere
1908 2017 2134 2072 valebat.

490 2154 503 2161 -
553 2109 710 2165 Unde
734 2105 1160 2177 sarpejustitiam
1191 2106 1331 2175 apud
1359 2107 1540 2176 regios
1562 2107 1941 2161 ministeriales
1962 2108 2135 2177 petiit,

551 2212 716 2268 quam
742 2196 987 2251 obtinere
1011 2209 1116 2249 non
1138 2194 1335 2263 potuit.
1368 2194 1608 2250 Tandem
1639 2195 1842 2251 invenit
1870 2195 1972 2251 sibi
1999 2196 2140 2251 salu-

550 2293 651 2347 bre
680 2288 987 2346 consilium.
1028 2286 1163 2341 Nam
1194 2288 1340 2342 coxit
1364 2301 1534 2357 panes
1561 2296 1616 2341 et
1644 2303 1868 2354 carnes,
1892 2296 1946 2341 et
1980 2303 2137 2343 acce-

549 2381 632 2451 pit
660 2364 945 2433 cervisiam
982 2379 1036 2432 in
1071 2379 1327 2443 vasculis,
1354 2380 1514 2447 prout
1540 2378 1732 2447 potuit.
1782 2378 1912 2444 Quae
1957 2379 2140 2433 omnia

553 2471 608 2526 in
648 2484 805 2535 vase,
852 2470 996 2540 quod
1045 2470 1204 2541 vulgo
1248 2469 1425 2525 benna
1474 2470 1692 2534 dicitur,
1736 2470 2037 2534 collocavit,
2089 2478 2145 2524 et

551 2574 709 2615 carro
737 2559 1081 2630 superposuit
1112 2575 1127 2613 :
1166 2560 1352 2629 sicque
1386 2560 1590 2631 junctis
1640 2561 1835 2625 bobus,
1857 2560 2141 2616 candelam

548 2650 605 2705 in
636 2666 798 2705 manu
826 2651 1053 2719 habens,
1083 2653 1151 2708 ad
1176 2652 1456 2708 basilicam
1487 2652 1658 2708 sancti
1687 2653 1915 2724 Remigii
1952 2668 2143 2723 prope-

551 2742 711 2796 ravit.
745 2741 861 2809 Quo
890 2743 1235 2813 perveniens,
1264 2746 1331 2799 de
1352 2759 1492 2813 pane
1521 2752 1576 2799 et
1601 2759 1765 2799 carne
1799 2759 1863 2799 ac
1907 2743 2138 2799 cervisia

551 2832 955 2888 matricularios
988 2834 1156 2903 pavit,
1183 2834 1465 2889 candelam
1509 2835 1577 2889 ad
1621 2834 1928 2905 sepulcrum
1967 2831 2141 2887 sancti

546 2925 753 2995 posuit,
781 2933 837 2981 et
867 2924 984 2994 ejus
1012 2926 1272 2980 auxilium
1294 2935 1481 2981 contra
1508 2922 1881 2997 opprimentes
1903 2939 1962 2979 se
1987 2923 2142 2979 ﬁsca-

551 3017 696 3072 linos
722 3018 969 3087 expetiit.
1001 3016 1283 3073 Pulverem
1311 3032 1525 3088 quoque
1549 3019 1615 3074 de
1638 3019 1945 3088 pavimento
1966 3017 2141 3072 eccle-

550 3108 668 3174 siae,
701 3117 961 3177 quantum
991 3108 1191 3195 valuit,
1219 3108 1456 3179 collegit,
1500 3118 1556 3164 et
1603 3110 1657 3164 in
1709 3124 1888 3179 panno
1933 3109 2138 3180 ligavit,

550 3391 762 3434 etcum
794 3393 954 3434 carro
984 3394 1083 3434 suo
1121 3380 1188 3433 ad
1232 3379 1451 3449 propria
1496 3380 1778 3433 remeavit.
1824 3378 2143 3446 Quicunque

549 3476 731 3525 autem
760 3470 827 3524 de
855 3468 1200 3524 obviantibus
1236 3483 1362 3522 eum
1414 3468 1843 3536 interrogabant,
1895 3467 2025 3538 quid
2088 3467 2143 3521 in

554 3558 652 3615 illo
674 3574 836 3614 carro
873 3560 1118 3621 duceret,
1150 3558 1428 3627 respondit
1458 3573 1517 3612 se
1546 3568 1791 3613 sanctum
1835 3558 2140 3629 Remigium

554 3646 778 3703 dueere.
830 3648 898 3703 Et
944 3649 1352 3703 admirabantur
1397 3663 1587 3703 onmes
1640 3649 1693 3702 in
1724 3648 1867 3707 dicto
1919 3657 1974 3704 et
2002 3647 2145 3704 facto

550 3735 731 3805 illius,
778 3746 1033 3808 putantes
1083 3738 1418 3794 illumlesse
1471 3749 1762 3793 amentem.
1824 3736 2144 3793 Perveniens

530 3838 735 3884 autem
769 3843 894 3884 cum
925 3828 1113 3884 eodem
1153 3844 1312 3884 carro
1357 3829 1411 3883 in
1467 3838 1683 3898 pratum
1740 3843 1917 3891 suum,
1968 3829 2022 3882 in
2075 3842 2142 3883 co

551 3929 801 3989 pastores
825 3928 1112 3991 pascentes
1142 3919 1340 3975 diversi
1368 3920 1583 3991 generis
1614 3919 1867 3973 animalia
1906 3918 1973 3973 de
2011 3916 2143 3973 ﬁsco

550 4013 756 4069 Roseto
785 4012 991 4068 invenit
1018 4030 1033 4067 :
1066 4021 1123 4067 et
1149 4013 1398 4067 invocato
1427 4018 1616 4066 sancto
1637 4009 1906 4081 Remigio,
1932 4018 1997 4073 ut,
2017 4026 2141 4065 eum

554 4113 746 4160 contra
773 4119 1127 4176 oppressores
1155 4118 1282 4159 suos
1316 4102 1614 4172 adjuvarct,
1655 4111 1937 4171 coeperunt
1976 4102 2142 4157 boves

551 4195 815 4254 et'vaccm
839 4212 960 4252 cum
991 4196 1243 4251 maximis
1274 4193 1567 4264 mugitibus
1606 4195 1832 4249 invicem
1859 4197 1916 4248 8e
1957 4194 2140 4249 corni-

551 4273 658 4342 bus
680 4287 978 4357 impetere;
1018 4285 1155 4343 hirci
1191 4285 1393 4347 hircos,
1436 4299 1613 4354 capra:
1659 4298 1852 4353 capras
1886 4284 2143 4338 cornibus

550 4379 904 4450 impugnare;
933 4380 1084 4446 porci
1129 4393 1250 4445 cum
1298 4376 1478 4447 porcis
1532 4376 1862 4444 conﬂigere;
1891 4391 2142 4431 verveces

550 4472 1035 4529 cumvervccibus
1072 4486 1131 4526 se
1161 4470 1436 4530 collidere,
1489 4477 1734 4539 pastores
1785 4483 1845 4523 se
1907 4468 2141 4522 fustibus
2168 4511 2219 4570 Β

551 4570 610 4618 et
637 4560 831 4631 pugnis
854 4568 1041 4614 mutuo
1070 4569 1373 4629 percutere.
1416 4560 1483 4614 Et
1522 4560 1701 4614 levato
1752 4560 1987 4614 maximo
2032 4568 2144 4613 lur-

550 4652 682 4708 bine
708 4661 984 4721 pastores,
1015 4650 1277 4720 ejulantes
1328 4650 1582 4705 animalia
1637 4650 1931 4706 secundum
1975 4666 2144 4720 genus

552 4760 711 4799 suum
741 4758 864 4799 cum
887 4744 1126 4797 maximo
1152 4743 1329 4799 sonitu
1375 4751 1432 4797 et
1474 4742 1697 4810 strepitu
1749 4742 1819 4795 ita
1861 4750 2145 4812 cmperunt

551 4849 744 4889 versus
772 4831 1031 4887 Rosetum
1056 4830 1264 4902 fugere,
1294 4847 1357 4887 ac
1389 4831 1434 4886 si
1465 4833 1695 4886 maxima
1732 4832 2019 4887 multitudo
2064 4832 2144 4885 in-

554 4921 899 4993 sequentium
929 4935 1024 4976 eos
1054 4936 1177 4976 cum
1229 4919 1455 4991 ﬂagellis
1501 4931 1936 4991 persequeretur.
1988 4921 2141 4988 Quod

549 5012 798 5068 videntes
822 5019 876 5067 et
906 5012 1187 5067 audientes
1204 5010 1454 5078 ﬁscalini,
1469 5012 1636 5066 nimio
1656 5021 1862 5067 terrore
1882 5013 2139 5081 perculsi,

524 5117 663 5177 ,non
691 5090 1017 5174 putaverunt
1041 5120 1100 5160 se
1138 5104 1222 5160 vel
1251 5120 1354 5159 una
1384 5107 1514 5160 hora
1545 5105 1729 5159 vivere
1765 5119 1942 5173 posse.
1989 5104 2141 5159 Unde

528 5194 837 5250 'correcti'a
860 5198 1279 5265 praesumptione
1310 5209 1430 5258 sua,
1464 5195 1532 5248 ab
1562 5192 1852 5248 alllictione
1891 5195 2142 5263 pauperis

553 5287 729 5343 sancti
759 5287 988 5358 Remigii
1020 5287 1154 5342 adeo
1176 5297 1527 5343 cessaverunt
1553 5297 1610 5343 ut
1637 5289 1975 5359 postmodum
2001 5289 2141 5344 idem

552 5392 762 5447 pauper
793 5378 953 5431 homo
988 5377 1212 5446 pacifice
1237 5387 1292 5432 et
1317 5382 1435 5434 sine
1486 5379 1856 5449 inquietudine
1901 5380 2145 5448 posside-

554 5476 641 5524 ret
667 5483 786 5524 sua.
814 5466 881 5522 Et
915 5483 1171 5536 quotnam
1215 5468 1371 5539 juxta
1415 5468 1635 5525 fluvium
1683 5468 1873 5525 Saram
1924 5470 1978 5524 in
2027 5471 2145 5526 loco

557 5558 735 5614 lutoso
765 5560 1037 5623 manebat,
1067 5562 1359 5616 maximam
1391 5562 1696 5617 molestiam
1727 5564 1783 5617 in
1830 5562 1942 5618 suis
1985 5561 2144 5617 habi-

557 5650 754 5705 taculis
782 5666 812 5703 a
844 5652 1184 5721 serpentibus
1207 5654 1529 5710 sustinebat.
1563 5656 1664 5723 Qui
1707 5657 1978 5727 accipiens
2028 5657 2146 5727 pul-

561 5753 745 5794 verem
768 5756 929 5811 quem
956 5744 1022 5799 de
1056 5746 1365 5813 pavimento
1406 5749 1648 5806 ecclesice
1696 5752 1869 5809 sancti
1911 5749 2146 5823 Remigii

2239 1933 2745 1989 Contradicentibns
2765 1940 2948 1988 autem
2970 1934 3281 1990 hominibus
3305 1934 3374 1990 de
3395 1943 3682 2005 potestate
3702 1933 3846 1988 Rha
3868 1924 3871 1925 ⁷

2240 2028 2445 2082 mensis
2487 2026 2731 2082 ecclesiae
2776 2042 2915 2081 unus
2959 2041 3148 2082 eorum
3205 2026 3523 2083 altercando
3572 2029 3739 2082 venit
3780 2028 3844 2081 ad

2241 2134 2439 2191 porcos
2472 2135 2618 2185 suos,
2645 2134 2781 2190 quos
2807 2119 2860 2174 in
2888 2120 3134 2175 eamdem
3178 2120 3373 2176 silvam
3416 2121 3485 2175 ad
3534 2122 3842 2191 pastinaca:

2241 2213 2485 2278 miserat,
2517 2214 2657 2267 inter
2680 2227 2816 2283 quos
2842 2212 3024 2282 lupum
3055 2213 3282 2268 invenit.
3330 2213 3508 2281 Quem
3541 2215 3844 2270 ascendens

2242 2318 2462 2372 equum,
2490 2303 2750 2359 velociter
2772 2312 2855 2357 est
2898 2303 3193 2359 insecutus.
3244 2304 3311 2359 Et
3337 2304 3534 2359 volens
3561 2320 3695 2359 eum
3724 2322 3839 2374 per-

2243 2406 2446 2458 cutere,
2487 2409 2626 2464 equo
2666 2404 3060 2463 expavesccute
3105 2393 3302 2449 collisit
3347 2404 3520 2463 caput
3565 2394 3638 2449 ad
3683 2410 3841 2448 unum

2243 2482 2440 2538 fustem
2470 2483 2536 2538 de
2564 2483 2679 2552 ipsa
2705 2482 2840 2537 silva
2868 2523 2883 2547 ,
2913 2482 2989 2537 ita
3016 2491 3077 2537 ut
3098 2483 3384 2539 cerebrum
3428 2483 3588 2538 illius
3636 2484 3694 2538 in
3744 2495 3843 2538 ter-

2245 2588 2361 2626 ram
2393 2571 2678 2628 defluxerit
2705 2590 2718 2625 :
2746 2581 2800 2628 et
2840 2581 3090 2628 mortuus
3141 2583 3245 2628 est.
3298 2573 3502 2629 Frater
3548 2589 3687 2628 vero
3733 2576 3847 2644 ejus

2245 2665 2458 2719 concite
2518 2680 2747 2737 pergens
2800 2664 2853 2720 in
2904 2676 3115 2735 partem
3163 2665 3415 2729 alteram,
3467 2668 3733 2735 pervenit
3780 2666 3843 2719 ad

2244 2755 2534 2824 quamdam
2575 2766 2806 2824 petram,
2855 2764 2912 2810 et
2968 2754 3106 2809 dixit
3139 2773 3153 2809 :
3185 2753 3457 2810 Omnibus
3510 2766 3708 2811 notum
3756 2757 3841 2821 sit,

2245 2844 2372 2914 quia
2396 2860 2565 2915 usque
2587 2846 2654 2899 ad
2680 2846 2820 2900 hanc
2841 2844 3052 2915 petram
3071 2853 3155 2900 est
3179 2845 3281 2900 ista
3305 2845 3444 2900 silva
3473 2847 3841 2917 imperatoris.

2246 2935 2456 2990 Etcum
2488 2943 2795 3004 percuteret
2840 2935 3088 2991 eamdem
3120 2944 3329 3005 petram
3364 2936 3646 2992 delatori:
3680 2952 3833 3006 quam

2246 3025 2299 3079 iu
2329 3041 2491 3079 morm
2521 3025 2798 3095 portabat,
2842 3025 3161 3080 exsilierunt
3206 3024 3273 3079 ab
3322 3024 3417 3079 illa
3461 3026 3749 3094 particula:
3792 3027 3843 3079 in

2202 3169 2213 3189 ,
2246 3116 2422 3172 oculis
2445 3116 2581 3185 ejus,
2612 3125 2667 3171 et
2699 3126 3002 3171 excaecatus
3030 3124 3135 3171 est.
3163 3115 3365 3186 Sicque
3416 3116 3590 3172 ambo
3635 3132 3847 3187 recepe-

552 3198 687 3253 etin
717 3168 1029 3267 praedictam
1054 3180 1287 3255 bennam
1321 3168 1485 3259 misit,
1515 3208 1571 3254 et
1612 3168 1842 3269 desuper
1891 3168 2138 3264 Iinfeum,
2170 3168 2213 3229 Ο
2246 3223 2373 3269 rum
2404 3192 2413 3267 ί

548 3288 693 3345 sicut
714 3303 877 3360 supra
901 3304 1097 3359 corpus
1126 3290 1323 3344 mortui
1354 3288 1597 3345 all‘ectari
1628 3289 1787 3356 solet,
1814 3289 2140 3360 composuit,
2218 3340 2219 3343 η

2246 3223 2373 3269 runt
2404 3214 2708 3269 mercedem
2737 3212 3172 3282 praesumptionis
3197 3221 3253 3265 ct
3288 3212 3566 3267 mendacii
3597 3213 3702 3266 sui.

2315 3303 2476 3359 LXX.
2504 3304 2731 3369 Quidam
2754 3303 2837 3356 vir
2864 3302 3065 3357 nobilis
3098 3301 3166 3357 de
3191 3302 3472 3357 territorio
3503 3302 3845 3361 Nivernensi.

2242 3394 2481 3449 obtentis
2510 3392 2753 3461 reliquiis
2780 3391 2844 3445 Β.
2881 3390 3133 3461 Remigii,
3166 3392 3470 3446 oratorium
3505 3392 3562 3445 in
3593 3390 3723 3459 ejus
3758 3390 3849 3444 ho-

2244 3502 2378 3541 nore
2433 3486 2487 3539 in
2534 3483 2869 3556 proprietate
2919 3498 3016 3539 sua
3054 3483 3346 3538 :cdiﬁcavit
3391 3481 3534 3537 :ubi
3584 3481 3851 3536 Dominus

2244 3577 2445 3631 multas
2467 3576 2696 3630 virtutes
2720 3589 2819 3644 per
2839 3575 3033 3629 merita
3060 3574 3234 3644 ipsius
3264 3572 3439 3628 sancti
3461 3572 3546 3626 sui
3579 3572 3845 3627 ostendit.

2242 3667 2377 3720 Cum
2410 3675 2589 3720 autem
2619 3664 2874 3720 defuncto
2895 3664 3172 3719 Ludovico
3201 3665 3553 3734 imperatore,
3586 3663 3846 3733 Aquitani

2244 3757 2507 3828 gentilitia
2568 3757 2868 3813 mobilitate
2922 3758 3128 3827 absque
3170 3756 3304 3827 jngo
3349 3756 3643 3827 principis,
3692 3764 3845 3826 prout

2245 3849 2473 3917 quisque
2501 3857 2738 3918 poterat,
2776 3864 2834 3903 se
2861 3848 3082 3914 efferre,
3111 3857 3167 3902 et
3195 3848 3264 3901 ad
3302 3847 3544 3902 invicem
3577 3861 3842 3918 pugnare,

2244 3954 2309 3993 ac
2335 3954 2431 4008 per
2461 3939 2744 4009 contiguos
2791 3953 2957 4009 pagos
2995 3937 3320 3992 debacchari
3360 3944 3674 4005 creperum,
3722 3951 3847 4005 pau-

2244 4042 2404 4103 peres
2449 4028 2700 4084 homines
2748 4028 3143 4102 ‘substantiolas
3193 4042 3322 4083 suas
3355 4027 3409 4080 in
3455 4026 3721 4081 ccclesiis
3762 4040 3845 4079 re-

2244 4103 2445 4193 ponere
2470 4123 2816 4176 studuerunt.
2842 4119 2997 4175 Unde
3020 4119 3230 4176 confusi.
3260 4120 3522 4188 opinione
3555 4118 3844 4179 virtutum,

2245 4228 2365 4282 qua:
2392 4212 2463 4267 ibi
2488 4212 2709 4277 fiebant,
2735 4211 2802 4265 ad
2829 4210 3144 4266 salvandum
3172 4225 3272 4264 sua
3300 4210 3352 4264 in
3375 4209 3568 4263 eodem
3601 4207 3847 4263 oratorio

2244 4304 2447 4374 quique
2491 4311 2764 4372 poterant,
2806 4302 3052 4358 certatim
3103 4309 3486 4370 reposuerant.
3548 4299 3847 4354 Audientes

2249 4403 2431 4449 autem
2457 4394 2740 4463 prmdones
2762 4393 2903 4447 idem
2934 4391 3233 4446 oratorium
3262 4390 3449 4444 multis
3480 4390 3843 4460 plurimorum

2245 4484 2437 4552 Opibus
2471 4484 2725 4539 refertum
2752 4482 2990 4553 aggressi
3018 4488 3143 4537 sunt
3171 4496 3268 4537 eas
3297 4479 3568 4549 deripere.
3605 4480 3843 4546 Quorum

2251 4574 2393 4630 unus
2440 4575 2749 4629 obseratum
2797 4574 2998 4629 ostium
3044 4574 3181 4642 pede
3219 4572 3512 4642 percussit,
3562 4581 3631 4624 ut
3676 4584 3842 4623 seram

2252 4665 2583 4737 effringeret,
2611 4675 2668 4721 et
2700 4680 2824 4719 mox
2862 4665 3036 4719 eidem
3060 4664 3203 4719 ostio
3230 4678 3327 4733 pes
3353 4660 3474 4729 ejus
3512 4660 3771 4722 adhaesit,
3794 4666 3844 4711 et

2254 4762 2543 4829 resupinus
2580 4765 2940 4828 praesumptor
2978 4757 3030 4810 in
3069 4765 3269 4810 terram
3306 4754 3528 4810 cecidit.
3570 4754 3732 4820 Quod
3772 4752 3844 4805 si-

2253 4850 2443 4903 dentes
2481 4847 2592 4912 alii,
2628 4847 2971 4917 aufugerunt.
3016 4845 3133 4913 Ipse
3165 4854 3344 4899 autem
3389 4844 3560 4898 miser
3603 4843 3842 4899 cruciatu

2252 4949 2506 5009 cogente,
2557 4954 2680 4992 cum
2725 4937 2964 4991 maximo
2998 4934 3199 5003 ejulatu
3237 4934 3404 5002 coepit
3443 4933 3665 5004 culpam
3696 4947 3841 4987 suam

2247 5030 2430 5094 fateri,
2454 5039 2509 5084 et
2539 5045 2662 5084 cum
2697 5028 2953 5100 lacrymis
2977 5028 3339 5082 amarissimis
3359 5026 3607 5095 proﬁteri
3640 5025 3779 5096 quod
3797 5022 3840 5077 si

2220 5164 2232 5178 ι
2248 5123 2392 5177 Deus
2414 5138 2511 5192 per
2533 5121 2723 5177 merita
2750 5119 2805 5175 S.
2837 5119 3066 5190 Remigii
3090 5118 3279 5188 pedem
3304 5117 3449 5172 illius
3469 5118 3541 5171 ab
3565 5117 3685 5186 ipso
3702 5128 3839 5170 com-

2248 5213 2388 5282 pede
2431 5213 2690 5275 solveret,
2723 5225 3001 5279 nunquam
3033 5208 3261 5265 ulterius
3297 5209 3363 5263 de
3391 5209 3508 5279 ipsa
3535 5210 3621 5264 vel
3650 5209 3715 5263 de
3742 5207 3838 5260 alia

2250 5301 2480 5356 ecclesia
2505 5301 2801 5370 quidquam
2823 5299 3058 5363 tolleret,
3083 5299 3164 5353 vel
3195 5297 3329 5361 tolli,
3361 5309 3629 5366 quantum
3656 5314 3707 5351 ιι.
3732 5297 3841 5365 ipso

2252 5399 2420 5456 esset,
2442 5390 2552 5444 ullo
2576 5391 2737 5446 modo
2761 5388 3114 5446 consentiret.
3148 5387 3428 5444 Caballum
3454 5401 3677 5458 quoque
3692 5400 3839 5442 suum

2254 5497 2377 5535 cum
2411 5482 2540 5536 sella
2565 5491 2621 5538 et
2667 5482 2773 5537 alia
2799 5496 2922 5551 qua:
2948 5481 3147 5552 potuit,
3180 5481 3246 5536 ad
3278 5482 3527 5536 eamdem
3561 5479 3840 5537 ecclesiam

2255 5573 2479 5628 donavit
2510 5590 2524 5627 :
2557 5574 2747 5642 sicque
2782 5581 2907 5641 post
2944 5571 3345 5627 confessionem
3382 5579 3439 5626 et
3470 5572 3743 5641 Iacryrnas
3767 5574 3841 5621 at-

2256 5680 2364 5735 que
2401 5665 2790 5734 professionem
2832 5673 2887 5719 et
2923 5674 3131 5732 votum,
3174 5680 3271 5736 pes
3305 5663 3421 5735 ejus
3457 5664 3530 5721 ab
3566 5664 3728 5725 ostio,
3757 5660 3837 5715 cui

2256 5756 2568 5827 inbmserat,
2613 5766 2699 5815 cst
2725 5756 2953 5828 solutus.
2983 5756 3369 5817 Verumtamen
3401 5766 3586 5829 postea
3623 5756 3690 5813 de
3729 5748 3836 5823 ipso
