4038 6322
558 347 698 402 N79

1364 339 1693 396 [INCMARI
1733 336 1949 393 RHESI.
1986 334 2303 393 ARCHIEP.
2343 336 2711 397 OPUSCULA
2750 336 2989 394 VARIA.

3679 341 3825 399 ιιεο

556 488 758 531 annum
789 436 1082 540 integrum,
1110 464 1291 521 dolore
1334 462 1574 517 dentium
1600 501 1614 525 ,
1664 462 1801 516 adeo
1828 460 1916 514 die
1938 465 2129 512 noctu-
2159 457 2205 515 Α
2231 450 2514 517 conclusit,
2539 452 2734 521 quibus
2761 453 2940 510 cibum
2966 459 3022 509 et
3054 462 3239 523 potum
3259 453 3376 509 dari
3421 454 3695 527 pra-epit
3718 457 3827 527 (IV

557 584 664 641 que
686 566 1002 628 vexabatur,
1024 568 1082 615 ut
1103 572 1318 614 sensum
1338 569 1452 622 pra:
1472 554 1638 608 nimio
1653 553 1840 608 dolore
1865 559 2134 641 metueret

555 640 805 734 perdere.
853 655 1103 724 Quidum
1133 648 1370 721 episcopi
1423 646 1478 702 in
1526 644 1912 734 compositione
1960 640 2134 697 sancti

558 732 804 823 corporis
832 744 1192 804 intenderent,
1216 736 1489 795 maxillam
1528 737 1581 790 in
1610 748 1713 803 qua
1755 732 1941 788 dolore
1964 744 2132 784 vexa-

552 850 738 909 batur,
778 842 896 895 loco
923 838 975 892 in
1002 848 1110 904 quo
1141 844 1337 901 corpus
1365 835 1608 882 sanctum
1647 823 1894 891 jacuerat
1918 862 1934 885 ,
1962 834 2133 890 appoo

557 936 665 989 suit
689 950 703 997 ;
735 938 789 983 et
825 941 947 981 mox
976 923 1043 979 ab
1070 923 1186 992 ipso
1208 919 1392 973 dolore
1423 916 1703 977 liberatus,
1727 912 1983 979 deinceps
2006 910 2134 963 den-

556 1021 688 1077 tium
722 1015 962 1070 dolorem
1010 1026 1117 1065 non
1146 1008 1336 1070 sensit,
1366 1007 1506 1061 sicut
1530 1013 1655 1073 post
1676 1001 1863 1072 viginti
1896 1000 2135 1069 quinque

556 1126 726 1169 annos
752 1108 895 1163 idem
947 1104 1151 1159 referre
1188 1101 1418 1155 curavit.
1458 1098 1523 1151 Et
1552 1096 1668 1165 ipso
1691 1094 1778 1148 die
1805 1094 1857 1145 in
1900 1091 2133 1160 quodam

554 1204 814 1263 oratorio,
845 1199 939 1255 ubi
964 1194 1222 1252 memoria
1250 1192 1392 1247 beati
1418 1187 1648 1259 Remigii
1679 1185 1898 1247 colitur,
1922 1183 1975 1237 in
1997 1197 2134 1252 pago

556 1294 841 1355 Rihuario,
883 1290 989 1345 duo
1016 1283 1277 1342 contracti
1305 1280 1477 1336 sanati
1505 1277 1742 1332 fuerunt.
1790 1275 1867 1329 Ex
1896 1284 2135 1343 tempore

556 1386 775 1457 quidem
820 1381 1008 1451 prima:
1041 1391 1105 1431 ac
1152 1373 1400 1431 secundm
1448 1368 1832 1428 translationis,
1882 1365 2041 1420 sicuti
2079 1372 2134 1418 et

559 1486 702 1539 ante,
748 1473 929 1528 multce
961 1479 1016 1526 et
1045 1468 1285 1538 insignes
1311 1465 1540 1518 virtutes
1588 1461 1640 1515 in
1679 1460 1868 1516 eodem
1894 1458 2015 1512 loco
2041 1470 2135 1527 per

560 1568 727 1638 ipsius
752 1565 921 1620 sancti
972 1560 1163 1616 merita
1205 1574 1269 1613 ex
1308 1555 1537 1611 diversis
1562 1552 1963 1608 infirmitatibus
2010 1556 2135 1604 sunt

557 1663 810 1726 operate.
842 1652 985 1719 Quas
1025 1650 1238 1719 quidem
1271 1647 1532 1701 habemus
1552 1643 1873 1712 descriptas,
1913 1640 2008 1696 sed
2044 1639 2133 1694 hic

556 1755 778 1819 propter
804 1742 1164 1813 pluralitatem
1185 1780 1201 1803 ,
1233 1747 1287 1794 et
1315 1739 1440 1807 quia
1464 1736 1660 1807 sacpius
1696 1734 1892 1789 ibidem
1944 1741 2130 1789 osteno

557 1838 778 1897 duntur,
806 1832 1087 1888 omisimus
1115 1843 1334 1900 ponere.

628 1925 861 1983 LXXIV.
887 1923 1019 1989 Quia
1033 1937 1099 1976 ex
1129 1919 1352 1988 digestis
1364 1914 1652 1970 virtutibus
1673 1911 2134 1967 abundantissime

556 2020 746 2080 claret.
778 2031 937 2087 quam
959 2013 1154 2082 insigni
1197 2011 1346 2064 illum
1370 2009 1627 2063 Dominus
1654 2004 1821 2075 gloria
1847 2013 1903 2060 et
1928 2004 2134 2058 honore

557 2112 808 2179 dignatus
837 2110 907 2162 sit
934 2118 1215 2167 coronare,
1259 2109 1314 2155 et
1341 2108 1400 2153 ut
1428 2107 1545 2154 erat
1573 2099 1627 2152 in
1657 2104 1946 2166 conspectu
1991 2094 2129 2163 ejus,

556 2201 859 2258 mirabilem
923 2195 1234 2253 hominibus
1296 2194 1711 2248 demonstrare:
1781 2189 1847 2243 de
1910 2186 2130 2255 quibus,

566 2292 763 2348 fratres
786 2287 1091 2345 charissimi
1114 2327 1129 2350 ,
1156 2285 1308 2341 brevi
1354 2284 1562 2354 epilogo
1602 2283 1845 2350 quzedam
1889 2291 2129 2332 comme-

555 2396 871 2439 moremus:
924 2388 985 2434 ut
1023 2375 1485 2444 contemplemur,
1532 2370 1765 2441 qualiter
1813 2370 1904 2423 hic
1931 2366 2133 2420 beatis-

555 2475 727 2530 simus
755 2481 1017 2543 patronus
1047 2473 1405 2537 τιο,ριόιεεῑοι·
1428 2471 1628 2525 ηοειθιθ,
1681 2466 1989 2515 sanctorum
2022 2465 2128 2510 tam

555 2563 767 2619 Veteris
819 2576 980 2632 quam
1040 2557 1174 2613 Novi
1237 2553 1605 2615 Testamenti,
1654 2550 1868 2605 Patrum
1914 2547 2127 2618 spiritu,

554 2655 764 2710 scilicet
810 2650 1123 2706 diversitate
1159 2645 1553 2715 operationum,
1598 2643 1759 2694 unius
1784 2637 2129 2709 ejusdemque

558 2746 779 2817 spiritus
806 2759 836 2796 a
868 2740 1095 2797 diversis
1121 2744 1359 2807 accepta,
1389 2734 1578 2787 vivens
1608 2731 1659 2784 in
1690 2743 1914 2798 corpore
1941 2728 2130 2797 plenus

553 2838 733 2901 fuerit,
782 2845 840 2892 et
862 2840 986 2906 post
1012 2831 1219 2888 obitum
1264 2841 1492 2882 consors
1519 2820 1791 2877 miraculis
1819 2819 2030 2873 claruit.
2069 2817 2129 2872 In

552 2947 620 2988 eo
646 2941 877 2996 namque
904 2923 1044 2994 quod
1069 2920 1284 2976 ctelitus
1306 2914 1719 2987 praenuntiatus,
1746 2920 1801 2965 et
1823 2925 1888 2964 ex
1913 2910 2130 2964 nomine

553 3022 863 3091 designatus
913 3012 1140 3076 exstitit,
1190 3014 1603 3078 reprzesentatos
1644 3002 1800 3058 nobis
1848 3001 1999 3056 Isaac
2036 3016 2131 3071 pa-

553 3114 846 3171 triarcham
905 3115 963 3162 et
1013 3104 1274 3160 Joannem
1330 3099 1622 3187 Baptistam
1674 3096 1919 3149 videmus
1972 3091 2124 3163 (Gen.
2155 3130 2200 3195 c

551 3220 665 3261 xvu
691 3220 706 3270 ;
734 3202 862 3257 Luc.
895 3197 972 3269 i):
1002 3196 1055 3249 in
1088 3209 1172 3256 eo,
1203 3191 1344 3261 quod
1373 3176 1742 3244 sancti'ﬁcatus
1776 3185 2003 3240 necdum
2028 3200 2127 3237 na-

552 3303 661 3356 tus,
708 3288 859 3345 etab
902 3280 1259 3341 adolescentia
1304 3278 1358 3333 in
1389 3272 1689 3331 reclusione
1717 3273 1896 3343 populi
1922 3271 2127 3327 devita-

549 3385 629 3438 vit
652 3378 989 3454 przesentiam
1012 3416 1027 3439 ,
1059 3374 1187 3429 item
1237 3369 1525 3426 Jeremiam
1576 3377 1629 3422 et
1657 3365 1920 3422 Joannem
1941 3363 2128 3454 Bapti-

550 3484 687 3529 stam
711 3470 910 3543 (lem;
935 3464 1063 3519 Luc.
1095 3464 1136 3531 ι)
1156 3479 1168 3514 :
1193 3462 1244 3514 in
1271 3475 1358 3522 eo,
1382 3457 1523 3525 quod
1545 3456 1613 3510 ab
1629 3455 1897 3525 episcopis
1912 3453 2128 3523 provin-

551 3567 649 3619 cias
672 3556 994 3615 Rhemeusis
1014 3563 1069 3609 et
1103 3552 1250 3607 clero
1277 3564 1342 3603 ac
1362 3546 1559 3618 populo
1607 3546 1828 3607 electus,
1873 3552 1928 3597 et
1960 3544 2129 3613 signis

550 3665 716 3721 super
744 3663 866 3702 eum
893 3643 1148 3699 divinitus
1196 3636 1447 3699 ostensis,
1477 3647 1562 3690 est
1603 3633 1881 3688 ordinatus
1921 3632 2128 3702 episco-

551 3758 672 3815 pus,
704 3737 1005 3799 Matthiam,
1042 3733 1131 3803 qui
1157 3732 1225 3786 ab
1252 3728 1530 3798 apostolis,
1558 3734 1614 3781 et
1641 3725 1852 3781 caneris
1878 3724 2126 3815 fidelibus

551 3812 755 3887 electus
782 3834 839 3882 et
864 3824 1075 3880 oblatus
1100 3819 1326 3876 Domino
1346 3859 1362 3883 ,
1406 3816 1584 3872 divina
1609 3824 1692 3870 est
1733 3823 1880 3868 sorte
1911 3812 2127 3867 ordina-

510 3976 517 3981 .
553 3933 640 3976 tus
675 3916 943 3989 apostolus
993 3915 1131 3983 (Act.
1166 3913 1243 3982 l):
1296 3910 1349 3964 in
1379 3924 1462 3969 eo,
1512 3906 1654 3977 quod
1682 3906 1824 3960 inter
1852 3904 2127 3959 amarissi-

549 4026 668 4065 mos
691 4007 850 4076 hujus
879 4003 1055 4061 smculi
1077 4002 1287 4062 ﬂuctus,
1318 3998 1635 4052 meritorum
1659 4004 1820 4064 atque
1845 3994 2124 4059 virtutum,

549 4099 856 4155 orationum
889 4109 953 4148 ac
991 4089 1434 4163 prmdicationum
1482 4084 1705 4155 remigio
1756 4090 1996 4138 sanctam
2024 4082 2127 4136 Ec-

549 4189 771 4244 clesiam
831 4184 897 4239 ad
942 4189 1152 4253 portum
1188 4185 1423 4249 aeternas.
1457 4174 1593 4229 lucis
1621 4173 1959 4243 gubernavit,
1991 4170 2125 4237 Noe,

549 4280 640 4349 qui
662 4292 842 4332 arcam
860 4273 1273 4346 przesignantem
1298 4267 1615 4331 Ecclesium,
1649 4266 1703 4318 in
1727 4264 1930 4319 diluvio
1954 4263 2128 4319 erexit

550 4371 682 4426 Gen.
710 4369 837 4437 vn):
871 4368 923 4422 in
954 4382 1039 4429 eo,
1070 4364 1211 4435 quod
1234 4361 1509 4431 splendida
1537 4358 1678 4414 facta
1708 4367 1791 4413 est
1815 4358 1933 4428 ejus
1960 4357 2126 4413 facies

2232 540 2364 611 Reg.
2388 543 2499 611 vt):
2544 543 2597 596 in
2626 557 2725 607 eo,
2775 542 2916 613 quod
2948 544 3299 612 parvissimos
3336 545 3579 617 liquores
3632 562 3832 617 super-

2233 631 2506 687 abundare
2532 632 2679 698 fecit,
2704 632 2871 689 Eliam
2898 644 2952 688 et
2977 636 3103 691 item
3125 636 3360 691 Eliseum
3375 636 3496 708 (III
3511 636 3647 707 Reg.
3670 656 3825 704 xm;

2232 719 2318 775 IV
2350 720 2476 793 Reg.
2500 721 2576 792 tv)
2600 741 2613 775 :
2638 723 2690 777 in
2712 739 2801 788 eo,
2830 725 2972 794 quod
3001 726 3112 796 regi
3137 724 3409 782 Ludovico
3420 728 3686 797 praedixit
3706 746 3830 798 pro-

2232 808 2447 877 phetico
2490 811 2680 879 spiritu
2718 826 2840 880 quae
2877 811 2981 867 sibi
3009 814 3227 881 suisque
3253 816 3487 882 posteris
3508 826 3677 870 erant
3700 831 3829 870 ven-

2234 911 2380 959 tura.
2402 901 2615 967 Isaiam,
2644 903 2734 972 qui
2764 903 2875 973 regi
2896 902 3140 958 Ezechia:
3167 919 3288 973 quae
3314 904 3387 957 illi
3415 906 3650 973 suisque
3675 915 3829 959 erant

2232 993 2412 1048 futura
2439 995 2689 1065 praedixit
2713 993 2819 1063 (IV
2844 994 2970 1065 Reg.
3000 997 3133 1061 xx):
3163 996 3215 1049 in
3239 1009 3326 1059 eo,
3350 994 3499 1063 quod
3534 996 3709 1064 longe
3737 1011 3826 1065 po-

2233 1080 2369 1141 situs
2388 1100 2635 1156 corpore,
2675 1102 2911 1155 praesens
2942 1086 3154 1155 spiritu,
3202 1087 3408 1142 obitum
3450 1089 3605 1159 regis
3631 1103 3826 1156 cogno-

2234 1178 2340 1243 vit,
2379 1177 2565 1232 itidem
2591 1177 2845 1241 Eliseum,
2873 1176 3026 1245 cujus
3045 1192 3140 1232 cor
3164 1192 3403 1248 presens
3425 1189 3573 1245 erat,
3603 1178 3827 1248 quando

2234 1268 2553 1324 Naamanin
2605 1285 2888 1325 occursum
2916 1269 3069 1325 Giezi
3093 1270 3161 1325 de
3186 1285 3349 1325 curru
3395 1287 3499 1326 suo
3542 1272 3825 1327 descendit

2236 1360 2340 1432 (IV
2372 1361 2500 1432 Reg.
2525 1363 2580 1431 v)
2605 1380 2620 1415 :
2651 1362 2705 1417 in
2735 1378 2822 1428 eo,
2855 1363 3001 1433 quod
3026 1364 3298 1419 revelante
3318 1365 3418 1419 sibi
3448 1364 3671 1435 Spiritu
3707 1380 3826 1418 sau-

2235 1461 2326 1508 cto
2365 1452 2559 1507 famem
2588 1453 2822 1509 futuram
2863 1470 3224 1525 praenoscens,
3254 1456 3670 1526 providentiam
3696 1473 3826 1525 quo-

2234 1544 2394 1599 modo
2433 1543 2747 1598 lahoraturo
2772 1543 2915 1599 fame
2954 1545 3151 1615 populo
3195 1545 3515 1600 subveniret
3549 1546 3825 1611 adhibuit,

2234 1630 2433 1702 Ioseph
2460 1629 2613 1689 (Gen.
2638 1632 2788 1704 xm):
2827 1634 2885 1688 in
2905 1649 2991 1699 eo,
3018 1635 3163 1704 quod
3196 1644 3256 1689 ut
3277 1634 3459 1705 justus
3487 1634 3825 1704 justiﬁeare-

2238 1728 2326 1776 tur
2351 1721 2548 1786 adhuc,
2578 1724 2939 1793 corporalium
2967 1724 3149 1779 lumen
3189 1725 3475 1781 oculorum
3506 1724 3821 1793 aliquandiu

2162 1791 2209 1850 Β
2236 1814 2438 1878 amisit,
2467 1822 2523 1868 et
2547 1791 2732 1884 postea
2762 1814 2940 1869 visum
2970 1815 3194 1884 recepit,
3242 1813 3469 1870 Tobiam
3495 1791 3661 1883 (τοὶ.
3710 1831 3748 1868 ιι
3772 1824 3821 1868 et

2232 1905 2334 1961 nl.
2368 1902 2474 1959 Sed
2499 1913 2557 1959 et
2596 1906 2721 1974 quia
2773 1905 2900 1960 vitis
2922 1920 3063 1960 verte
3092 1904 3297 1975 palmes
3338 1905 3584 1961 fructum
3617 1904 3820 1970 ferens.

2231 2003 2490 2065 purgatus
2523 2005 2625 2062 est,
2652 2012 2760 2066 quo
2795 1995 3031 2052 fructum
3050 1997 3171 2066 plus
3198 1995 3444 2059 afferret,
3481 2012 3613 2051 cum
3640 1996 3824 2052 oculo-

2233 2103 2353 2142 rum
2383 2088 2576 2142 mentis
2617 2087 2838 2152 lumine,
2871 2089 3015 2158 quod
3055 2104 3162 2142 non
3184 2088 3462 2149 amiserat,
3493 2086 3683 2142 lumen
3706 2103 3823 2143 eor-

2233 2176 2498 2246 poralium
2526 2176 2828 2243 oculorum,
2876 2178 3021 2246 quod
3062 2177 3373 2247 aliquandiu
3425 2176 3718 2239 amiserat,
3762 2176 3817 2230 iu

2234 2271 2535 2325 teotatione
2561 2272 2774 2340 patiens
2798 2311 2814 2336 ,
2857 2280 2913 2326 et
2938 2271 3127 2327 laudes
3176 2270 3438 2333 referens,
3492 2279 3623 2339 post
3655 2279 3816 2325 tenta.

2232 2361 2435 2417 tionem
2484 2370 2663 2417 autem
2686 2363 2962 2433 probatus.
3010 2362 3215 2418 lumine
3241 2362 3615 2433 corporalium
3644 2362 3820 2416 oculo-

2229 2469 2351 2509 rum
2382 2462 2618 2523 recepto,
2667 2462 2728 2508 ut
2764 2454 2818 2509 in
2867 2454 3157 2509 amissione
3203 2454 3493 2509 Dominum
3518 2452 3818 2516 benedixit,

2229 2545 2331 2600 Joh
2353 2546 2791 2600 consideramus:
2830 2547 2922 2614 qui
2949 2545 3161 2615 patiens
3189 2545 3244 2599 in
3272 2544 3603 2608 tentatione,
3629 2558 3818 2598 nautea

2230 2634 2443 2688 Domini
2496 2634 2792 2699 benedixit,
2853 2642 2905 2689 et
2953 2643 3078 2704 post
3128 2633 3488 2688 teutatiouem
3532 2632 3814 2701 probatus,

2229 2725 2460 2795 duplicia
2505 2739 2601 2797 sua
2641 2725 2879 2794 possedit
2908 2723 3029 2794 (Job
3056 2740 3097 2779 ιι
3125 2734 3171 2778 et
3200 2725 3375 2794 nu):
3430 2723 3489 2777 in
3542 2738 3651 2788 eo,
3679 2723 3816 2792 quod

2229 2816 2319 2870 die
2379 2817 2461 2871 sui
2525 2831 2773 2872 recessus
2839 2816 3096 2886 cognito,
3162 2832 3262 2887 per
3313 2817 3615 2871 missarum
3674 2815 3811 2869 cele-

2228 2905 2532 2961 brationem
2586 2906 2700 2962 suis
2753 2905 3003 2962 valefecit
3040 2915 3096 2960 et
3141 2906 3306 2969 obiit,
3362 2907 3589 2960 beatum
3649 2903 3815 2960 Joan-

2231 3013 2353 3054 nem
2384 2998 2683 3068 apostolum
2716 3007 2773 3052 et
2811 2998 3233 3067 evangelistam:
3289 2999 3342 3051 in
3370 3013 3461 3061 eo,
3486 2998 3634 3066 quod
3676 2996 3813 3066 palla

2232 3088 2462 3158 sepulcri
2507 3088 2716 3142 cladem
2763 3086 3120 3157 inguinariam
3168 3088 3453 3142 restrinxit
3480 3103 3547 3141 ac
3603 3088 3817 3156 repulit,

2229 3177 2504 3247 egregium
2531 3176 2778 3241 Paulum,
2827 3178 2982 3247 cujus
3006 3178 3227 3232 sudario
3252 3193 3316 3232 ac
3344 3178 3699 3233 semicinctiis
3727 3193 3818 3233 sae

2228 3269 2495 3324 nabautur
2519 3269 2707 3339 εει-οιὶ
2737 3268 2876 3332 (Act.
2903 3268 3047 3339 xu):
3081 3269 3133 3322 in
3163 3285 3252 3333 eo,
3277 3269 3419 3338 quod
3447 3269 3564 3323 zelo
3585 3269 3821 3339 justitize

2228 3371 2284 3417 et
2310 3362 2494 3415 vivens
2526 3363 2578 3414 in
2605 3376 2851 3430 corpore,
2887 3370 2941 3415 et
2965 3370 3088 3429 post
3109 3362 3317 3416 obitum
3347 3361 3400 3415 iu
3436 3361 3823 3431 delinquentes

2225 3453 2491 3509 vindictas
2517 3455 2778 3519 exercuit,
2809 3453 2937 3508 item
2988 3452 3229 3524 Moysen,
3257 3452 3513 3516 Phiueeu,
3552 3450 3732 3507 Josue
3763 3462 3823 3507 et

2227 3545 2422 3609 Eliam,
2452 3544 2672 3599 Petrum
2718 3542 2956 3598 Simonis
2983 3542 3155 3615 Magi,
3185 3542 3407 3597 Ananiaz
3426 3550 3483 3596 et
3519 3540 3822 3611 Sapphira

2228 3644 2624 3703 percussorem,
2669 3642 2725 3688 et
2746 3633 2971 3687 Paulum
3002 3633 3188 3687 Eliuue
3212 3632 3350 3701 magi
3377 3640 3772 3687 amatorem
3796 3649 3816 3685 :

2228 3725 2283 3779 in
2327 3741 2414 3790 eo,
2444 3726 2584 3794 quod
2631 3726 3033 3781 sanctissimum
3060 3740 3259 3794 corpus
3287 3724 3406 3793 ejus
3446 3725 3598 3794 prius
3637 3726 3690 3778 in
3718 3725 3819 3780 de-

2229 3815 2438 3884 signata
2470 3824 2601 3869 nutu
2629 3816 2814 3871 divino
2836 3816 3063 3871 ecclesia
3105 3816 3396 3886 sepultum,
3423 3825 3478 3871 et
3498 3824 3685 3885 postea
3707 3832 3817 3870 au-

2228 3907 2399 3977 gelico
2428 3906 2726 3962 ministerio
2756 3907 2823 3962 de
2865 3907 2982 3963 loco
3010 3907 3078 3962 ad
3120 3907 3298 3962 locum
3321 3917 3407 3962 est
3444 3906 3817 3978 deportatum,

2228 3997 2482 4052 llabacuc
2538 3998 2872 4067 prophetam,
2925 3999 3017 4067 qui
3073 4013 3238 4053 manu
3278 3998 3455 4069 angeli
3500 3998 3568 4053 de
3624 3997 3819 4053 Juda-a

2229 4104 2393 4158 super
2432 4088 2610 4143 lacum
2658 4090 2944 4161 Babylonis
2972 4101 3059 4146 est
3103 4092 3436 4161 deportatus,
3479 4092 3716 4161 indeque
3763 4093 3820 4147 iu

2228 4177 2466 4234 Juda‘am
2497 4189 2743 4235 revectus
2786 4180 2949 4250 (Dan.
2976 4182 3129 4248 nv):
3178 4190 3235 4237 et
3259 4181 3482 4253 Moysen
3521 4184 3615 4251 qui
3642 4199 3673 4236 a
3706 4183 3823 4238 Do-

2228 4272 2400 4338 mino,
2460 4273 2705 4342 angelico
2755 4274 2942 4342 utique
2983 4275 3324 4340 ministerio,
3374 4274 3480 4329 fuit
3534 4275 3818 4345 sepultus:

2230 4364 2383 4433 cujus
2408 4364 2710 4433 sepulcrum
2741 4364 2882 4419 sicut
2906 4378 3259 4434 nem0‘usque
3286 4366 3340 4420 in
3371 4380 3616 4435 praesens
3643 4367 3821 4427 norit,

550 4463 616 4517 de
642 4458 925 4531 praesentia
954 4456 1177 4519 Christi,
1209 4452 1428 4523 Moysen
1475 4447 1671 4521 (Exod.
1694 4451 1882 4520 xxxiv)
1906 4464 1919 4502 :
1958 4450 2011 4503 in
2035 4464 2120 4511 eo,
2151 4475 2204 4534 υ
2231 4456 2302 4510 ita
2328 4453 2624 4522 cujusmodi
2651 4455 2841 4511 ordine
2866 4455 3171 4525 sepulcrum
3198 4456 3356 4511 istius
3378 4457 3555 4511 sancti
3587 4457 3824 4511 transla-

551 4550 693 4621 quod
745 4549 888 4601 inter
920 4544 1161 4598 ﬂammas
1206 4551 1259 4597 et
1297 4541 1529 4606 residua,
1581 4554 1700 4609 quae
1733 4539 1959 4593 necdum
1988 4534 2125 4608 ignis

550 4641 854 4696 voraverat,
885 4633 1054 4697 stetit,
1079 4640 1131 4686 et
1159 4630 1464 4684 incendium
1491 4645 1550 4684 se
1573 4629 1802 4683 transire
1826 4628 2122 4696 prohibuit,

552 4728 729 4782 Aaron
755 4721 942 4794 (Num.
966 4721 1079 4791 xvi)
1110 4737 1123 4774 :
1168 4721 1219 4775 in
1240 4735 1323 4785 eo,
1349 4721 1492 4789 quod
1535 4721 1695 4775 rebus
1721 4715 2124 4776 insensibilibns

550 4814 913 4875 maledicens,
967 4812 1201 4866 cultores
1246 4824 1433 4864 earum
1486 4811 1758 4865 damnavit
1813 4811 2121 4878 sterilitate,

550 4905 719 4961 David
768 4902 852 4976 (II
886 4902 1011 4972 Reg.
1043 4902 1082 4973 ι)
1108 4920 1120 4956 :
1159 4903 1210 4955 in
1239 4916 1302 4955 eo
1327 4913 1349 4967 ;
1373 4901 1516 4971 quod
1547 4902 1646 4954 tria
1674 4900 1835 4955 millia
1860 4902 2119 4968 virorum,

549 4994 928 5070 prmdicatione
949 5008 1043 5048 sua
1064 5006 1470 5055 conversurum,
1500 4991 1680 5060 vigilia
1707 4991 1879 5045 sancti
1907 4992 2124 5047 Paschae

550 5087 862 5157 baptizavit,
890 5096 942 5139 et
970 5084 1199 5154 puellam
1248 5098 1278 5136 a
1322 5092 1495 5137 morte
1519 5082 1875 5146 resuscitavit,
1902 5083 2121 5138 beatum

548 5180 765 5235 Petrum
788 5179 877 5247 qui
903 5178 953 5231 in
997 5186 1185 5231 sancta
1214 5174 1532 5229 Pentecoste
1580 5173 1801 5227 totidem
1833 5173 1994 5227 millia
2023 5172 2121 5227 Ju-

550 5272 784 5326 daeorum
817 5270 882 5323 ad
929 5269 1087 5324 fidem
1138 5267 1434 5330 convertit,
1469 5272 1524 5320 et
1560 5264 1825 5335 baptizari
1871 5264 2019 5330 fecit,
2067 5273 2123 5319 et

550 5363 777 5417 Dorcam
813 5374 842 5413 a
870 5366 1041 5412 morte
1071 5356 1407 5412 resuscitavit
1436 5355 1454 5424 (
1462 5354 1596 5424 (Act.
1626 5368 1663 5409 ιι
1703 5363 1752 5407 ει
1775 5356 1851 5421 ιχ)
1881 5370 1894 5409 :
1944 5353 1997 5406 in
2032 5367 2118 5419 eo,

547 5452 691 5521 quod
718 5449 1085 5503 ferocissimos
1111 5446 1373 5501 barbaros
1397 5461 1428 5499 a
1458 5444 1675 5500 feritate
1714 5460 1809 5500 sua
1860 5443 2125 5513 mitigavit

545 5554 600 5601 et
650 5543 877 5598 Rhemis
927 5542 994 5595 ad
1036 5540 1413 5608 baptizandnm
1467 5539 1756 5603 conclusit,
1784 5540 1979 5607 quibus
2003 5546 2125 5608 post

546 5648 762 5686 sacrum
813 5632 1075 5702 baptisma
1104 5644 1296 5699 panem
1325 5628 1448 5684 caeli
1475 5636 1531 5682 et
1571 5628 1902 5698 spiritualem
1938 5635 2124 5697 potum

547 5720 726 5786 dedit,
758 5720 1029 5786 Eliseum,
1065 5719 1158 5790 qui
1216 5719 1400 5774 hostes
1452 5718 1733 5773 venientes
1778 5717 1833 5772 in
1878 5715 2123 5772 Samaria

2232 4555 2344 4601 tum
2374 4546 2555 4611 fuerit,
2584 4561 2742 4602 nemo
2764 4547 3041 4619 cognoscit
3063 4547 3239 4615 (Deut.
3263 4548 3478 4619 xxx").

2490 4715 2677 4771 Versus
2702 4718 2938 4786 inscripti
2964 4716 3201 4788 sepulcro
3226 4715 3283 4773 S.
3313 4716 3564 4785 Remigii.

2235 4884 2334 4939 llic
2361 4883 2591 4938 famulus
2611 4884 2870 4939 llincmar
2896 4883 3130 4948 Domini,
3159 4900 3313 4939 sacra
3344 4884 3593 4939 membra
3626 4886 3820 4941 locavit

2305 4975 2483 5029 Dulcis
2514 4975 2764 5044 Remigii.
2801 4975 2994 5030 ductus
3023 4990 3208 5030 amore
3235 4976 3345 5044 pio.

2229 5066 2330 5133 Qui
2358 5066 2505 5134 prius
2532 5074 2617 5121 est
2639 5073 2879 5130 sanctus,
2905 5065 3106 5121 mundo
3131 5080 3293 5135 quam
3321 5073 3499 5142 matre
3525 5075 3752 5122 creatus

2300 5157 2365 5210 Et
2387 5171 2612 5226 magnus
2638 5155 2812 5211 dictus
2839 5153 3053 5210 caelitus
3082 5169 3176 5209 ore
3199 5153 3319 5219 Dei,

2226 5247 2319 5302 Bis
2339 5249 2506 5303 denos
2529 5247 2787 5316 binosque
2814 5261 3007 5316 gerens
3033 5244 3263 5301 feliciter
3290 5261 3485 5311 annos,

2300 5340 2459 5396 Sorte
2488 5339 2584 5394 Dei
2611 5338 2839 5407 sumpsit
2863 5336 3170 5408 pontificale
3187 5336 3371 5393 decus.

2232 5430 2523 5501 Sexaginta
2570 5429 2733 5485 simul
2762 5429 2842 5483 bis
2864 5438 3069 5497 septem
3090 5438 3366 5483 manserat
3386 5429 3549 5484 annis

2301 5520 2459 5575 Istius
2485 5518 2633 5573 urbis
2659 5518 2850 5581 honor,
2873 5516 3067 5586 praesul
3090 5526 3144 5571 et
3169 5516 3316 5571 orbis
3344 5532 3517 5570 amor.

2232 5613 2409 5667 Vitam
2437 5608 2705 5664 defunctis
2734 5610 2980 5673 reddens,
3003 5623 3217 5679 quoque
3242 5607 3445 5662 lumina
3468 5623 3628 5664 meets

2304 5706 2500 5776 ligarat
2524 5712 2573 5760 et
2603 5702 2788 5757 vivens
2810 5700 3039 5772 plurima
3066 5702 3200 5757 mira
3232 5700 3388 5757 satis.
