4038 6322
166 356 308 415 “8!

1462 355 1622 410 VITA
1662 353 1908 410 SANCTI
1948 355 2232 412 REMIGII.

3327 360 3467 417 i182

162 466 308 525 Nam
343 467 559 524 domuit
588 468 703 523 fera
729 466 912 529 corda,
959 466 1138 524 animo
1167 467 1313 538 pius,
1338 481 1439 522 ore
1462 467 1736 536 profusus.
1803 476 1851 535 Α
1953 466 2212 523 LXXVII.
2275 468 2406 524 Post
2461 470 2664 539 requiei
2729 471 3065 538 subsidium,
3114 473 3227 544 jam
3287 485 3464 534 terras

238 557 554 614 Sicambrae
575 557 752 629 gemis
795 557 939 628 regia
968 569 1181 627 sceptra
1210 573 1451 613 sacrans.

157 646 485 719 Nonaginta
514 649 731 718 quidem
757 664 852 704 sex
889 665 1010 704 cum
1034 649 1397 718 compleverat
1427 664 1626 715 annos,

235 741 546 810 Splendida
578 741 670 794 lux
701 750 915 795 nostras
941 741 1180 796 deseruit
1212 744 1482 797 tenebras.

154 831 288 887 Idus
305 831 429 901 jam
458 832 649 901 plenas
669 846 792 885 cum
820 830 988 886 Janus
1017 833 1220 888 mensis
1253 834 1508 899 haberet,

231 923 524 980 Emeritus
561 923 715 978 miles
748 924 975 992 praemia
997 925 1158 992 digna
1188 925 1354 994 capit.

153 1012 340 1070 Isdem
365 1012 702 1068 liincmarus
741 1013 890 1082 prius
923 1015 1024 1068 hac
1049 1015 1101 1068 in
1127 1017 1256 1070 sede
1282 1016 1537 1071 sacerdos

228 1106 368 1162 Post
400 1106 625 1175 triginta
654 1105 774 1161 loco
802 1106 1045 1160 constitit
1072 1115 1126 1160 et
1153 1122 1381 1161 numero
1405 1125 1418 1159 :

151 1194 255 1252 Cui
291 1205 492 1253 sextus
521 1197 764 1252 decimus
797 1197 898 1251 sub
923 1197 1026 1251 hac
1056 1197 1300 1252 radiante
1327 1198 1548 1253 lucerna

226 1287 495 1359 Remigio
523 1287 750 1344 Rhemis
773 1287 956 1341 munia
984 1302 1110 1342 cara
1144 1287 1313 1341 dedit.

149 1378 335 1433 Annis
361 1378 634 1448 septenis,
663 1377 845 1448 quinis
871 1391 937 1432 ac
973 1377 1253 1432 mensibus
1278 1377 1390 1448 egit

223 1469 488 1526 Pastoris
517 1485 729 1535 curam,
755 1470 870 1525 haec
890 1469 1172 1524 recolenda
1196 1477 1442 1538 patrans.

148 1562 565 1634 Octingenteno
591 1563 1088 1634 quinquagenoque
1112 1563 1382 1626 secundo,

227 1654 355 1722 Quo
390 1656 540 1712 Dens
569 1664 654 1712 est
682 1670 826 1710 anno
855 1653 1078 1726 Virgine
1109 1663 1268 1710 natos
1291 1656 1452 1710 homo
1476 1673 1489 1708 :

149 1747 382 1802 Tertius
409 1755 469 1803 et
493 1746 723 1804 Carolus
750 1748 901 1818 regni
944 1754 1296 1816 componeret
1320 1755 1499 1810 actus,

221 1835 476 1894 October
501 1839 738 1909 primam
766 1853 891 1893 cum
923 1838 1077 1893 daret
1103 1845 1267 1906 atque
1289 1837 1456 1902 diem,

145 1926 229 1984 Ac
257 1939 622 1986 tercentenas
649 1939 876 1985 octavus
898 1937 1146 1996 tangeret
1175 1945 1368 1983 annus.

185 2015 190 2022 ’
221 2022 331 2078 llic
356 2023 546 2094 justus
571 2021 785 2078 Domini
814 2037 924 2091 quo
942 2021 1077 2091 petit
1103 2028 1249 2075 astra
1276 2021 1407 2090 poli,
1514 2085 1528 2094 _

147 2109 501 2168 Tercentum
536 2112 748 2166 fuerant
775 2119 886 2167 tres
909 2121 964 2166 et
993 2111 1115 2166 deni
1144 2121 1338 2180 quater
1358 2112 1511 2178 anni,

217 2203 349 2270 Quo
379 2203 510 2257 vitae
535 2202 776 2258 Francos
799 2205 1010 2274 gurgite
1037 2203 1169 2258 lavit
1191 2218 1380 2258 ovans.

143 2292 330 2362 Ipsius
359 2293 410 2346 is
446 2295 699 2362 precibus
727 2294 935 2349 caelesti
962 2296 1014 2349 in
1040 2296 1167 2350 sede
1191 2295 1420 2360 locetur,

219 2383 408 2452 Quem
436 2387 597 2440 terris
619 2386 785 2440 coluit
814 2401 974 2442 verus
995 2396 1227 2442 amator.
1259 2387 1452 2443 Amen.

220 2556 452 2613 LXXV.
490 2557 704 2612 Accidit
761 2567 942 2614 autem
1000 2569 1207 2629 postea,
1256 2569 1604 2630 peccatorum
1651 2575 1768 2616 me-

148 2647 277 2702 ritis
338 2648 707 2717 exigentibus,
735 2659 796 2704 ut
842 2651 1138 2706 Dominicaa
1184 2652 1577 2707 lncarnationis
1621 2666 1768 2706 anno

148 2737 280 2802 882,
319 2737 691 2793 Carlomanno
723 2750 1005 2809 regnante,
1038 2742 1299 2810 prtedicto
1346 2743 1569 2798 domino
1600 2740 1769 2794 Hinc-

146 2841 312 2882 maro
365 2827 782 2897 archiepiscopo
831 2839 1134 2899 satagente,
1192 2831 1582 2886 transferretur
1610 2843 1770 2891 vene,

143 2919 328 2974 rabile
377 2918 572 2988 pignus
612 2921 857 2987 corporis
889 2920 1048 2988 hujus
1102 2922 1453 2977 sacratissimi
1505 2920 1683 2975 Patris
1708 2927 1770 2972 et

150 3011 371 3066 domini
413 3011 585 3066 nostri
621 3011 872 3082 Remigii,
911 3021 1135 3082 propter
1179 3012 1580 3068 infestationem
1609 3021 1744 3079 paga

149 3114 381 3165 norum,
427 3101 496 3155 ad
534 3100 718 3155 villam
768 3102 937 3170 ipsius
979 3101 1092 3170 jam
1143 3119 1303 3172 supra
1355 3109 1615 3163 taxatam,
1665 3109 1762 3150 no-

1877 556 2008 613 solis
2037 557 2339 614 illustrante
2375 560 2594 629 jnbare,
2623 576 2784 628 voces
2819 563 3054 630 undique
3095 565 3261 620 Deum
3297 571 3461 624 bene-

1875 648 2170 702 dicentium
2200 659 2550 718 concrepant,
2591 661 2753 720 atque
2782 652 3154 718 laudantium,
3204 658 3347 724 quod
3383 660 3463 714 eis

1873 749 2167 808 pastorem,
2201 750 2487 809 patronum
2517 783 2532 806 ,
2560 758 2624 796 ac
2648 752 3010 811 protectorem
3053 747 3302 800 redderet
3342 763 3464 802 cor-

1873 831 2130 902 poraliter
2183 834 2458 901 proprium
2488 873 2503 896 ,
2547 851 2707 904 quem
2759 851 2978 904 semper
3028 840 3167 906 aptnl
3225 840 3462 893 divinam

1873 923 2216 978 clementiam
2265 923 2680 979 intercessorem
2710 964 2724 988 ,
2752 935 2807 980 et
2850 926 3125 982 assiduum
3161 943 3219 982 se
3259 929 3463 982 habere

1873 1012 2150 1068 conﬁdant
2180 1013 2520 1068 advocatum.
2549 1014 2810 1070 Przef‘atus
2855 1017 3064 1071 interea
3098 1017 3318 1086 praesul,
3348 1032 3452 1071 etn-

1873 1103 2088 1158 Iestium
2145 1104 2502 1158 sacramentis
2553 1106 2932 1175 mysteriorum
2988 1108 3089 1161 rite
3133 1106 3460 1169 celebratis,

1874 1193 2208 1248 imminentis
2227 1194 2353 1263 jnga
2378 1210 2500 1248 cum
2532 1193 2779 1250 laudibus
2805 1197 3015 1250 scandit
3044 1197 3263 1260 montis,
3291 1197 3460 1252 comi-

1874 1284 2112 1338 tantibus
2138 1284 2373 1353 undique
2399 1301 2558 1339 secus
2582 1287 2900 1354 populorum
2933 1287 3164 1356 stipatus
3199 1289 3457 1342 catervis.

1873 1374 1972 1428 llic
1996 1374 2086 1427 ubi
2117 1390 2214 1443 pro
2242 1375 2421 1444 populi
2452 1376 2684 1440 delictis,
2717 1385 2769 1430 et
2805 1377 2882 1430 ira
2917 1377 3272 1447 mitigationis
3293 1379 3459 1432 coele-

1871 1468 1968 1520 stis
1996 1468 2064 1520 ad
2113 1467 2401 1521 Dominum
2445 1467 2670 1522 fudisset
2697 1470 3034 1533 orationem,
3081 1469 3463 1539 paululumque

1871 1556 2283 1627 processissent,
2309 1558 2485 1613 adhuc
2511 1558 2815 1613 clariﬁcare
2839 1559 3112 1623 Christus,
3143 1559 3461 1623 miriticare,

1870 1655 2034 1715 atque
2080 1646 2384 1716 gloriﬁcare
2429 1648 2722 1717 disponens
2759 1649 2903 1704 hunc
2949 1649 3328 1704 beatissimum
3356 1649 3461 1704 Pa-

1871 1742 2009 1789 trem
2040 1744 2284 1790 nostrum
2315 1737 2370 1790 in
2401 1738 2584 1803 terris,
2631 1753 2790 1808 quem
2833 1739 3186 1808 magniﬁcam
3222 1754 3344 1793 cum
3367 1754 3464 1794 an-

1793 1824 1843 1884 B
1870 1830 2004 1901 gelis
2053 1830 2288 1900 elegerat
2336 1831 2389 1885 in
2435 1831 2624 1897 cmlis,
2656 1831 2844 1900 quanti
2886 1831 2956 1885 sit
3001 1830 3142 1900 apud
3177 1844 3239 1886 se
3282 1830 3462 1886 meriti

1870 1920 2215 2000 concursanti
2243 1920 2529 1990 pr0palare
2552 1921 2798 1975 decernit
2823 1918 3181 1974 multitudini.

1942 2010 2219 2066 LXXVIII.
2264 2011 2490 2066 Accedit
2545 2013 2728 2081 itaque
2760 2011 2954 2066 mulier
3003 2026 3145 2066 cmca
3172 2050 3188 2075 ,
3245 2010 3464 2066 nomine

1870 2098 2038 2165 Doda,
2064 2116 2226 2156 manu
2267 2100 2370 2156 sibi
2409 2116 2628 2171 gressus
2654 2101 2889 2169 regentis
2925 2101 3111 2154 innixa
3139 2119 3152 2153 :
3178 2115 3298 2168 qua:
3333 2115 3462 2153 mox

1873 2199 1932 2243 ut
1962 2192 2208 2245 cominus
2229 2201 2640 2261 approperaret,
2673 2193 2848 2246 visum
2889 2191 2993 2246 sibi
3035 2193 3249 2246 restitui
3280 2207 3463 2247 coram

1867 2279 2124 2333 omnibus
2163 2280 2433 2350 impetrat.
2487 2280 2641 2346 Quod
2670 2281 2868 2349 pratsul
2897 2282 3153 2346 audiens,
3205 2282 3464 2352 hymnum

1872 2365 2046 2422 laudis
2070 2368 2163 2422 Dei
2188 2383 2310 2422 cum
2333 2369 2548 2438 populo,
2574 2384 2770 2438 magno
2811 2370 3045 2438 repletus
3070 2370 3284 2440 gaudio,
3331 2385 3488 2425 ωτι-λ

1798 2487 1836 2524 ι
1869 2455 2127 2511 celebrat.
2158 2456 2397 2513 Necdum
2429 2458 2685 2513 ﬁnierant
2709 2460 2842 2514 odas
2872 2460 3234 2515 exsultatione
3265 2460 3465 2514 cmlum

1870 2547 2162 2617 replentes,
2208 2557 2263 2602 et
2288 2563 2417 2604 ecce
2456 2548 2750 2605 frustratus
2779 2550 2997 2620 quidam
3046 2550 3232 2605 multis
3272 2564 3462 2620 gressu

1871 2637 2062 2692 diebus
2083 2653 2204 2690 cum
2230 2639 2437 2708 integra
2455 2640 2698 2709 procedit
2714 2639 3087 2695 incolumitate
3109 2640 3462 2694 laetabundus.

1941 2728 2182 2783 LXXIX.
2205 2729 2492 2788 Transiere
2515 2748 2636 2786 cum
2659 2733 2908 2786 laudibus
2931 2732 3056 2786 inde
3077 2733 3378 2801 paulisper:
3410 2739 3466 2787 et

1871 2821 2067 2875 mulier
2117 2821 2363 2890 quaedam
2410 2837 2666 2888 manuum
2708 2823 2878 2891 potita
2927 2823 3158 2878 sanitate
3199 2821 3465 2878 succedit.

1871 2912 2156 2981 Duplicant
2179 2928 2339 2984 ergo,
2390 2914 2775 2984 triplicantque
2815 2915 3131 2969 comitantia
3168 2915 3466 2984 gratiarum

1876 3005 2115 3058 actiones
2138 3006 2374 3074 agmina.
2417 3007 2746 3062 Tremefacti
2777 3009 3007 3076 proximi
3062 3008 3262 3076 quique
3299 3007 3464 3060 mira-

1877 3095 2066 3149 bilium
2122 3097 2529 3167 magnitudine,
2577 3100 2842 3170 tantisper
2887 3115 2918 3152 a
2972 3108 3120 3154 tanta
3165 3099 3467 3153 deliberant

148 3193 304 3248 mine
340 3191 702 3261 Sparnacum,
745 3194 871 3261 quia
898 3194 1089 3249 civitas
1124 3170 1455 3248 Rhemornm
1487 3201 1614 3245 tunc
1639 3199 1748 3246 tem
1801 3170 1846 3232 C
1878 3183 2133 3238 secedere
2167 3186 2473 3240 sanctitatis
2500 3187 2850 3242 sublimitate.
2902 3187 3010 3241 Nec
3053 3202 3155 3242 vox
3185 3188 3464 3254 reciproca

151 3283 309 3351 poris
343 3298 454 3336 non
488 3281 722 3337 habebat
767 3283 823 3337 in
865 3284 1068 3338 ambitu
1099 3284 1181 3338 sui
1208 3299 1442 3338 murum.
1470 3281 1634 3351 Cujus
1657 3281 1758 3335 ob~

146 3380 303 3427 tentu
339 3373 510 3428 totius
541 3381 670 3427 tunc
691 3375 834 3444 pagi,
860 3374 927 3428 ad
952 3389 1112 3443 quem
1151 3374 1386 3429 delatum
1431 3387 1630 3427 munus
1655 3371 1760 3426 hoc

149 3461 389 3518 habetur
450 3462 883 3517 amantissimmn
909 3504 924 3527 ,
1001 3466 1216 3532 provisa
1248 3465 1511 3533 probatur
1548 3461 1692 3516 salus
1723 3477 1753 3516 a

148 3553 481 3623 pervaslone
505 3552 882 3616 barbarorum,
909 3553 993 3607 vel
1017 3553 1239 3607 incursu
1269 3554 1605 3622 prmdonum.
1628 3549 1759 3604 Post

153 3642 444 3698 Hincmari
481 3643 714 3709 denique
754 3642 1028 3711 pontiﬁcis
1077 3645 1286 3698 obitum
1315 3684 1330 3708 ,
1380 3643 1758 3698 desiderabilis

152 3734 244 3790 hic
271 3747 561 3787 sacrorum
593 3733 880 3786 thesaurus
924 3734 1290 3787 membrorum
1341 3735 1404 3787 ad
1448 3733 1758 3790 Orbacense

153 3825 478 3895 perducitur
508 3824 924 3878 monasterium.
970 3823 1070 3878 llic
1093 3839 1308 3892 quoque
1342 3825 1640 3880 beatissimi
1663 3827 1760 3879 hu-

150 3917 241 3986 jus
275 3917 496 3988 patroni
526 3917 697 3970 nostri
725 3913 994 3984 suffragiis
1015 3915 1193 3969 omnis
1233 3916 1590 3971 commoditas
1616 3917 1758 3971 aeris

152 4011 586 4081 circumquaque
635 4009 958 4080 degentibus
1011 4009 1328 4064 attribuitur
1373 4009 1585 4073 incolis,
1632 4025 1756 4064 cutn

154 4101 371 4158 insolita
403 4102 686 4158 fertilitate
712 4101 941 4157 telluris.

101 4264 106 4269 ι
221 4192 464 4248 LXXVI.
521 4194 652 4248 Post
675 4193 956 4248 decessum
977 4208 1109 4248 vero
1156 4207 1298 4262 saepe
1343 4192 1471 4247 dicti
1509 4192 1755 4262 przesulis

155 4283 458 4351 Hincmari,
487 4301 609 4340 cum
635 4284 981 4354 pontiﬁcatus
1000 4286 1254 4341 subiisset
1276 4286 1534 4338 honorem
1566 4284 1753 4349 Falco,

159 4377 238 4430 sui
286 4379 470 4448 primo
516 4377 844 4447 praesulatus
892 4393 1034 4433 anno
1081 4389 1284 4432 reterre
1328 4377 1569 4431 decrevit
1614 4377 1753 4430 alma

155 4463 458 4523 beatissimi
482 4466 661 4522 Patris
691 4467 862 4522 nostri
898 4483 1040 4522 ossa.
1076 4467 1232 4535 Quod
1280 4467 1370 4520 ubi
1417 4466 1747 4536 aggreditur,

1867 3273 2199 3330 laudantium
2247 3278 2520 3334 defecerat
2571 3281 2638 3334 ab
2689 3296 2822 3344 ore,
2861 3281 2989 3334 dum
3038 3295 3172 3349 puer
3208 3281 3460 3348 quidam,

1865 3365 2174 3420 Grimoldus
2203 3369 2450 3432 nomine,
2484 3369 2574 3422 diu
2605 3367 2810 3422 lumine
2852 3368 3094 3435 privatus
3114 3408 3129 3432 ,
3157 3382 3220 3421 os
3246 3382 3462 3436 quoque

1862 3455 2248 3512 miserabiliter
2272 3473 2302 3512 a
2335 3457 2678 3512 rectitudinis
2703 3457 2822 3512 loco
2850 3456 3136 3521 distortus,
3173 3457 3459 3526 invisaque

1867 3546 2216 3602 deformitate
2245 3549 2514 3615 turbatus,
2541 3564 2571 3602 a
2602 3549 2922 3617 parentibus
2950 3547 3168 3602 obviam
3210 3547 3418 3602 delatus
3441 3588 3457 3613 ,

1863 3639 2147 3707 pristinum
2197 3655 2360 3708 quem
2397 3641 2597 3695 dudum
2637 3642 2896 3697 amiserat
2929 3641 3104 3696 visum
3143 3649 3227 3696 est
3265 3655 3458 3696 consc-

1861 3742 2041 3792 cutus,
2070 3739 2125 3782 et
2153 3729 2208 3783 in
2240 3733 2516 3799 propriam
2547 3732 2879 3786 sanctissimi
2934 3731 3111 3786 Patris
3151 3732 3309 3798 hujus
3344 3731 3463 3800 Opi-

1862 3816 2124 3872 tulatione
2147 3818 2466 3874 mirabiliter
2483 3829 2569 3874 est
2588 3819 2820 3889 efﬁgiem
2843 3823 3145 3875 restitutus.
3170 3820 3462 3888 luterjecto

1860 3907 2006 3962 velut
2037 3909 2195 3962 unius
2226 3910 2372 3964 horze
2403 3912 2614 3978 spatio,
2665 3926 2799 3979 puer
2828 3911 2966 3964 alius
2996 3927 3027 3964 a
3083 3913 3456 3967 contractione
3489 3982 3496 3984 Ἴ

1861 3998 2112 4067 corporis
2139 3997 2377 4064 ejusdem
2402 4000 2613 4069 patroni
2644 3999 2914 4070 suffragiis
2954 4001 3190 4056 feliciter
3216 4012 3298 4054 est
3328 4017 3454 4056 ere-

1857 4097 2000 4144 ctus.
2035 4089 2241 4145 Cohors
2269 4091 2431 4160 igitur
2459 4091 2653 4146 devota
2681 4091 2931 4146 melodiis
2959 4091 3216 4146 Davidica
3242 4106 3452 4159 nequa-

1860 4196 2023 4250 quam
2062 4181 2335 4236 sufﬁciens
2385 4183 2613 4237 reboare
2663 4183 2943 4244 carmina,
2982 4182 3220 4238 maximo
3271 4184 3458 4239 cordis

1858 4270 2050 4326 affectu
2073 4281 2340 4340 permota,
2371 4273 2512 4327 inter
2536 4273 2754 4328 laudum
2778 4287 2958 4334 voces,
2984 4272 3238 4328 eliciente
3264 4273 3462 4344 gaudio

1857 4361 2113 4434 lacrymis
2132 4377 2227 4417 ora
2254 4363 2432 4434 rigare
2453 4363 2710 4432 profusis,
2725 4371 2780 4417 et
2801 4364 3060 4433 suspiria,
3081 4363 3460 4435 singultusque

1861 4451 2094 4509 formare
2119 4469 2216 4523 pro
2261 4454 2511 4509 canticis.
2543 4452 2998 4510 Concurrentium
3046 4469 3260 4523 quoque
3291 4454 3459 4508 nimia

154 4557 508 4622 perveniente
531 4557 642 4626 iam
675 4571 741 4610 ρο
763 4572 886 4611 cum
917 4518 1252 4625 οοενίεξορῖε
1278 4569 1332 4611 οι
1355 4518 1754 4626 οιοιξυριυι-ίηιῑε
1783 4518 1832 4577 D
1859 4545 2078 4616 stipatio
2108 4545 2366 4616 plebium,
2398 4544 2538 4599 sacri
2571 4545 2812 4598 muneris
2857 4545 3102 4615 gerulum
3153 4544 3458 4599 deosculari

157 4644 222 4698 ad
272 4646 458 4701 locum
505 4646 593 4700 ubi
632 4647 825 4715 pignus
877 4648 1195 4702 servabatur
1240 4648 1572 4716 pretiosum,
1629 4660 1753 4701 cum

159 4751 298 4794 esset
327 4754 531 4810 magna
577 4741 698 4795 caeli
739 4740 1005 4794 serenitas
1027 4782 1040 4803 ,
1074 4741 1165 4794 sed
1213 4740 1428 4795 fervens
1463 4741 1752 4793 admodum

160 4828 372 4886 siccitas
401 4870 417 4894 ,
459 4830 638 4884 subito
679 4843 738 4884 se
781 4838 966 4883 tantus
1013 4830 1200 4884 cfl'udit
1250 4830 1454 4893 imber,
1499 4838 1557 4882 ut
1592 4830 1756 4884 totius

162 4915 318 4987 hujus
338 4919 689 4989 superﬁciem
723 4930 881 4975 terra:
910 4919 1183 4973 videretur
1213 4920 1444 4972 ubertim
1481 4919 1752 4988 irrigasse.

161 5003 216 5061 In
241 5010 540 5065 crastinum
584 5023 748 5075 vero,
801 5010 929 5065 dum
978 5024 1132 5063 sacra
1181 5007 1389 5063 referre
1433 5017 1753 5078 promovent

163 5113 424 5165 munera,
487 5114 682 5155 cuneta
737 5100 910 5165 clara,
963 5107 1156 5154 cuncta
1206 5100 1486 5168 jucunda,
1553 5111 1748 5155 cuncta

163 5193 444 5247 mundana:
493 5192 695 5261 speciei
743 5193 1044 5247 redduntur
1087 5207 1320 5248 amoena.
1373 5193 1749 5264 Prosperoque

165 5289 475 5347 progressu,
497 5280 896 5336 confluentibus
923 5282 1159 5351 undique
1197 5282 1442 5351 populis,
1475 5283 1542 5336 ad
1567 5283 1745 5337 vicum

169 5366 454 5426 deveniunt
484 5368 877 5426 Calminiacum
901 5411 916 5438 ,
947 5372 1000 5426 in
1027 5387 1136 5442 quo
1181 5373 1436 5427 nonnulla
1467 5373 1629 5427 Pater
1660 5373 1746 5428 hic

167 5459 411 5529 eximius,
437 5463 614 5520 adhuc
642 5477 808 5519 carne
842 5473 1057 5534 septas,
1110 5465 1371 5520 virtutum
1417 5465 1754 5535 dignoscitur

169 5549 472 5609 exhibuisse
518 5554 810 5626 magnalia.
867 5554 965 5610 IIic
1024 5555 1268 5610 membra
1321 5556 1628 5610 veneranda
1694 5556 1750 5610 in

171 5641 386 5700 ecclesia
426 5646 768 5716 deponentes
807 5645 923 5716 ejus
978 5649 1195 5705 nomine
1236 5647 1482 5705 dedicata
1507 5689 1522 5716 ,
1576 5648 1750 5705 noctis
1787 5641 1796 5647 ’

171 5729 341 5797 Quiete
366 5733 511 5794 fessa
541 5737 721 5795 levant
749 5754 995 5810 corpora.

1861 4638 2212 4708 gestientium
2236 4637 2493 4701 loculum,
2510 4636 2918 4706 importunitate
2943 4635 3119 4690 valida
3145 4636 3460 4690 vellentium

1862 4729 2027 4798 coepit
2061 4728 2224 4796 ﬁgere
2237 4743 2504 4796 gressum.
2565 4725 2822 4782 Mirorum
2843 4728 3132 4796 siquidem,
3161 4741 3282 4795 qua:
3303 4740 3460 4795 gere-

1860 4817 2079 4881 bantur,
2129 4818 2607 4887 pererebrcscebat
2654 4820 2880 4889 Opinio:
2935 4821 3296 4887 certatimque
3345 4829 3458 4873 tam

1861 4908 2003 4973 sani,
2034 4923 2195 4976 quam
2224 4909 2455 4964 diversis
2485 4909 2888 4964 calamitatibus
2927 4909 3123 4970 attriti,
3156 4923 3458 4976 properare

1862 5001 2168 5065 studebant,
2198 5004 2476 5071 cupientes
2506 5003 2703 5059 intueri
2733 5002 3000 5071 magnalia
3042 5017 3161 5069 quae
3195 5000 3458 5056 Dominus

1860 5092 2202 5162 omnipotens
2229 5094 2283 5148 in
2326 5095 2501 5150 sancti
2529 5095 2613 5149 sui
2653 5092 3046 5148 clariﬁcatione
3089 5090 3458 5159 multiplicare

1857 5193 2232 5254 proposuerat.
2263 5185 2368 5241 Pro
2423 5199 2619 5254 magno
2664 5198 2900 5252 namque
2952 5182 3055 5238 sibi
3106 5182 3305 5236 damno
3348 5182 3456 5237 sibi

1858 5277 2090 5347 quisque
2146 5279 2450 5348 reputabat,
2500 5277 2610 5330 itno
2659 5274 2915 5329 delictum
2977 5273 3268 5342 deputahat
3299 5313 3316 5338 ,
3347 5288 3457 5326 non

1859 5369 2019 5422 modo
2051 5369 2096 5422 si
2131 5382 2234 5421 non
2260 5367 2602 5437 procederet,
2650 5380 2840 5420 verum
2870 5364 2915 5418 si
2942 5374 3252 5434 postremus
3301 5377 3458 5417 acce-

1855 5460 2028 5515 deret.
2048 5462 2484 5529 Approperantes
2505 5466 2688 5513 autem
2713 5457 2863 5512 cives
2881 5456 3119 5521 obviam,
3144 5455 3271 5509 dum
3295 5463 3450 5524 grata

1856 5553 2054 5608 deferri
2087 5560 2315 5608 cernunt
2355 5564 2602 5612 munera,
2634 5557 2792 5603 terra:
2819 5562 2879 5602 se
2905 5554 3315 5616 prosternentes
3343 5543 3446 5600 soli

1855 5643 2239 5698 deosculantur
2271 5651 2439 5709 terga.
2495 5639 3016 5710 Suspicientesque,
3069 5636 3158 5689 ubi
3211 5643 3453 5689 contem-

1855 5737 2070 5807 plantur
2092 5735 2324 5792 loculum
2358 5736 2609 5807 pretiosa:
2655 5733 2821 5792 divini
2857 5729 3186 5788 diadematis
3227 5743 3456 5800 gemmae
