4038 6322
564 377 705 436 “83

1375 367 1707 426 HINCMABI
1745 364 1962 422 RliEM.
2008 361 2329 419 ARCHIEP.
2373 357 2742 416 OPUSCULA
2782 356 3011 413 VARIA.

3712 358 3861 415 ιιει

548 486 830 563 ⁵ιιτιῇιιιιιιιι,
863 476 1060 547 multas
1085 490 1228 544 inter
1253 486 1451 543 eximia
1490 484 1681 556 gaudia
1709 483 1979 553 lacrymas
2024 478 2149 533 fun-
2178 489 2226 546 Α
2256 477 2458 532 clinare
2488 484 2696 546 partem
2719 474 2921 531 valeret
2951 493 2965 529 :
2996 475 3103 531 cibi
3128 466 3259 531 vero
3296 477 3504 534 nullam
3533 478 3650 535 nisi
3691 478 3866 549 liqui-

569 583 741 638 dunt:
768 583 1120 638 obsecrantes
1152 594 1221 633 ne
1257 576 1487 646 amplius
1518 573 1757 642 ejusdem
1798 571 1975 625 Patris
2011 567 2148 623 adici

568 684 901 728 censeantur
928 670 1172 726 absentia
1196 686 1210 733 ;
1239 668 1370 737 quin
1398 676 1655 736 perpetua
1686 672 1998 717 mereantur
2021 674 2146 729 gra-

569 762 731 818 tulari
754 767 1062 832 praesentia.
1089 759 1254 813 Pater
1279 757 1484 811 interea
1530 753 1878 810 beatissimus
1918 750 2148 804 filiorum

569 852 844 909 devotioni
898 849 1178 919 praaclaris
1232 848 1420 903 favens
1473 845 1726 907 nutibus,
1781 842 1929 897 addit
1972 840 2150 893 adhuc

568 943 765 999 divinis
795 941 1002 1011 plebem
1033 955 1187 996 suam
1233 938 1605 1008 multipliciter
1639 935 1958 991 exhilarare
1982 932 2148 986 mira-

566 1033 788 1089 bilibns.
854 1032 1068 1088 Etenim
1125 1032 1252 1087 dum
1305 1030 1485 1086 clerus
1548 1044 1672 1084 cum
1731 1024 2146 1086 sacerdotibus,

564 1125 812 1196 psalmis,
841 1125 1081 1197 hymnis,
1110 1133 1166 1179 et
1204 1123 1432 1179 canticis
1466 1123 1713 1177 intonant
1749 1118 2147 1189 spiritualihus,

564 1218 797 1290 populus
822 1219 984 1274 etiam
1008 1217 1345 1288 jubilationis
1371 1217 1648 1270 immensre
1676 1213 1868 1268 reboat
1904 1211 2149 1274 vocibus,

568 1316 631 1360 nt
676 1306 981 1362 mirabilem
1027 1308 1195 1361 Deum
1231 1306 1284 1359 in
1330 1305 1535 1359 sanctis
1589 1304 1701 1359 suis
1738 1301 2153 1370 jucundioribus

555 1397 750 1450 ‘adhuc
782 1405 1226 1465 prteconareutur
1271 1396 1504 1457 animis,
1545 1395 1828 1465 pristinam
1869 1392 2152 1449 multitudo

571 1485 941 1555 languentium
971 1486 1285 1554 sospitatem
1317 1485 1600 1540 manifeste
1641 1484 1975 1553 conspicitur
2000 1499 2155 1538 recu-

572 1593 767 1649 perare
794 1619 809 1643 ,
869 1579 1059 1634 levatis
1109 1580 1354 1649 pluribus
1400 1580 1550 1633 varia
1609 1586 1762 1649 peste
1813 1578 2151 1646 corporibus.

558 1668 827 1737 ‘Adeoque
848 1683 947 1737 per
969 1669 1177 1739 singula
1208 1684 1346 1739 pene
1367 1677 1661 1733 momenta,
1688 1667 1927 1723 cmlestia
1953 1666 2155 1735 pande-

554 1757 768 1812 bantur
797 1757 1078 1825 miracula,
1106 1766 1167 1813 ut
1191 1761 1259 1813 ad
1294 1760 1409 1814 hzec
1454 1759 1694 1813 locorum
1725 1758 1809 1812 vel
1853 1765 2151 1826 temporum

568 1846 660 1900 vix
690 1833 1059 1901 enumeranda
1090 1848 1299 1902 censeri
1328 1847 1572 1903 valerent
1602 1845 1911 1901 interstitio.

640 1933 861 1989 LXXX.
893 1933 1045 1991 Tunc
1066 1936 1232 2005 igitur
1259 1935 1473 1992 Osanna
1503 1937 1746 2005 quaedam
1780 1934 1992 1998 mulier,
2029 1947 2152 1988 cum

569 2024 932 2081 admiratione
961 2027 1333 2097 gaudentium,
1367 2026 1528 2081 celeri
1579 2025 1777 2079 meruit
1802 2025 2157 2094 prosperitate

569 2115 814 2184 recipere
826 2111 999 2169 vi'sum
1017 2134 1031 2169 :
1048 2123 1103 2170 et
1124 2124 1245 2184 post
1264 2114 1516 2183 pusillum
1538 2113 1757 2168 claudus
1776 2112 1994 2183 quidam
2017 2110 2158 2165 felici

568 2221 797 2263 munere
850 2206 1200 2275 consequitur
1279 2220 1540 2277 gressum.
1614 2204 1850 2258 Deodata
1911 2202 2157 2271 quaedam

564 2296 851 2366 patefactis
870 2295 1081 2351 aurium
1107 2296 1285 2366 januis
1311 2293 1624 2365 adipiscitur
1647 2291 1909 2347 auditum.
1929 2292 2156 2359 Quidam

568 2387 789 2442 nomine
844 2387 1017 2443 Tento
1072 2385 1417 2442 desiderabili
1480 2386 1686 2455 potitur
1751 2383 2158 2439 illuminatiouis

563 2475 729 2532 dono.
772 2476 904 2532 Item
953 2477 1199 2547 quzedam
1246 2476 1443 2531 mulier
1468 2475 1675 2530 .eodem
1726 2475 1910 2545 gavisa
1946 2473 2160 2529 laetatur

565 2568 848 2624 beneﬁcio.
893 2568 1153 2623 Similiter
1190 2567 1459 2623 Ansoldus
1492 2583 1705 2637 quoque
1739 2566 1971 2631 lumine,
2015 2568 2158 2636 quod

567 2659 738 2713 nimio
760 2659 1024 2729 ﬂagrabat
1044 2661 1261 2728 assequi
1297 2659 1600 2723 desiderio,
1641 2658 1748 2714 fido
1788 2673 1889 2714 ceu
1928 2658 2160 2713 credidit

567 2747 771 2813 animo,
819 2748 999 2804 Patris
1046 2747 1208 2817 lmjus
1255 2750 1498 2820 piissimo
1540 2748 1840 2819 perfruitur
1879 2747 2154 2819 suffragio.

566 2839 801 2905 Quidam
825 2838 1123 2895 Gerbertus
1150 2840 1414 2910 paralysis
1435 2848 1519 2894 est
1548 2856 1578 2894 a
1616 2840 1967 2894 dissolutione
1996 2855 2156 2894 sana-

566 2937 676 2984 tus.
704 2929 931 2996 Quidam
957 2945 1171 3000 quoque
1200 2929 1338 2984 alius
1362 2929 1603 3000 ejusdem
1636 2929 1878 2984 muneris
1921 2929 2159 2984 exsultat

570 3017 661 3073 hic
690 3018 939 3086 largitate
967 3019 1305 3089 perfunctus.

643 3109 883 3165 LXXXI.
910 3109 1155 3181 Cumque
1194 3111 1440 3165 certatim
1467 3111 1667 3181 quique
1680 3109 1856 3165 studio
1871 3111 1973 3180 pi:e
1991 3112 2155 3166 devo-

2251 570 2374 623 dam
2413 583 2628 623 sumere
2654 570 3103 623 sustentationem
3148 580 3368 638 posset:
3397 588 3530 642 quae
3566 573 3861 642 integrum

2250 660 2351 714 sub
2404 660 2493 713 tali
2554 657 2723 713 ferme
2780 657 2965 714 labore
3016 659 3246 714 duxerat
3294 663 3423 716 anni
3478 665 3856 719 curriculum.

2251 750 2422 817 Quam
2450 758 2625 803 mater
2665 747 2859 804 affectu
2905 749 3137 817 diligens
3173 759 3360 805 tenero
3385 793 3402 817 ,
3435 755 3625 823 d‘eqne
3660 755 3861 811 saluus

2252 839 2421 910 ipsius
2453 839 2681 894 sollicita
2713 840 3141 909 recuperatione,
3172 843 3380 897 studuit
3415 845 3647 899 obviam
3679 846 3857 900 dedu-

2251 946 2395 992 cere,
2432 930 2668 999 dumque
2710 932 2957 986 cominus
2993 933 3064 986 ob
3100 933 3426 988 densitatem
3479 937 3860 992 multitudinis

2251 1037 2358 1077 non
2389 1021 2529 1076 valet
2572 1022 2832 1076 accedere
2857 1062 2871 1087 ,
2924 1032 3181 1092 procurat
3213 1024 3617 1093 aliquantulum
3661 1029 3859 1098 vulgus

2252 1113 2730 1168 antecedere.‘blox
2761 1115 2813 1167 in
2837 1116 2942 1178 via,
2973 1130 3070 1184 per
3083 1129 3245 1183 quam
3274 1117 3378 1171 iter
3401 1128 3525 1172 erat
3550 1120 3856 1187 agendum,

2252 1222 2373 1261 sese
2398 1215 2748 1276 prosternens
2776 1204 2934 1260 simul
2964 1220 3085 1260 cum
3113 1205 3328 1269 sobole,
3352 1206 3489 1261 fulta
3514 1208 3703 1261 valida
3726 1210 3855 1273 fide,

2250 1312 2440 1368 preces
2469 1297 2536 1351 ad
2571 1295 2739 1350 Deum
2785 1296 2975 1350 devota
3017 1296 3205 1366 dirigit
3249 1308 3451 1352 mente.
3505 1299 3857 1353 Necdum-ah

2252 1390 2495 1444 oratione
2544 1392 2805 1453 cessarat,
2845 1397 2902 1443 et
2951 1403 3079 1444 ecce
3127 1390 3298 1460 ipsius
3340 1391 3514 1460 ctepit
3557 1392 3857 1447 vociferari

2253 1478 2385 1543 (ilia,
2414 1493 2575 1547 quam
2602 1478 2859 1548 genitrix,
2885 1487 2947 1533 ut
2973 1480 3236 1534 maternis
3279 1482 3606 1537 consoletur
3646 1482 3861 1538 Manili-

2256 1568 2364 1631 tiis,
2395 1582 2626 1638 surgens
2648 1568 2863 1632 intuita,
2889 1576 3049 1638 caput
3075 1569 3194 1638 ejus
3210 1570 3279 1624 ab
3299 1569 3598 1626 iunctione
3623 1572 3773 1627 videt
3793 1576 3861 1627 ad

2253 1658 2527 1727 propriam
2559 1658 2900 1714 rectitudinis
2936 1658 3132 1715 lineam
3162 1675 3453 1716 remeasse.
3487 1661 3655 1716 Tunc
3695 1664 3854 1716 nimia

2255 1746 2528 1803 hilaritate
2568 1748 2911 1817 repleta,-sed
2941 1757 2998 1802 et
3023 1748 3091 1804 de
3126 1750 3292 1818 prolis
3333 1752 3573 1806 sanitate
3614 1754 3852 1815 crinis.

2181 1844 2223 1903 Β
2254 1835 2587 1906 perlustrans
2602 1836 2841 1892 vulneris
2861 1838 3059 1902 locum,
3073 1840 3250 1893 cernit
3266 1841 3536 1909 sanguine
3552 1843 3855 1905 madidum,

2261 1940 2562 1996 nervosque
2589 1927 2678 1981 diu
2702 1935 3011 1984 contractos
3032 1943 3097 1983 ac
3121 1929 3170 1983 si
3189 1928 3343 1984 funes
3372 1931 3602 1986 extendi
3622 1933 3855 2000 produc-

2263 2023 2364 2069 tos.
2384 2012 2475 2068 Sic
2488 2023 2708 2084 accepta
2730 2015 3119 2071 misericordia:
3134 2031 3299 2087 quam
3312 2017 3621 2087 quzesierat
3642 2019 3854 2074 beneﬁ-

2259 2105 2691 2168 Ctione,domum
2706 2106 2826 2162 laeta
2839 2122 2963 2162 cum
2982 2108 3279 2177 gratiarum
3297 2111 3604 2164 revertitur
3623 2113 3850 2168 actione.

2307 2194 2708 2251 LXXXIIIJlac
2721 2198 2886 2267 igitur
2898 2199 3157 2269 dignitate
3169 2200 3671 2273 clarilicationis,et
3685 2219 3851 2259 rerum

2259 2296 2533 2354 gestarum
2562 2286 2921 2341 admiratione
2961 2288 3163 2343 cohors
3189 2290 3410 2358 stipata,
3441 2300 3695 2360 votoque
3735 2307 3851 2362 gra-

2262 2374 2539 2430 tulationis
2563 2416 2581 2440 ,
2624 2386 2900 2447 arreptum
2941 2386 3054 2433 toto
3080 2379 3309 2435 fervoris
3350 2381 3458 2435 iter
3492 2384 3699 2437 annisu
3738 2400 3855 2437 cum

2258 2464 2488 2520 canticis
2503 2466 2824 2536 hymnisque
2836 2481 3152 2535 percurrere
3171 2470 3476 2539 satagebat.
3496 2470 3856 2526 Praecesserat

2258 2557 2509 2627 equidem
2566 2559 2785 2627 praesul,
2834 2561 2930 2616 sed
2984 2574 3237 2616 reversus
3285 2561 3417 2617 cleri
3465 2565 3857 2620 comitantibus

2261 2646 2447 2701 choris
2515 2648 2966 2716 pretiosissimum
3039 2650 3276 2720 prapriis
3338 2652 3671 2706 thesaurum
3701 2655 3857 2708 sui-tit

2259 2736 2532 2791 humeris:
2559 2748 2615 2793 et
2637 2739 2717 2793 sic
2736 2739 2805 2794 ad
2828 2739 2995 2809 ipsius
3012 2741 3286 2810 propriam
3307 2741 3621 2797 beatissimi
3643 2744 3851 2797 domum

2257 2825 2436 2882 Patris
2453 2842 2577 2881 cum
2604 2844 2798 2900 magna
2823 2830 3025 2899 perfert
3047 2830 3216 2900 gloria
3241 2831 3616 2898 jubilationis.
3647 2834 3743 2886 Ast
3767 2835 3853 2887 ubi

2258 2921 2654 2989 perveniturin
2699 2922 3010 2986 ecclesiam,
3041 2938 3169 2992 quae
3207 2934 3525 2993 competere
3578 2926 3689 2978 visa
3732 2937 3855 2979 sunt

2260 3011 2365 3066 rite
2394 3012 2691 3082 dispositis,
2721 3013 2973 3068 inchoata
2991 3013 3103 3082 jam
3127 3015 3367 3069 victimze
3384 3016 3652 3083 spiritalis
3670 3018 3857 3070 immo-

2260 3104 2484 3169 latione,
2502 3104 2698 3159 mulier
2722 3106 2972 3175 qutedam
2995 3107 3063 3161 de
3080 3121 3218 3177 pago
3239 3107 3575 3162 Trecassino
3597 3102 3861 3162 mémbro-

556 3199 738 3256 tionis
763 3199 978 3256 obviam
1027 3200 1308 3255 studerent
1358 3216 1686 3266 occurrere,
1738 3218 1802 3257 ac
1841 3219 1946 3256 non
1999 3203 2157 3257 modo
2187 3188 2230 3249 C
2266 3213 2381 3253 rum
2411 3200 2655 3253 omnium
2707 3199 3002 3268 agitatione
3047 3200 3342 3266 mulctata,
3396 3201 3628 3255 veniens
3672 3215 3859 3256 coram

569 3289 790 3361 benigni
816 3289 996 3348 cordis
1024 3290 1376 3346 intentionem
1405 3307 1421 3356 ;
1453 3292 1583 3360 quin
1619 3292 1782 3346 etiam
1816 3308 1996 3348 rerum
2030 3301 2160 3347 tem-

571 3381 839 3450 poralium
866 3372 1287 3446 exhibitionem,
1303 3373 1465 3449 prout
1484 3381 1683 3451 cuique
1710 3381 1938 3436 facultas
1958 3396 2154 3452 suppe-

571 3472 720 3526 tebat
738 3469 1018 3536 afferrent,
1035 3472 1229 3526 mulier
1247 3472 1493 3541 quaedam
1514 3473 1839 3542 paupercula
1859 3472 1926 3526 de
1941 3472 2159 3526 civitate

568 3576 871 3632 properans
906 3561 961 3614 in
995 3576 1303 3625 occursum,
1343 3576 1507 3615 manu
1538 3576 1754 3615 cereum
1798 3560 2041 3622 ferebat,
2066 3560 2158 3629 qui

572 3665 833 3706 accensus
854 3666 1131 3721 nunquam
1155 3650 1348 3705 fuerat.
1377 3651 1624 3706 Mirabile
1648 3651 1821 3718 dictu,
1843 3650 2025 3705 subito
2044 3665 2158 3705 ca:-

573 3739 704 3793 litus
725 3749 860 3794 nutu
891 3738 1075 3795 divino
1102 3734 1292 3796 cereus
1320 3741 1373 3795 in
1402 3756 1562 3795 manu
1586 3741 1825 3810 gerentis
1852 3748 1937 3795 est
1965 3740 2160 3795 illumi-

573 3838 753 3885 natus.
781 3829 957 3901 Ipsum
979 3845 1193 3901 quoque
1214 3832 1341 3887 dum
1366 3846 1467 3902 per
1489 3841 1657 3887 totam
1682 3832 1856 3887 defert
1878 3832 1966 3886 illa
1992 3832 2158 3897 viam,

572 3923 669 3978 Dei
731 3923 1036 3980 confitendo
1092 3925 1411 3980 miraculum
1455 3965 1472 3992 ,
1542 3940 1883 3994 nequaquam
1941 3925 2161 3993 superni

574 4015 793 4071 luminis
813 4015 1016 4071 amittit
1034 4015 1122 4072 ille
1140 4018 1481 4081 beneficium,
1500 4016 1673 4071 donec
1695 4016 1907 4070 mirifici
1934 4015 2162 4089 pignora

570 4106 747 4176 patris
792 4106 848 4161 in
899 4106 1152 4163 stationis
1208 4109 1441 4178 propria:
1493 4106 1865 4177 perferrentur
1919 4108 2159 4173 domum,

571 4195 760 4267 sicque
790 4210 823 4251 a
852 4197 1108 4267 pontiﬁce
1132 4197 1393 4253 solemnia
1422 4197 1830 4253 celebrarentur
1851 4197 2160 4253 missarum.

573 4286 728 4343 'l‘unc
776 4286 975 4343 femina
1027 4303 1244 4344 cereum
1290 4288 1493 4343 lumine
1556 4286 1871 4359 ﬂagrantem
1926 4288 2163 4344 mirabili

572 4380 813 4436 basilica:
842 4382 1011 4435 tradit
1053 4382 1285 4447 custodi,
1321 4382 1414 4452 qui
1440 4383 1510 4436 oh
1539 4396 1786 4451 supernae
1809 4382 1998 4451 gratia:
2019 4380 2163 4451 quod

2258 3289 2420 3343 altari
2464 3290 2570 3343 ruit
2624 3290 2678 3343 in
2725 3290 3080 3359 pavimento:
3115 3290 3295 3359 ibique
3340 3290 3726 3345 miserabiliter
3769 3292 3863 3345 diu

2256 3386 2473 3453 vexata,
2506 3378 2666 3447 hujus
2691 3380 2916 3448 piissimi
2949 3379 3310 3435 consolatoris
3349 3381 3707 3436 miseratione
3734 3396 3867 3436 sur-

2259 3471 2336 3539 git
2359 3470 2645 3525 incolumis
2673 3469 2885 3526 eﬁ‘ecta.
2909 3469 3042 3537 Quae
3084 3486 3250 3541 super
3290 3480 3485 3526 eventu
3526 3480 3701 3526 tanta:
3734 3486 3865 3526 con~

2260 3560 2404 3615 sulta
2453 3560 2785 3615 calamitatis
2812 3601 2828 3625 ,
2895 3575 3085 3616 necem
3155 3576 3215 3616 se
3276 3562 3506 3633 propria:
3560 3562 3866 3618 conﬁtetur

2259 3645 2602 3723 perpetrasse
2652 3654 2864 3707 matris.
2917 3652 3205 3709 Missarum
3246 3654 3481 3722 denique
3524 3653 3863 3709 solemnibus

2259 3755 2327 3796 ex
2373 3757 2524 3797 more
2578 3743 2836 3814 peractis,
2868 3758 2967 3798 sua
3017 3743 3220 3813 quique
3272 3751 3527 3812 repetunt
3586 3743 3859 3796 reversuri

2260 3843 2472 3888 mature
2500 3835 2551 3888 in
2575 3836 2897 3900 crastinum,
2925 3835 2993 3890 ad
3019 3835 3124 3889 hoc
3154 3834 3334 3888 tutela:
3382 3848 3495 3888 sua:
3538 3833 3859 3903 prasidium

2264 3924 2318 3979 in
2344 3925 2618 3980 civitatem
2638 3925 3043 3995 perferendum.
3070 3925 3227 3981 Mane
3250 3926 3364 3996 jam
3408 3926 3555 3979 facto
3582 3965 3599 3989 ,
3632 3925 3765 3979 dum
3794 3923 3864 3977 ad

2261 4015 2569 4069 condictum
2613 4016 2854 4071 studiose
2907 4017 3283 4080 contenditur,
3328 4015 3564 4070 Erluidis
3603 4018 3859 4085 quaedam

2263 4105 2458 4161 mulier
2498 4092 2641 4161 haud
2689 4107 2878 4176 procul
2907 4108 2975 4162 ab
3004 4109 3141 4163 urbe
3162 4108 3397 4179 degens,
3430 4108 3500 4163 ad
3544 4116 3715 4161 tantae
3741 4123 3863 4178 pro-

2261 4197 2526 4252 cessionis
2552 4198 2945 4267 spectaculum
2996 4200 3319 4269 disponebat
3347 4200 3499 4254 exire
3522 4240 3540 4263 ,
3588 4209 3860 4268 quatenus

2262 4296 2461 4356 optata:
2509 4288 2786 4358 sospitatis
2825 4289 2904 4342 uti
2934 4299 3239 4343 mereretur
3280 4303 3542 4352 munere,
3585 4304 3711 4357 qua:
3737 4288 3861 4358 quia

2258 4376 2372 4447 jam
2403 4392 2502 4446 per
2524 4378 2954 4447 quinquennium
2987 4377 3245 4448 languore
3272 4391 3461 4446 pressa
3490 4385 3706 4447 partem
3737 4392 3860 4431 cor-

574 4472 879 4541 contigerat
905 4473 1179 4543 gaudium,
1233 4472 1518 4526 lmninaria
1563 4487 1899 4542 quaecunque
1940 4487 2038 4541 per
2064 4464 2160 4526 ec;
2194 4534 2232 4543 _
2263 4468 2411 4536 poris
2441 4468 2686 4522 dextram
2710 4474 3112 4537 prremortuam,
3139 4482 3385 4538 peneque
3412 4469 3669 4538 gestabat
3697 4468 3865 4521 inuti-

571 4534 793 4616 clesia—m
820 4534 1141 4617 videbantur
1161 4534 1352 4617 ardere
1374 4534 1597 4617 mandat
1616 4534 1906 4631 exstingui,
1935 4534 2164 4617 lumine-
2193 4534 2240 4593 Ι)
2266 4534 2394 4618 lem.
2424 4556 2545 4610 nisu
2597 4534 2725 4626 quoi
2753 4565 2966 4625 poterat
3016 4534 3311 4621 accedere;
3346 4534 3516 4610 et'ad
3573 4556 3857 4612 visendum

572 4666 680 4720 que
706 4651 965 4706 divinitus
1007 4653 1110 4707 hoc
1136 4654 1262 4706 dato
1309 4669 1496 4707 rursus
1536 4653 1797 4707 accendi:
1829 4652 1988 4722 hujus
2031 4668 2162 4707 vero

570 4751 784 4814 partem
809 4742 953 4796 cerei
977 4742 1118 4798 caelo
1146 4742 1258 4797 dati
1281 4742 1526 4797 miraculi
1551 4742 1794 4798 decernit
1829 4743 1884 4797 in
1915 4742 2162 4798 testimo-

573 4836 726 4890 nium
757 4835 1048 4891 reservari.

645 4925 901 4984 LXXXII.
914 4928 1459 4999 Rotgardisqumdam
1474 4929 1671 4986 femina
1686 4931 1751 4986 de
1763 4945 1899 5000 pago
1911 4930 2163 4985 castricio

572 5021 853 5091 gradiendi
885 5037 1079 5077 carens
1104 5021 1277 5077 cilicio
1299 5022 1539 5091 pristinte
1573 5023 1772 5093 gaudet
1801 5039 1924 5078 cum
1957 5024 2161 5078 incolu-

575 5114 782 5186 mitatis
819 5112 960 5169 dono
986 5130 1001 5167 :
1036 5123 1095 5169 ut
1116 5129 1237 5185 qum
1263 5115 1504 5185 plaustro
1526 5114 1824 5169 devehente
1853 5113 2031 5169 fuerat
2059 5116 2155 5169 ad-

574 5202 760 5267 ducta,
788 5203 1020 5273 propriis
1041 5203 1381 5272 postmodum
1411 5204 1637 5273 pedibus
1677 5219 1922 5259 remeare
1962 5204 2164 5258 valeret

576 5292 645 5347 ad
683 5307 802 5347 sua.
856 5292 1124 5349 Praeterea
1154 5295 1350 5349 mulier
1377 5294 1623 5365 quaedam
1657 5311 1839 5351 secum
1883 5295 2163 5365 parvulam

575 5399 671 5438 sex
703 5397 967 5438 annorum
995 5383 1111 5441 fere
1136 5384 1315 5440 defert
1352 5386 1516 5440 tiliam
1538 5427 1553 5452 ,
1582 5388 1800 5441 nomine
1830 5385 2117 5441 Wullidem
2146 5405 2159 5443 :

573 5487 694 5543 qna-
728 5472 855 5527 dum
877 5474 1111 5543 quadam
1139 5476 1226 5531 die
1251 5492 1374 5531 cum
1412 5478 1608 5533 cozevis
1628 5478 1856 5542 luderet,
1884 5479 1953 5533 ab
1980 5476 2161 5546 aliqua

576 5573 895 5619 transeunte
925 5562 1067 5620 forte
1097 5566 1324 5622 muliere
1357 5581 1614 5636 percussa
1662 5567 1839 5623 fuerat
1883 5568 1936 5620 in
1960 5568 2158 5638 capite.

478 5690 485 5697 .
576 5651 695 5716 Quo
725 5653 832 5709 ictu
860 5653 1025 5718 I:esa~,
1056 5654 1133 5711 ita
1176 5664 1238 5709 ut
1285 5655 1406 5725 ejus
1434 5667 1584 5743 retro
1611 5657 1870 5713 reflexum
1896 5656 2161 5713 inhaerere

578 5744 778 5800 cetvici
806 5746 1084 5804 videretur
1107 5747 1443 5818 occipitium,
1487 5765 1586 5806 nec
1620 5750 1671 5807 in
1698 5749 1860 5806 aliam
1881 5759 2042 5820 caput
2072 5766 2157 5806 re-

2269 4644 2413 4700 sacri
2448 4644 2692 4701 muneris
2741 4643 2901 4712 hujus
2932 4645 3165 4701 loculum
3219 4638 3342 4700 sese
3376 4644 3601 4699 molitur
3652 4660 3861 4714 promo-

2270 4749 2419 4789 vere.
2447 4734 2692 4804 Cumque
2720 4734 2812 4788 tali
2843 4735 3128 4789 conamine
3143 4734 3258 4804 jam
3302 4732 3417 4788 fere
3446 4735 3693 4788 medium
3713 4749 3859 4804 pera-

2268 4834 2478 4894 grasset
2504 4823 2716 4878 itineris
2747 4823 2905 4892 hujus
2926 4824 3185 4893 spatium,
3209 4837 3319 4879 non
3344 4822 3532 4878 valens
3563 4825 3712 4887 ultra
3746 4840 3859 4893 pro—

2269 4913 2485 4979 cedere,
2536 4914 2690 4984 gravi
2743 4913 2952 4968 corruit
3011 4914 3259 4968 confecta
3312 4912 3517 4968 labore.
3574 4913 3861 4969 Heditatur

2270 5005 2486 5058 domum
2519 5004 2694 5059 redire
2720 5020 2736 5069 ;
2761 5005 2856 5059 sed
2883 5004 3071 5073 nequit
3094 5004 3200 5059 hoc
3229 5003 3498 5058 ullatenus
3525 5004 3857 5074 adimplere:

2269 5111 2390 5166 qme
2429 5104 2714 5166 postquam
2746 5097 2849 5151 hac
2870 5096 3185 5165 aliquandiu
3206 5107 3407 5150 nutans
3434 5096 3614 5165 jacuit
3650 5098 3860 5152 basiu-

2272 5188 2440 5253 tione,
2487 5189 2706 5242 demum
2744 5196 3023 5256 resumpto
3070 5186 3365 5241 molimiuis
3407 5201 3545 5241 ausu
3598 5196 3772 5241 tentat
3797 5201 3859 5239 an

2271 5278 2448 5332 valeat
2487 5278 2667 5333 adhuc
2718 5278 3113 5349 aliquantulum
3181 5279 3574 5348 propinquare.
3624 5277 3850 5347 Moxque

2272 5371 2456 5426 divina
2521 5372 2817 5427 miserante
2870 5371 3158 5427 clementia
3221 5371 3376 5441 vigor
3427 5358 3859 5439 :egris'additur

2265 5463 2478 5519 nisibus
2500 5477 2519 5515 :
2556 5463 2869 5535 viribusque
2894 5478 3021 5518 cum
3047 5462 3373 5517 salubritate
3399 5464 3660 5533 receptis,
3688 5462 3851 5517 libera

2264 5555 2530 5611 festinans
2557 5554 2858 5621 celeritate,
2880 5555 3158 5625 nimiaque
3206 5553 3511 5623 tripudians
3562 5553 3852 5615 hilaritate,

2263 5663 2372 5718 quo
2393 5648 2711 5704 decreverat
2728 5655 2931 5717 aegrota
2952 5661 3014 5701 se
3038 5649 3276 5711 trahere,
3302 5645 3429 5716 agili
3453 5646 3623 5711 erepit
3647 5647 3852 5701 incessu

2262 5746 2502 5816 gaudens
2531 5760 2909 5816 approperarc.
2936 5744 3271 5801 inﬁrmitatis
3304 5743 3470 5798 ctiam
3489 5758 3603 5799 sua:
3624 5742 3853 5811 solamen
