4038 6322
166 382 321 444 H85

1439 380 1598 437 VlTA
1634 374 1883 433 SANCTI
1923 375 2207 433 REMlGll.

3323 378 3468 438 “88

163 502 540 559 manuferens
568 499 836 564 baculum,
876 499 981 555 iter
1027 497 1240 568 peragit
1267 494 1597 552 destinatum
1624 508 1638 546 :
1667 504 1774 545 non
1803 491 1852 550 Α
1882 489 2095 546 hostilis
2143 493 2204 545 ’in
2237 507 2389 563 spem
2431 493 2692 564 paulatim
2721 495 3032 553 securitatis
3071 487 3499 569 tranquillitate-

164 606 230 650 ut
255 594 385 664 ejus
415 594 651 664 amplius
667 600 852 662 egeret
875 590 1100 656 auxilio,
1122 588 1215 644 sed
1235 597 1293 642 ut
1313 587 1365 642 id
1390 587 1443 642 in
1463 586 1622 655 hujus
1639 584 1779 638 data:

163 686 275 742 sibt
310 685 576 739 sanitatis
600 684 948 750 responderet
977 679 1309 735 testimonio.
1341 676 1779 743 Perveniensque

161 792 280 847 quo
310 768 749 835 desideraverat,
773 771 1110 826 laudabunda
1159 769 1387 824 devotas
1427 763 1776 821 interventori

163 880 272 921 suo
323 864 586 935 rependit
633 863 858 932 gratias.
914 861 1119 929 Hioque
1168 858 1437 929 prolatum
1495 855 1779 910 dimittens

161 956 468 1021 bacillum,
498 955 695 1024 priscae
734 952 1062 1008 calamitatis
1100 965 1212 1006 sum
1247 947 1500 1004 solatium
1522 987 1537 1010 ,
1581 943 1777 999 alacris

159 1047 308 1118 jam,
341 1063 453 1104 nec
479 1048 601 1118 opis
631 1044 790 1114 hujus
837 1046 1045 1115 indiga,
1077 1044 1273 1114 repetit
1305 1043 1411 1096 iter
1457 1055 1738 1096 emensum
1759 1079 1776 1104 ,

161 1136 432 1194 referens
464 1138 586 1194 laeta
611 1137 899 1208 quaesitum
938 1135 1137 1191 divinas
1163 1132 1551 1189 consolationis
1577 1128 1775 1186 suifra-

162 1228 345 1297 gium.

242 1315 549 1371 LXXXIV.
586 1316 893 1371 Adveniens
914 1317 1096 1386 itaque
1123 1311 1365 1383 pontifex
1397 1310 1526 1366 eleri
1556 1324 1778 1380 magna-

116 1436 123 1443 -
165 1415 410 1474 tumque
478 1406 712 1476 stipatus
762 1406 997 1477 agmine,
1064 1404 1283 1458 victima
1331 1401 1521 1456 salutis
1559 1399 1773 1462 oblata,

163 1499 431 1553 vestibus
485 1498 624 1553 albis
681 1499 920 1562 indutus,
978 1512 1101 1551 eum
1162 1494 1347 1549 choris
1398 1492 1774 1562 psallentium,

162 1591 559 1661 gratissimum
584 1590 802 1646 deducit
828 1590 894 1644 ad
936 1589 1136 1644 muenia
1160 1586 1401 1642 civitatis
1437 1586 1772 1640 thesaurum.

162 1680 281 1735 Illis
327 1689 523 1736 autem
574 1679 809 1735 feliciter
864 1695 932 1734 eo
975 1676 1482 1750 progredientibus,
1539 1682 1595 1730 et
1647 1689 1775 1741 gra-

164 1780 364 1827 tanter
421 1772 489 1826 ad
547 1772 875 1826 destinatum
935 1771 1111 1825 locum
1174 1769 1551 1833 tendentibus,
1601 1766 1776 1822 omni-

1880 583 2112 635 vertitur
2155 585 2322 653 pacis.

1888 718 1893 723 .
1950 670 2235 728 LXXXVI.
2286 675 2401 732 Hac
2435 677 2625 734 eadem
2668 679 2896 749 praefata
2937 680 3144 736 scilicet
3201 681 3468 741 illationis

1879 765 2023 817 sacri
2055 765 2300 834 corporis
2336 767 2391 820 in
2418 770 2606 823 urbem
2632 771 2736 834 die,
2764 770 2932 839 tingui
2952 770 3155 826 fervida
3188 770 3302 839 jam
3336 773 3469 827 solis

1880 867 2085 907 oceano
2134 863 2253 908 rota
2294 848 2543 924 petente,
2593 858 2812 927 quidam
2858 858 3081 915 Nivolus
3130 862 3349 916 nomine
3398 863 3467 917 de

1879 945 2005 998 villa
2035 961 2157 1014 qua:
2195 957 2418 1001 vocatur
2464 948 2770 1015 Dominica,
2800 950 3135 1007 themorum
3168 954 3370 1008 montis
3413 956 3466 1008 in

1880 1036 2052 1093 latere
2092 1039 2217 1103 sita,
2255 1040 2453 1094 surdus
2480 1052 2534 1095 et
2564 1050 2775 1106 mutus,
2810 1043 3060 1099 manibus
3098 1060 3317 1116 quoque
3365 1060 3469 1117 per

1881 1144 2055 1182 annos
2077 1144 2272 1183 novem
2304 1130 2530 1196 debilis,
2579 1147 2646 1187 ac
2691 1135 2938 1203 pedibus,
2965 1137 3330 1208 qualicunque
3366 1152 3469 1209 per

1848 1228 2049 1295 .totam
2097 1223 2239 1276 diem
2280 1224 2447 1277 valuit
2496 1227 2805 1291 conamine,
2849 1229 2916 1281 ab
2970 1230 3138 1299 ipsius
3189 1230 3468 1300 surgentis

1880 1329 2089 1370 aurorae
2117 1315 2352 1381 lumine,
2377 1332 2475 1385 per
2510 1319 2747 1388 quinque
2780 1319 2951 1374 ferme
2980 1337 3233 1390 passuum
3266 1338 3464 1392 repens

1880 1406 2084 1472 millia,
2121 1408 2210 1461 vix
2265 1410 2334 1463 ad
2388 1410 2557 1478 ipsius
2605 1412 2739 1465 tedis
2779 1411 3033 1481 sepulcri
3064 1413 3251 1466 limina
3306 1414 3462 1480 quasi

1878 1497 2088 1553 decima
2135 1500 2352 1554 tandem
2404 1501 2655 1569 pervenit
2709 1503 2879 1568 hora,
2927 1503 3018 1572 qui
3066 1504 3195 1558 dum
3241 1504 3467 1559 veniens

1880 1605 2097 1645 sacrum
2159 1606 2357 1661 corpus
2416 1593 2616 1648 ibidem
2672 1609 2778 1648 non
2830 1596 3022 1650 adesse
3074 1597 3464 1666 comperisset,

1879 1680 2171 1751 templique
2218 1681 2360 1736 fores
2407 1684 2545 1738 seris
2591 1684 2878 1755 diligenter
2921 1684 3226 1740 obﬁrmatis
3249 1684 3468 1740 clausas

1879 1773 2244 1841 perspiceret,
2276 1772 2476 1827 cadens
2516 1774 2567 1827 in
2615 1773 2810 1828 faciem
2857 1789 3020 1843 super
3062 1784 3283 1840 terram,
3328 1789 3466 1844 qua-

163 1870 375 1930 potens
424 1861 571 1916 Deus
616 1861 671 1915 in
718 1860 877 1929 hujus
923 1860 1230 1915 charissimi
1268 1859 1350 1914 sui
1391 1857 1779 1927 gloriﬁcatione
1808 1862 1854 1921 Β
1884 1864 2005 1917 dam
2036 1866 2472 1935 prsesumptionis
2501 1866 2930 1935 importunitate,
2967 1866 3273 1922 sanctitatis
3302 1881 3466 1922 aures

163 1951 387 2007 fontem
412 1968 526 2007 sme
546 1951 894 2022 benignitatis
908 1966 972 2005 ac
994 1950 1264 2019 largitatis
1285 1950 1495 2005 abunde
1523 1949 1774 2019 dignatus

162 2051 255 2097 est
288 2040 580 2097 effundere
619 2060 633 2096 :
677 2052 735 2096 ut
766 2043 854 2096 vix
885 2042 1066 2112 lingua
1091 2040 1350 2110 quaelibet
1378 2039 1533 2095 elfari
1568 2039 1772 2105 valeat,

162 2150 297 2203 qua:
345 2134 457 2189 hoc
504 2143 631 2189 tunc
681 2135 876 2189 itinere
917 2141 1016 2204 per
1064 2134 1178 2203 ipsa
1203 2148 1339 2203 pene
1385 2141 1773 2188 momentanea

162 2233 335 2290 gesta
381 2226 683 2293 probantur
727 2227 982 2279 horarum
1030 2225 1340 2280 iulerstitia.
1382 2223 1519 2279 Nam
1566 2231 1773 2277 tantam

164 2318 451 2373 Dominus
511 2319 600 2374 hic
652 2327 908 2387 operatus
963 2326 1048 2372 est
1102 2317 1205 2371 hac
1255 2316 1341 2371 die
1388 2314 1773 2370 miraculorum

166 2410 615 2482 magnitudinem
647 2425 663 2464 :
698 2420 754 2465 ut
784 2410 885 2463 viri
930 2418 1183 2479 quatuor,
1235 2406 1450 2463 femina:
1495 2420 1627 2462 vero
1673 2421 1776 2461 no-

167 2514 303 2553 vem
358 2499 575 2565 visum,
638 2498 739 2554 viri
789 2514 1006 2570 quoque
1055 2499 1162 2554 duo
1221 2512 1464 2570 gressum
1533 2497 1777 2568 recipere

172 2599 554 2647 mererentur.
603 2590 736 2645 Cum
794 2590 957 2659 hujus
1007 2590 1190 2658 itaque
1227 2588 1501 2659 praeclara:
1530 2587 1773 2657 gratula-

165 2683 346 2737 tionis
399 2682 760 2737 admiratione
800 2682 854 2735 iu
927 2681 1204 2735 civitatem
1235 2680 1303 2733 ad
1342 2677 1633 2733 ecclesiam
1677 2675 1776 2730 Dei

164 2772 480 2826 Genitricis
507 2771 868 2840 prosperrima
898 2770 1212 2839 pervenitur
1240 2767 1617 2822 exsultatione.
1658 2765 1775 2820 Sic-

166 2878 283 2933 que
323 2862 553 2917 lueerna
601 2861 719 2917 lucc
767 2860 955 2915 lucens
1000 2870 1056 2914 et
1101 2858 1301 2913 ardens
1339 2856 1671 2912 mternaliter
1716 2855 1770 2909 in

164 2952 374 3007 altaris
435 2952 646 3008 sistitur
685 2951 977 3022 crepidine.
1039 2950 1178 3005 Dum
1232 2948 1433 3020 przesul
1484 2948 1648 3019 igitur
1705 2949 1774 3002 ad

168 3044 517 3099 sacrandum
571 3043 768 3098 vivitici
825 3057 1019 3097 munus
1083 3042 1294 3097 accedit
1341 3039 1621 3111 mystcrii,
1654 3038 1775 3108 quis

170 3143 289 3189 tam
327 3133 571 3188 ferreum
610 3142 815 3204 pectus,
860 3142 969 3187 tam
1017 3132 1285 3201 lapideum
1327 3146 1424 3186 cor
1462 3129 1647 3199 gessit,
1679 3130 1772 3200 qui

174 3228 295 3283 non‘
344 3225 582 3296 gemitus
655 3225 877 3290 ederet,
930 3231 1120 3292 pectus
1178 3222 1461 3287 tunderet,
1505 3221 1778 3292 lacrymas

174 3318 471 3382 fumleret,
534 3317 662 3372 dum
724 3325 833 3371 tam
899 3314 1166 3385 stupenda
1243 3313 1549 3368 divinorum
1635 3312 1776 3367 dona

171 3408 577 3463 charismatum
611 3405 989 3475 conspiceret?
1012 3403 1147 3472 Quis
1183 3404 1384 3459 etenim
1433 3410 1601 3472 queat
1636 3417 1777 3457 euu-

174 3511 401 3552 merare
454 3496 715 3551 mirorqu
742 3495 954 3566 copiam
992 3496 1210 3550 coalitus
1236 3495 1323 3549 hic
1351 3509 1415 3548 ea
1466 3494 1551 3548 die
1581 3492 1773 3561 profu-

173 3589 339 3643 sam?
389 3587 559 3642 Nemo
601 3603 789 3643 revera
832 3588 924 3656 qui
965 3587 1142 3643 valeat
1180 3586 1437 3657 expedire
1487 3600 1774 3651 sermone,

174 3689 316 3749 quot
369 3687 703 3748 aegrotantes
750 3682 968 3743 sanati,
1028 3688 1160 3749 quot
1217 3679 1512 3734 titubantes
1568 3677 1775 3742 erecti,

177 3777 321 3841 quot
364 3768 481 3838 ipsa
522 3767 611 3822 die
653 3768 885 3823 diversis
928 3768 1019 3822 hic
1063 3776 1190 3822 sunt
1233 3768 1480 3823 cladibus
1521 3766 1773 3822 absoluti.

246 3859 524 3916 LXXXV.
544 3858 670 3915 Post
702 3858 916 3929 expleta
936 3860 1288 3931 mysticorum
1319 3858 1664 3913 discedentes
1693 3873 1780 3912 sa-

182 3966 283 4005 cra
310 3950 662 4005 maturabant
684 3932 883 4019 quique
903 3959 1144 4018 repetere
1164 3964 1281 4003 sua.
1299 3947 1405 4003 Sed
1429 3947 1570 4001 inter
1593 3948 1779 4003 absce-

188 4037 433 4095 dendum
484 4038 671 4093 minax
720 4037 851 4092 oriri
907 4037 1173 4092 territatio
1206 4053 1219 4090 :
1253 4036 1423 4091 nubes
1452 4037 1776 4102 teterrimae,

179 4129 569 4197 terribilesque
605 4143 954 4198 consurgere,
988 4128 1292 4183 truculenta
1329 4127 1508 4197 polum
1547 4127 1780 4198 caligine

181 4223 467 4290 claudere,
484 4226 687 4279 micare
717 4223 950 4294 fulgura,
972 4237 1301 4292 concrepare
1332 4223 1594 4287 tonitrua,
1617 4236 1778 4291 gran-

181 4315 365 4386 doque
419 4314 593 4370 solum
634 4315 923 4370 verberare
969 4313 1135 4384 erepit
1193 4328 1298 4367 non
1353 4312 1617 4377 minima,
1671 4325 1780 4382 quo

184 4414 402 4464 terrore
425 4406 671 4479 percussi
711 4404 919 4460 rediere
946 4403 1186 4474 plurimi,
1215 4403 1557 4458 clementiam
1587 4403 1779 4472 depre-

183 4509 374 4555 cantes
452 4497 757 4563 Altissimi,
830 4505 1098 4565 quatenus
1157 4493 1318 4562 hujus
1390 4492 1778 4548 intercessione

1880 1954 2219 2009 clandestino
2264 1955 2428 2025 erepit
2460 1955 2699 2011 clamore
2746 1956 2984 2025 pulsare,
3019 1966 3127 2010 tam
3156 1970 3355 2027 magno
3395 1971 3460 2011 se

1877 2060 2217 2116 conquerens
2264 2046 2451 2101 labore
2497 2046 2804 2118 fatigatum,
2862 2063 2963 2103 nec
3016 2048 3117 2103 sibi
3165 2047 3282 2103 fore
3329 2063 3453 2118 per-

1876 2136 2102 2191 missum
2137 2138 2321 2192 videre
2351 2136 2540 2192 saltem
2588 2139 2822 2193 loculum
2860 2139 3002 2194 sacri
3047 2140 3291 2210 pignoris
3314 2139 3467 2208 baju-

1878 2226 2009 2290 lum,
2059 2228 2150 2296 qui
2194 2235 2374 2280 tamen
2417 2229 2534 2298 ejus
2567 2229 2667 2284 sibi
2719 2244 2881 2298 posse
2929 2230 3221 2285 subvenire
3259 2230 3465 2284 celsum

1878 2332 2219 2387 nequaquam
2250 2318 2515 2375 diilideret
2540 2320 2870 2389 praesidium.
2896 2320 3046 2374 Talia
3069 2320 3302 2390 denique
3333 2321 3463 2375 dum

1876 2410 2040 2463 tacita
2090 2425 2272 2464 secum
2324 2410 2533 2465 volutat
2585 2420 2797 2475 mente,
2851 2410 3044 2464 salutis
3087 2411 3244 2481 vigor
3290 2412 3464 2481 ipsius

1875 2515 1975 2568 per
2020 2502 2263 2555 membra
2316 2514 2531 2570 quoque
2574 2502 2776 2554 sensim
2822 2501 2988 2569 erepit
3036 2500 3298 2570 irrepere,
3352 2502 3466 2571 pri-

1877 2606 2108 2659 scasque
2161 2599 2344 2659 stupet
2389 2591 2550 2645 simul
2605 2591 2847 2645 omnium
2904 2607 2966 2647 se
3016 2593 3161 2646 vires
3206 2607 3466 2648 sensuum

1876 2693 2220 2749 recuperare.
2252 2680 2496 2749 Cumque
2515 2695 2703 2733 rumor
2724 2681 3057 2749 operationis
3089 2682 3314 2752 hujusce
3337 2680 3462 2751 qui-

1876 2766 2103 2822 busdam
2145 2768 2517 2823 nuntiantibus
2539 2784 2699 2824 aures
2723 2769 3041 2839 percelleret
3081 2771 3464 2840 plurimorum,

1875 2859 2127 2913 certatim
2149 2858 2348 2927 quique
2369 2869 2720 2928 procurrunt,
2775 2861 3091 2915 admiranda
3117 2861 3210 2916 Dei
3240 2876 3463 2927 magna-

1875 2948 1945 3001 lLa
1986 2948 2233 3002 laetantes
2275 2948 2564 3017 aspiciunt,
2597 2959 2828 3003 ovanter
2878 2950 3156 3004 hominem
3188 2950 3253 3002 ad
3289 2948 3467 3004 locum

1875 3040 2170 3094 venerandi
2214 3028 2447 3109 sepulcri
2489 3041 2829 3110 perducunt,
2886 3056 3178 3111 campauas
3226 3040 3468 3111 pulsant,

1880 3130 2199 3185 laetabundis
2224 3131 2332 3186 Deo
2360 3130 2547 3184 laudes
2565 3132 2788 3185 vocibus
2811 3131 3077 3186 intonant.
3109 3131 3278 3201 Hujus
3305 3133 3469 3187 mira-

1827 3220 1984 3276 quli
2040 3221 2269 3290 permoti
2324 3220 2468 3275 fama
2532 3221 2948 3291 quamplurimi,
3008 3223 3228 3277 domum
3277 3231 3472 3293 petunt

1882 3312 2157 3378 ecclesias,
2211 3312 2396 3367 videre
2425 3313 2705 3382 cupientes
2748 3311 3012 3382 magnalia
3056 3313 3169 3375 Dei,
3220 3313 3470 3367 videntes

1881 3415 1940 3458 ut
1992 3403 2278 3458 audierant
2326 3404 2632 3459 divinarum
2688 3404 2839 3474 signa
2892 3405 3173 3467 virtutum,
3221 3403 3471 3458 manibus

1880 3502 2163 3563 gratanter
2190 3494 2241 3547 in
2274 3492 2471 3547 malum
2502 3494 2768 3562 porrectis
2796 3493 3125 3549 benedicunt
3152 3493 3462 3548 Dominum.

1882 3584 2036 3651 Quod
2066 3583 2204 3639 divae
2252 3583 2601 3655 benignitatis
2644 3583 2964 3639 miraculum
2997 3583 3152 3639 valde
3186 3593 3314 3640 tunc
3340 3599 3469 3655 pro—

1882 3674 2051 3729 fuisse
2087 3675 2424 3746 dignoscitur
2444 3675 2510 3730 ad
2538 3689 2725 3730 eorum
2775 3675 3047 3740 solatium,
3100 3677 3192 3746 qui
3238 3691 3298 3731 se
3340 3691 3468 3731 cor-

1882 3767 2145 3838 poraliter
2171 3767 2345 3821 deseri
2398 3775 2548 3821 tanto
2584 3770 2955 3837 querebantur
2983 3777 3247 3838 patrono;
3272 3769 3471 3840 quibus

1886 3863 2064 3910 tamen
2110 3855 2420 3923 specialiter
2465 3870 2524 3909 se
2553 3872 2659 3910 non
2696 3858 2905 3922 deesse,
2958 3859 3052 3912 tali
3103 3861 3323 3930 pietatis
3372 3875 3467 3931 pa-

1885 3956 2038 4003 tratae
2066 3946 2364 4001 declaravit
2392 3946 2612 4002 iudicio.

1954 4036 2259 4091 LXXXVII.
2282 4036 2338 4090 lu
2366 4038 2592 4093 ecclesia
2618 4052 2831 4111 quoque
2844 4039 3018 4096 beata:
3041 4040 3136 4096 Dei
3152 4041 3468 4110 Genitricis,

1882 4130 1972 4187 ubi
2024 4130 2335 4186 venerabile
2401 4130 2579 4187 Patris
2640 4132 2799 4203 hujus
2856 4134 3178 4188 servabatur
3232 4133 3469 4205 pignus,

1882 4221 2125 4276 nonnulli
2183 4221 2381 4277 diversi
2429 4222 2617 4293 mgroti
2672 4231 2798 4277 sunt
2857 4222 3074 4277 interim
3128 4224 3299 4278 curati
3351 4223 3468 4279 lan-

1883 4314 2161 4384 guoribus.
2194 4304 2327 4366 Nam
2366 4312 2583 4382 quidam
2630 4313 2849 4367 nomine
2900 4312 3104 4368 Natalis
3157 4314 3223 4369 de
3259 4314 3465 4370 Borde-

1883 4421 2044 4470 naco,
2093 4405 2288 4460 mulier
2334 4405 2498 4460 etiam
2536 4404 2681 4460 dicta
2726 4405 3051 4477 Tcutberga,
3096 4407 3223 4460 item
3272 4407 3472 4462 mulier

1883 4496 2053 4551 altera
2099 4497 2318 4551 nomine
2365 4494 2667 4559 Guntildis,
2718 4495 2877 4563 hujus
2925 4497 3229 4566 patrocinio
3284 4497 3466 4555 Patris

181 4590 365 4647 Patris
416 4590 713 4646 beatissimi
761 4597 1101 4644 mererentur
1134 4588 1202 4641 ab
1242 4587 1327 4642 his
1369 4585 1774 4641 imminentibus
1803 4566 2054 4639 l)visum
2111 4586 2352 4655 recipere
2400 4593 2737 4650 meruerunt,
2791 4586 2896 4639 alia
2944 4588 3190 4656 quzedatn
3245 4603 3463 4658 quoque

182 4680 447 4750 periculis
474 4679 613 4733 erui.
663 4676 857 4731 Mirum
896 4677 950 4731 in
998 4675 1213 4731 modum
1262 4676 1617 4746 perturbatio,
1655 4690 1776 4745 quae

186 4781 460 4827 terrorem
501 4770 826 4833 incusserat,
880 4768 1178 4832 immutari,
1224 4768 1447 4822 nubium
1474 4767 1777 4823 clarescere

190 4861 588 4925 teuebrositas,
640 4872 856 4914 cessare
906 4856 1149 4929 fulgura,
1205 4858 1443 4928 mitigari
1501 4858 1773 4924 tonitrua,

190 4961 495 5022 cunctaque
537 4949 717 5006 sedari
752 4949 920 5018 erepit
963 4963 1027 5004 ac
1062 4948 1312 5017 dissipari
1366 4958 1686 5018 tempestas,
1718 4956 1774 5002 et

192 5056 257 5096 ex
284 5043 425 5099 truci
447 5056 711 5098 conversa
740 5041 793 5096 in
817 5038 1179 5111 exoptabilem
1209 5040 1444 5109 pluviam
1472 5040 1736 5111 grandine
1759 5079 1775 5106 ,

192 5132 406 5189 telluris
448 5134 680 5189 ubertim
709 5130 1046 5202 superficies,
1089 5146 1210 5201 quze
1241 5131 1409 5185 nimio
1432 5132 1559 5187 solis
1586 5140 1777 5187 exusta

199 5220 438 5281 fervebat
459 5226 673 5288 ardore,
696 5214 913 5293 perfusa
938 5223 1168 5277 fecundo
1194 5222 1485 5279 salubriter
1509 5222 1779 5279 refovere-

200 5322 286 5368 tur
313 5316 567 5371 humore.
598 5314 797 5382 Sicque
828 5312 1112 5370 manifeste
1168 5315 1406 5387 dignosci
1438 5315 1599 5370 datur
1633 5315 1779 5370 indi-

202 5407 468 5475 gnationis
490 5408 557 5465 ad
580 5408 769 5463 horam
787 5407 1055 5462 concitata
1088 5408 1351 5478 permotio
1372 5406 1561 5463 salutis
1585 5407 1777 5463 immu-

204 5503 310 5553 tata
366 5490 914 5568 subsidio.‘Denique
969 5498 1342 5569 benignissimi
1395 5496 1572 5554 Patris
1620 5499 1779 5568 hujus

205 5589 394 5646 solatio
456 5592 623 5648 totius
672 5591 804 5647 dine
854 5589 1023 5662 pestis
1072 5590 1275 5646 nostris
1323 5590 1539 5647 videtur
1580 5591 1779 5647 finibus

207 5680 479 5741 eliminata
534 5686 812 5755 corruptio
877 5703 890 5739 :
942 5683 1175 5740 salubris
1221 5698 1354 5749 aer,
1413 5685 1594 5756 pluvia
1651 5683 1776 5741 data

208 5782 546 5845 congruens:
581 5775 743 5832 timor
786 5777 979 5843 etiam,
1025 5775 1117 5847 qui
1162 5790 1388 5847 regnum
1434 5787 1775 5849 pervaserat,

1883 4677 2079 4731 mulier
2119 4676 2279 4732 unius
2325 4674 2466 4731 oculi
2499 4676 2676 4730 visum
2716 4676 2769 4731 iu
2817 4678 3006 4732 eadem
3036 4677 3197 4732 domo
3248 4693 3471 4749 recupe-

1884 4767 2025 4821 ravit
2068 4766 2349 4820 amissum.
2408 4764 2662 4831 Quaedam
2719 4777 2980 4837 praeterea
3036 4768 3213 4843 puella
3269 4784 3473 4838 cogno-

1884 4856 2031 4910 mine
2054 4855 2363 4925 Florgildis,
2395 4870 2461 4910 ex
2483 4855 2607 4910 villa
2635 4872 2755 4926 qua:
2785 4866 3010 4911 vocatur
3034 4855 3283 4911 Caucella
3310 4872 3472 4915 secus

1883 4946 2099 5001 Libram
2130 4945 2362 5001 rivulum
2411 4948 2537 5013 sita,
2570 4957 2804 5018 quatuor
2825 4948 3045 5002 circiter
3084 4946 3261 5002 anatis
3298 4963 3473 5003 annos

1883 5052 2098 5108 gerens,
2131 5038 2445 5093 lubricando
2470 5038 2720 5107 prolapsa
2756 5047 3047 5107 utrumque
3073 5035 3175 5091 sibi
3206 5051 3347 5106 genu
3373 5038 3467 5092 de-

1881 5128 2191 5185 bilitavct-at
2221 5147 2233 5181 :
2265 5130 2337 5182 ita
2365 5129 2555 5185 clauda
2605 5128 2766 5192 facta,
2803 5137 2862 5182 ut
2900 5127 3125 5207 omnino
3169 5143 3269 5183 nec
3314 5144 3469 5200 gres-

1882 5234 2003 5274 sum
2062 5220 2246 5290 figere,
2300 5234 2400 5275 nec
2441 5220 2670 5290 pedibus
2713 5219 2922 5273 valeret
2962 5219 3249 5285 insistere;
3304 5235 3466 5290 quam

1880 5319 2134 5381 parentes
2155 5311 2291 5381 ejus,
2322 5309 2568 5378 quamvis
2592 5323 2879 5379 pauperes,
2904 5308 2973 5365 de
3002 5310 3264 5378 sospitate
3285 5320 3467 5366 tamen

1887 5403 2057 5474 ipsius
2088 5403 2321 5464 solliciti,
2350 5417 2445 5472 per
2467 5402 2711 5457 diversas
2736 5400 2951 5457 deferre
2972 5412 3282 5458 sanctorum
3309 5416 3466 5457 cura-

1886 5503 2080 5549 verum
2125 5493 2403 5549 ecclesias.
2434 5492 2533 5547 Ast
2584 5491 2673 5547 ubi
2717 5490 2831 5561 jam
2878 5507 2977 5564 per
3022 5490 3304 5548 duodecim
3350 5490 3466 5549 fere

1889 5603 2154 5643 annorum
2205 5587 2436 5658 spatium
2479 5586 2571 5641 tali
2600 5593 2892 5642 vexaretur
2932 5586 3211 5657 languoris
3257 5587 3468 5643 acerbi-

1891 5692 2023 5748 tate,
2067 5697 2170 5738 nec
2200 5682 2499 5737 remedium
2545 5680 2745 5737 doloris
2770 5688 2954 5751 posset
2984 5680 3260 5745 invenire;
3314 5694 3467 5736 com-

1889 5777 2106 5850 periens
2167 5774 2232 5832 de
2280 5775 2542 5831 relatione
2597 5773 2739 5831 sacri
2800 5775 3076 5852 corporis,
3130 5784 3467 5844 opetumque
