4038 6322
547 369 687 429 “87

1345 360 1675 419 mNCMARI
1712 358 1928 416 RHEM.
1968 359 2287 417 ARCHIEP.
2334 359 2703 417 OPUSCULA
2749 359 2979 416 \‘ARIA.

3698 361 3845 421 1188

534 477 844 544 miraculis,
885 492 995 547 quo
1031 463 1228 529 \‘aiuif
1258 474 1381 529 nisu
1423 487 1612 542 repere
1664 472 1866 541 cmpit;
1919 486 2021 527 nec
2065 486 2125 525 se
2153 483 2201 541 Α
2229 488 2400 543 usque
2452 474 2521 529 ad
2568 474 2941 544 episcopatum
3000 473 3326 531 venerabilis
3378 474 3606 532 Berivei
3647 478 3842 535 archi-

534 581 795 644 carpeuto
836 568 1101 640 permittit
1144 565 1383 635 imponi,
1430 565 1523 619 scd
1579 571 1755 618 tractu
1787 571 1947 634 prout
1981 562 2127 618 valet

536 666 667 722 illud
694 680 855 736 agere
884 663 1043 734 gestit
1073 662 1197 715 iter.
1225 660 1306 715 Ad
1329 659 1584 730 templum
1625 674 1753 714 vero
1774 658 2122 728 perveniens,

534 772 643 826 quo
678 755 974 823 pretiosum
1005 750 1196 805 salutis
1244 750 1490 803 audierat
1530 764 1725 803 munus
1754 749 1952 812 inesse,
1984 746 2121 803 fusis

535 845 749 901 Domini
776 842 1119 897 clementiam
1147 841 1290 896 votis
1316 855 1417 910 pro
1446 840 1527 895 sui
1552 839 1762 909 flagitat
1780 840 2121 903 liberatione,

536 937 629 993 sed
668 944 725 990 et
767 933 1000 1004 propriis
1035 931 1208 986 fertur
1241 932 1550 1003 pavimenta
1596 931 1853 1001 lacrymis
1899 932 2126 985 humec-

537 1033 701 1079 tasse.
732 1024 862 1090 Quae
891 1032 1179 1092 postquam
1208 1038 1306 1091 per
1336 1030 1447 1076 tres
1484 1021 1558 1075 ita
1590 1020 1705 1074 dies
1730 1021 1953 1090 egisset,
1994 1020 2121 1075 dum

534 1115 712 1169 denuo
739 1113 996 1183 precibus
1018 1113 1376 1175 incumberet,
1405 1111 1584 1167 divina
1608 1110 1711 1167 sibi
1733 1111 1907 1181 gratia
1935 1125 2126 1180 super-

531 1201 809 1267 veniente,
858 1200 965 1254 vim
1013 1200 1295 1255 medicinae
1334 1200 1423 1254 vix
1464 1199 1652 1253 valens
1701 1198 1861 1264 ferre,
1911 1199 2125 1269 magnis

533 1296 701 1366 ccepit
720 1293 943 1350 vocibus
984 1300 1246 1363 strepere,
1287 1300 1342 1347 et
1377 1290 1608 1359 ejulatus
1652 1290 1880 1346 acerbos
1916 1291 2117 1357 edere;

535 1387 724 1454 sicque
764 1385 921 1439 nodis
969 1398 1259 1438 nervorum
1312 1381 1585 1446 resolutis,
1630 1381 1983 1451 omniumque
2027 1395 2126 1450 po-

536 1479 728 1551 plitum
788 1477 1159 1533 contractione
1210 1475 1480 1540 relaxata,
1540 1475 1699 1529 unius
1750 1475 1897 1528 horae
1955 1472 2127 1527 ferme

538 1572 736 1641 spatio,
772 1571 980 1625 viribus
1017 1571 1279 1624 exhausta
1317 1568 1491 1640 jacuit
1535 1566 1691 1636 quasi
1739 1576 1974 1621 mortua.
2018 1564 2126 1620 Sed

537 1661 632 1732 qui
661 1660 892 1715 contulit
916 1660 1274 1715 absolutionis
1302 1673 1485 1728 opem,
1515 1655 1725 1712 roboris
1753 1656 1959 1711 addidit
1988 1670 2125 1725 quo-

541 1767 649 1823 que
698 1752 963 1823 vigorem.
992 1751 1223 1821 Moxque
1252 1765 1349 1805 ceu
1379 1750 1445 1805 de
1467 1748 1617 1820 gravi
1646 1746 1906 1817 evigilans
1935 1762 2127 1802 somno

2223 565 2482 635 episcopi,
2529 566 2620 635 qui
2651 575 2901 621 cessante
2937 566 3372 623 Normannorum
3416 571 3841 640 persecutione,

2224 671 2325 725 per
2354 655 2523 711 solam
2563 656 2658 710 Dei
2689 656 3036 711 clementiam
3062 671 3201 727 pace
3229 668 3554 730 recuperata
3572 700 3593 724 ,
3628 677 3836 718 manu

2226 746 2369 801 idem
2423 760 2719 814 supernum
2778 748 2998 816 propria
3050 749 3342 817 sepulturae
3388 750 3563 820 ipsius
3625 751 3839 810 referre

2225 837 2465 893 decrevit
2498 838 2639 891 intra
2663 837 2862 891 mtenia
2886 855 2900 890 :
2934 837 3079 907 quod
3105 838 3233 892 dum
3257 840 3579 895 convocatis
3604 842 3837 911 quibus-

2224 928 2349 981 dam
2387 928 2537 997 regni
2568 928 2887 998 proceribus
2916 943 3078 997 agere
3102 939 3428 997 maturaret,
3471 934 3833 991 accumulare

2225 1017 2476 1072 dominus
2520 1033 2638 1087 ejus
2686 1034 2793 1073 non
2837 1018 3045 1074 distulit
3091 1018 3551 1078 clarificationem
3600 1039 3829 1079 suom

2232 1109 2528 1179 repetentis
2549 1111 2755 1165 ossium
2778 1111 2985 1166 sedem.
3016 1110 3259 1181 Contigit
3277 1112 3446 1179 enim,
3470 1113 3608 1169 dum
3633 1130 3828 1183 magna

2226 1201 2406 1270 populi
2436 1200 2756 1256 confluentis
2800 1201 3094 1271 stiparetur
3121 1211 3339 1258 caterva
3369 1213 3672 1274 postquam
3700 1214 3827 1260 sum

2222 1293 2363 1349 urbe
2394 1293 2625 1363 egressi,
2676 1294 2896 1362 quidam
2953 1293 3183 1349 claudus
3224 1303 3280 1350 et
3324 1295 3591 1351 ariditate
3638 1311 3831 1352 neno-

2227 1399 2346 1438 rum
2395 1384 2765 1454 p0plitumque
2818 1394 3169 1450 contractus,
3217 1384 3505 1440 Abraham
3567 1388 3825 1451 nomine,

2228 1475 2318 1545 qui
2361 1475 2669 1530 scabellulis
2708 1477 2922 1531 haerens
2963 1492 3063 1547 per
3104 1488 3307 1532 terram
3348 1492 3408 1533 se
3445 1479 3830 1536 tantumnodo

2231 1566 2502 1631 trahebat,
2548 1576 2608 1622 ut
2646 1576 2889 1638 poterat,
2917 1568 3009 1623 ubi
3059 1584 3220 1625 secus
3245 1571 3435 1625 urbem
3467 1571 3710 1627 veniens
3734 1572 3832 1629 iter

2228 1660 2297 1715 ad
2343 1661 2518 1716 sancti
2567 1660 2845 1716 basilicam
2893 1662 3204 1718 inchoasset
3250 1662 3542 1718 intendere
3569 1703 3590 1725 ,
3650 1663 3828 1721 divina

2231 1761 2411 1807 tactus
2449 1752 2711 1821 potentia,
2743 1768 3064 1825 compagum
3096 1754 3295 1809 duritia
3329 1754 3577 1809 resoluta
3601 1795 3618 1819 ,
3670 1756 3829 1827 cm

537 1842 631 1901 ubi
672 1858 967 1915 supernum
996 1843 1097 1896 sibi
1132 1842 1296 1896 sentit
1327 1840 1613 1895 obvenisse
1653 1836 1999 1898 beneficium,
2033 1835 2119 1904 pi-
2157 1833 2198 1891 Β
2226 1844 2294 1898 ad
2336 1844 2527 1899 salutis
2576 1844 2794 1900 extendi
2862 1848 3120 1902 remedia,
3181 1847 3355 1914 Quem
3401 1850 3685 1918 sospitale
3746 1863 3828 1905 το-

539 1935 727 2007 gnaris
774 1933 900 1988 almi
940 1934 1076 2004 petit
1122 1931 1391 1995 loculum,
1432 1929 1586 1998 cujus
1622 1927 1794 1999 gratia
1833 1926 1933 1999 sibi
1960 1926 2131 1980 conti-

538 2028 683 2097 gisse
712 2040 818 2079 non
861 2023 1146 2078 haesitabat
1184 2020 1506 2076 remedium.
1542 2018 1749 2074 Dehinc
1790 2016 1996 2087 gratias
2044 2017 2134 2072 hic

540 2128 732 2183 agens,
781 2113 1091 2181 ibidemque
1133 2112 1331 2182 degere
1375 2111 1679 2182 gratificata
1717 2108 2030 2170 decernens,
2074 2115 2130 2177 et

538 2204 797 2275 precibus
839 2203 1051 2257 crebris
1092 2201 1380 2268 insistens,
1414 2201 1627 2257 debitas
1675 2196 1993 2251 medicatori
2032 2213 2131 2252 suo

541 2293 781 2350 celebrat
820 2291 1115 2358 excubias,
1155 2306 1221 2346 ac
1268 2291 1524 2347 salutaris
1565 2287 1805 2360 quotidie
1852 2287 2131 2345 libamiuis

540 2385 700 2440 offert
727 2385 1047 2440 oblationes.

615 2473 947 2545 LXXXVIII.
967 2474 1089 2530 Fuit
1108 2484 1289 2529 autem
1311 2473 1534 2529 themis
1550 2474 1602 2529 in
1619 2474 1840 2542 praefata
1855 2473 1947 2530 Dei
1968 2472 2132 2528 Geni-

543 2560 699 2620 tricis
724 2564 955 2621 ecclesia
978 2580 1173 2635 corpus
1209 2564 1336 2619 illud
1365 2565 1794 2619 sacratissimum
1827 2562 2124 2619 beatissimi

543 2655 761 2726 patroni
791 2656 961 2710 nostri
987 2654 1242 2723 Remigii,
1278 2659 1404 2709 dum
1428 2665 1875 2724 prmmemoratus
1904 2655 2134 2709 antistes

544 2742 798 2800 dominus
848 2744 1017 2801 Fulco
1050 2743 1372 2816 praesulatus
1405 2744 1648 2816 fungitur
1681 2743 1879 2811 ollicio,
1923 2743 2135 2798 scilicet

2241 1944 2394 2005 cepta
2436 1937 2677 2007 pluribus
2721 1938 2957 1993 vidimus
3000 1940 3158 1994 annis
3184 1940 3516 1995 incolumem
3561 1952 3826 2010 erectum,

2240 2026 2598 2097 gradientem,
2628 2027 2936 2097 collataque
2964 2028 3067 2082 sibi
3088 2031 3453 2099 prosperitate
3474 2031 3823 2100 gaudentem.

2237 2119 2296 2173 In
2314 2134 2380 2174 eo
2405 2134 2533 2173 vero
2555 2120 2692 2184 loco,
2720 2121 2809 2175 ubi
2835 2121 2936 2176 hoc
2960 2122 3150 2175 salutis
3173 2122 3372 2177 accidit
3396 2122 3637 2184 donum,
3662 2124 3819 2193 posita

2238 2210 2493 2280 deinceps
2505 2218 2687 2265 exstat
2704 2211 2977 2275 columna,
2994 2226 3156 2267 cruce
3176 2210 3397 2281 pmﬁxa
3420 2210 3823 2280 gloriﬁcationil

2239 2304 2399 2374 hujus
2444 2306 2729 2359 continens
2761 2304 3112 2359 monimenta.
3155 2304 3261 2359 Sed
3289 2313 3346 2358 et
3385 2312 3498 2358 tam
3529 2304 3691 2373 prius
3713 2317 3822 2359 cre-

2241 2372 2509 2459 berrime,
2559 2409 2724 2464 quam
2783 2401 3003 2464 postea,
3056 2372 3378 2448 clarissimis
3444 2372 3601 2462 saepe
3660 2392 3826 2447 mliti-

2242 2488 2583 2560 plicibusque
2611 2485 2886 2541 miraculis
2913 2484 3029 2553 ejus
3061 2484 3294 2555 sepulcri
3318 2484 3627 2539 decoratur
3668 2480 3828 2538 eoab-

2245 2584 2483 2651 sia,quu:
2514 2594 2853 2649 nequaquam
2882 2579 3077 2633 litteris
3100 2579 3370 2633 habentur
3396 2575 3827 2647 compulsam:

2245 2686 2375 2733 sunt
2413 2687 2648 2742 namque
2698 2670 3031 2726 multimoda.

540 2871 3818 2914 _______________._______.__.______—————————-——.

2049 3022 2299 3100 XXII.

1180 3214 1732 3298 ENCOMIUM
1787 3208 2253 3292 EJUSDEM
2315 3203 2681 3286 SANCTI
2734 3201 3140 3283 REMIGII
3175 3250 3204 3293 ,

1430 3414 1515 3457 ER
1556 3410 1943 3456 BINCMARUII
1980 3402 2533 3451 Διιαειιειιιεαοιιυκ
2575 3401 2991 3448 ΒΗΕΠΒΝΒΕΗ.

1885 3554 2050 3618 (Apud
2072 3555 2290 3618 Surlum,
2315 3552 2457 3617 ibid.)

626 3815 667 3875 Ι.
701 3813 997 3873 Videamus
1024 3815 1189 3871 etiam
1227 3813 1498 3885 quomodo
1528 3814 1621 3870 hic
1660 3814 1852 3869 beatus
1884 3813 2049 3870 Pater
2085 3821 2142 3868 et
2169 3820 2214 3879 (ζ
2245 3812 2531 3867 desistunt.
2575 3809 2673 3866 Isti
2719 3810 2902 3881 itaque
2945 3809 2997 3865 in
3046 3806 3363 3878 angelorum
3390 3819 3679 3861 numerum
3708 3819 3839 3860 cur.

552 3921 743 3985 pastor
772 3920 957 3967 noster
995 3911 1462 3967 benedictionibus
1488 3910 1592 3965 sibi
1624 3927 1654 3964 a
1693 3909 2002 3981 legislatore
2031 3908 2141 3964 Deo

552 4003 725 4067 datis,
760 4001 930 4072 ipsius
957 4001 1158 4056 auxilio
1183 4002 1237 4056 in
1261 4001 1444 4055 saeculi
1483 4001 1644 4071 hujus
1686 3999 1928 4056 convalle
1962 3999 2142 4069 lacry-

556 4112 768 4153 marum
819 4094 1169 4151 ascensiones
1211 4092 1265 4147 in
1306 4092 1469 4146 corde
1501 4108 1598 4147 suo
1637 4091 1939 4161 disposuit,
1983 4099 2040 4145 et
2080 4090 2146 4145 de

554 4188 757 4244 virtute
804 4187 856 4242 in
904 4186 1160 4240 virtutem
1201 4184 1371 4254 gratia
1408 4182 1502 4238 Dei
1544 4190 1834 4252 provectus
1880 4181 2143 4247 excrevit,

556 4292 839 4348 usquequo
852 4290 999 4340 eum,
1012 4290 1171 4344 quem
1194 4288 1408 4342 semper
1420 4271 1743 4327 desideravit
1769 4271 1984 4342 Spiritu,
2009 4269 2147 4325 facie

557 4375 628 4430 ad
655 4373 848 4428 faciem
882 4370 1065 4426 videre
1093 4369 1413 4440 promeruit.
1447 4368 1590 4422 ldem
1626 4383 1860 4437 namque
1888 4367 2148 4423 Dominus

559 4466 616 4520 in
654 4462 941 4533 Evangelio
970 4462 1100 4516 dicit
1138 4480 1151 4515 :
1187 4460 1257 4515 In
1298 4462 1453 4514 domo
1490 4458 1671 4514 Patris
1702 4460 1803 4513 mei
1848 4460 2147 4514 mansiones

560 4559 741 4607 multa
771 4561 891 4605 sunt
920 4550 1103 4621 (Joan.
1138 4550 1272 4617 χιιι).
1301 4550 1455 4617 Quod
1499 4551 1652 4620 quasi
1693 4565 1972 4619 exponens
2004 4551 2149 4619 Apo-

562 4643 733 4699 stolus
752 4642 883 4696 dicit
906 4659 919 4694 :
945 4641 1066 4695 Alia
1084 4642 1300 4695 claritas
1322 4642 1467 4703 solis,
1493 4640 1600 4693 alia
1621 4639 1834 4693 claritas
1857 4639 2018 4706 lum,
2041 4641 2151 4695 alia

592 4733 780 4787 laritas
802 4729 1095 4785 stellarum.
1128 4729 1295 4785 Stella
1322 4732 1460 4784 enim
1485 4746 1516 4783 a
1546 4728 1703 4783 stella
1733 4728 1910 4799 differt
1949 4730 2005 4783 in
2042 4728 2154 4783 cla-

576 4825 755 4890 itote;
773 4825 851 4878 sic
877 4831 924 4877 et
952 4822 1264 4876 resurrectio
1290 4831 1619 4874 mortuorum
1649 4819 1699 4891 (1
1725 4818 1851 4874 Cor.
1881 4820 1985 4892 ιιι).
2012 4820 2151 4887 Quia

565 4913 625 4972 in
650 4912 738 4968 illa
758 4921 975 4987 teternte
997 4910 1347 4967 beatitudinis
1368 4911 1479 4963 vita
1502 4926 1607 4965 non
1630 4910 1852 4979 dispari,
1871 4909 2154 4980 unusquis-

565 5016 674 5075 que
692 5000 850 5072 juxta
886 5002 1072 5070 dispar
1111 5001 1363 5056 meritum
1394 5000 1568 5057 locum
1599 5000 1868 5069 disparem
1898 5000 2147 5071 percipit.

569 5093 678 5149 Sed
700 5092 940 5162 ejusdem
960 5092 1333 5163 disparilitatis
1356 5091 1549 5147 damna
1573 5107 1678 5146 non
1700 5092 1884 5157 sentit,
1901 5091 2025 5160 quia
2044 5101 2156 5145 tan-

2247 3912 2392 3957 runt.
2418 3903 2484 3956 Et
2503 3904 2693 3958 beatus
2717 3901 3016 3971 Remigius,
3038 3900 3166 3955 licet
3187 3897 3470 3967 multiplex
3490 3897 3719 3952 scicntia
3744 3894 3842 3953 Dei

2247 3994 2389 4049 dono
2414 3993 2468 4048 in
2490 4009 2556 4048 eo
2575 4002 2739 4058 esset,
2759 4001 2820 4048 ut
2846 3991 3017 4046 fidelis
3040 4006 3230 4046 servus
3250 3999 3305 4042 et
3329 3988 3591 4059 prudens,
3619 4002 3844 4041 conser-

2248 4084 2331 4139 vis
2353 4085 2468 4139 suis
2490 4086 2542 4138 in
2567 4094 2810 4154 tempore
2834 4096 3145 4137 mensuram
3169 4080 3358 4145 tritici,
3378 4079 3435 4133 id
3455 4086 3537 4134 est
3557 4093 3655 4147 pro
3676 4089 3844 4147 caput

2248 4174 2603 4239 audientium,
2634 4172 2964 4227 ministravit
2992 4170 3148 4242 (Luc.
3179 4169 3280 4238 xu)
3315 4186 3331 4223 :
3359 4176 3416 4223 et
3448 4176 3671 4223 secutus
3703 4168 3848 4237 Apo-

2249 4263 2469 4330 stolum,
2513 4263 2661 4332 prius
2689 4262 2940 4317 barbaris
2967 4260 3051 4316 lac
3092 4269 3275 4330 potum
3316 4259 3485 4324 dedit,
3521 4272 3633 4312 non
3657 4271 3847 4311 escam

2251 4352 2301 4421 (Ι
2327 4351 2451 4406 Cor.
2482 4349 2587 4421 ιιι).
2620 4351 2687 4405 Et
2715 4359 2850 4405 teste
2872 4349 3159 4414 Malaehia,
3182 4347 3307 4418 quia
3338 4346 3601 4402 sacerdos
3621 4345 3849 4414 angelus

2251 4441 2463 4497 Domini
2494 4449 2581 4496 est
2619 4439 2775 4512 (Mal.
2805 4439 2867 4512 ιι)
2893 4459 2906 4493 :
2932 4440 3072 4495 unde
3098 4449 3155 4495 et
3202 4449 3424 4494 sanctus
3453 4436 3740 4507 Remigius
3763 4449 3849 4490 sa-

2251 4533 2443 4587 cerdos
2465 4547 2691 4604 magnus
2712 4530 3024 4602 angelorum
3055 4531 3390 4586 consortium
3413 4529 3638 4583 meruit.

2322 4621 2410 4677 Ill.
2452 4622 2518 4677 Et
2543 4632 2671 4677 sunt
2695 4621 2958 4687 nonnulli,
2982 4621 3073 4690 qui
3100 4620 3294 4676 divina:
3315 4619 3591 4690 largitatis
3617 4632 3851 4674 munere

2255 4714 2439 4769 referti
2466 4723 2933 4769 sacramentorum
2978 4713 3287 4768 caelestium
3315 4727 3527 4767 summa
3568 4719 3628 4766 et
3650 4725 3853 4780 capere

2253 4807 2569 4876 prazvaIent,
2594 4815 2651 4862 et
2684 4806 2958 4861 nuntiare.
2991 4804 3110 4872 Quo
3138 4819 3268 4875 ergo
3299 4803 3416 4869 isti,
3447 4802 3558 4857 nisi
3584 4802 3736 4857 inter
3769 4817 3855 4856 ar-

2256 4898 2638 4969 ebangclorum
2662 4912 2947 4953 numerum
2971 4896 3335 4966 deputantur?
3354 4895 3422 4949 Et
3445 4895 3645 4949 beatus
3668 4892 3855 4948 Remi-

2256 4992 2377 5061 gius
2396 4992 2715 5061 sapientiam
2733 4990 2958 5061 loquens
2984 4990 3128 5044 inter
3147 4987 3437 5059 perfectos,
3462 4988 3692 5056 quando
3715 4986 3855 5040 male

2258 5081 2579 5135 sentientem
2628 5080 2941 5136 lnereticum
2967 5080 3033 5134 de
3063 5095 3192 5133 vero
3232 5077 3325 5132 Dei
3366 5076 3505 5131 Filio
3546 5077 3603 5130 in
3646 5076 3854 5147 synodo

502 5253 511 5263 1
569 5190 686 5235 tum
722 5181 847 5247 sibi,
875 5191 1136 5250 quantum
1171 5182 1494 5251 perceperit,
1526 5179 1741 5236 sufﬁcit.
1785 5181 1852 5234 Et
1883 5180 2152 5235 catholica

2259 5173 2649 5229 catholicorum
2680 5174 3053 5244 episcoporum
3080 5171 3368 5238 convertit,
3410 5171 3465 5225 in
3495 5170 3853 5241 archangelo-

570 5271 818 5329 doctrina
866 5273 1184 5339 didicimus,
1232 5274 1357 5344 quia
1405 5274 1672 5330 distincta:
1711 5275 2153 5329 conversationes

570 5365 852 5422 hominum
877 5364 1236 5435 singulorum,
1258 5364 1531 5434 agminum
1552 5364 1849 5421 cmlestium
1872 5364 2156 5420 ordinibus

573 5461 903 5526 congruunt,
930 5462 988 5509 et
1022 5454 1078 5508 in
1114 5469 1302 5508 eorum
1343 5463 1545 5510 sortem
1589 5469 1685 5525 per
1726 5458 2157 5514 conversationis

573 5546 977 5602 similitudinem
1007 5545 1349 5616 deputantur.

647 5639 709 5692 ll.
752 5638 886 5693 Nam
914 5648 1042 5695 sunt
1074 5640 1347 5712 plerique,
1373 5642 1463 5713 qui
1494 5658 1656 5711 parva
1681 5644 1923 5714 capiunt.
1960 5644 2052 5699 sed
2081 5653 2159 5700 ta-

579 5743 704 5784 men
737 5730 853 5786 haec
885 5732 1075 5788 eadem
1096 5749 1263 5805 parva
1291 5734 1379 5805 pie
1411 5735 1733 5792 annuntiare
1763 5736 2023 5794 fratribus
2052 5752 2158 5794 non

2260 5279 2380 5319 rum
2405 5279 2631 5318 numero
2668 5269 2866 5319 meruit
2893 5264 3162 5333 deputari.

2331 5355 2421 5410 IV.
2462 5355 2530 5409 Et
2562 5365 2687 5409 sunt
2707 5354 2948 5409 nonnulli
2970 5354 3064 5425 qui
3094 5356 3232 5412 mira
3248 5354 3650 5425 faciunt,signa
3671 5352 3857 5405 valeo-

2265 5459 2349 5505 ter
2386 5460 2703 5520 operantur.
2747 5449 2865 5518 Quo
2909 5450 3075 5522 igitur
3108 5451 3230 5514 isti,
3273 5450 3375 5504 nisi
3398 5450 3466 5503 ad
3487 5460 3853 5516 supernarom

2264 5545 2524 5598 virtutum
2540 5554 2594 5597 ct
2619 5560 2900 5598 numerum
2915 5553 2970 5600 et
2989 5553 3191 5599 sortem
3212 5541 3555 5612 congruunt?
3577 5536 3645 5593 Et
3664 5538 3855 5593 beatus

2266 5639 2563 5711 Remigius,
2597 5649 2651 5692 et
2692 5640 2743 5694 in
2785 5653 3019 5708 corpore
3044 5638 3267 5708 positus,
3293 5645 3349 5689 et
3371 5643 3491 5705 post
3527 5632 3761 5691 obitum,
3794 5640 3854 5684 ut

2266 5746 2427 5802 supra
2453 5729 2962 5799 ostendimus,mira
2979 5729 3126 5796 fecit,
3155 5728 3308 5800 signa
3333 5725 3578 5782 valenter
3596 5732 3853 5796 operatus
