4038 6322
133 333 301 393 1189
436 330 457 341 κ
1433 327 1792 389 ENCOMIUM
1828 328 1892 385 Β.
1926 325 2204 384 REMIGll.
3317 330 3460 391 H90

129 460 234 505 est
261 468 277 505 :
304 450 388 506 ad
418 463 776 521 supernamm
799 447 965 521 igitur
991 446 1252 503 virtutum
1281 454 1483 503 sortem
1508 452 1563 498 et
1581 457 1770 500 nume-
1793 448 1846 508 Α
1872 438 2102 495 lectione
2144 437 2290 510 pleni
2323 447 2482 504 sunt,
2515 446 2573 493 ut
2604 438 2895 495 Cbcrubim
2918 440 3045 512 jure
3081 441 3452 502 nominentur.

133 556 273 595 mm
310 541 606 611 οοηενηίι,
1867 528 2003 595 Quia
2041 529 2186 583 enim
2218 529 2509 584 Cbcrubim
2550 529 2825 598 plenitudo
2871 531 3110 588 scientia:
3139 533 3356 600 dicitur,
3398 547 3455 595 ct

214 634 293 689 ν,
344 634 423 689 Et
456 644 583 690 sum
605 633 864 695 nmmum,
891 633 979 703 qui
1019 634 1183 688 etiam
1217 633 1283 688 de
1306 631 1540 687 obsessis
1566 645 1761 700 θοι-ρο-
1865 615 2030 673 l’aulo
2050 619 2273 673 docente
2306 619 2625 683 didicimus,
2657 622 2783 688 quia
2806 619 3078 689 plenitudo
3101 621 3237 694 legis
3266 623 3451 679 chari-

125 723 312 779 ribus
354 725 635 795 malignos
672 725 895 794 spiritus
920 722 1127 793 fugant,
1171 737 1372 792 eosque
1400 723 1601 775 virtute
1642 735 1735 775 ora

1866 715 1951 760 tas
1978 706 2151 777 (Rom.
2178 707 2337 777 xui):
2370 722 2561 761 omnes
2581 707 2671 776 qui
2711 708 2806 762 Dei
2840 716 2894 761 et
2930 712 3161 779 proximi
3183 713 3453 768 charitate

126 813 325 870 tionis
371 825 440 871 et
480 816 530 869 vi
562 823 798 885 acceptae
824 814 1109 884 potestatis
1137 812 1384 881 ejiciunt.
1412 813 1531 878 Quo
1576 810 1763 882 itaque
1864 801 2075 857 caeteris
2101 799 2332 868 amplius
2366 798 2507 870 pleni
2539 809 2695 865 sunt,
2727 801 3042 855 meritorum
3077 819 3297 860 suorum
3332 822 3451 861 sor-

127 903 234 957 isti
273 905 555 960 ηιει-ὶιιιιιι
578 920 767 969 suum,
799 903 903 958 nisi
933 904 1075 958 inter
1103 911 1431 972 potestatum
1460 901 1764 958 caelestium
1867 903 1975 949 tem
1999 894 2142 948 inter
2155 893 2444 947 Cherubim
2467 908 2724 947 numeros
2755 904 3130 963 peuepcrunt.
3165 897 3229 950 Et
3245 899 3336 967 qui
3359 914 3445 964 ea,

126 1008 465 1049 numerum
497 995 832 1051 εοηξυηιυιτν
867 995 933 1050 Ει
978 1002 1198 1050 sanctus
1242 994 1519 1063 Remigius
1563 994 1765 1050 virtute
1864 1000 1984 1054 qua?
2013 985 2261 1055 superius
2291 984 2358 1038 de
2381 1000 2446 1039 eo
2473 984 2610 1040 lecta
2640 993 2786 1050 sunt,
2813 986 3041 1041 sollicita
3068 996 3246 1041 mente
3272 989 3450 1043 inten-

124 1084 460 1149 orationis,
496 1094 554 1141 et
582 1086 633 1139 vi
653 1095 891 1155 accepta:
924 1086 1229 1156 potestatis,
1262 1092 1320 1138 ut
1343 1100 1505 1153 supra
1527 1084 1765 1139 ostendi-
1865 1077 1964 1141 dit,
2000 1092 2162 1147 quam
2183 1077 2373 1146 plenus
2395 1078 2665 1133 charitate
2687 1076 2869 1143 fuerit,
2894 1086 3145 1147 patenter
3165 1078 3446 1149 intelligit:

127 1191 299 1242 mus,
336 1179 417 1233 de
444 1179 685 1234 obsessis
720 1179 1040 1249 corporibus
1068 1179 1331 1250 malignos
1362 1177 1589 1248 spiritus
1624 1175 1762 1232 ell‘u-

127 1270 328 1340 gavit.
360 1270 519 1343 Ergo
571 1272 711 1326 inter
751 1278 1080 1340 potestatum
1125 1269 1429 1325 caelestium
1475 1283 1761 1347 numerum

122 1368 366 1415 sortem
406 1362 640 1432 accepit.

205 1447 314 1505 Vl.
360 1451 441 1506 Et
467 1459 595 1505 sunt
624 1449 864 1506 nonnulli
892 1450 983 1520 qui
1023 1450 1260 1521 acceptis
1282 1450 1574 1505 virtutibus
1595 1451 1760 1505 etiam

123 1540 467 1597 electorum
499 1543 777 1598 hominum
800 1542 991 1596 merita
1016 1542 1422 1597 transcendunt.
1445 1541 1687 1613 Cumque
1707 1550 1763 1596 et
1862 1538 2087 1594 studuit.

125 1632 314 1689 bonis
346 1633 618 1689 meliores
643 1642 787 1695 sunt,
816 1633 1005 1688 electis
1029 1647 1245 1703 quoque
1271 1632 1531 1688 fratribus
1559 1634 1762 1705 princi-
1931 1630 1998 1685 Χ.
2042 1631 2110 1686 Ει
2132 1639 2261 1686 sunt
2288 1630 2552 1696 nonnulli,
2586 1629 2677 1700 qui
2696 1645 2943 1700 supernae
2972 1630 3446 1701 contemplationis

124 1731 382 1790 pantur.
412 1721 535 1791 Quo
560 1737 690 1792 ergo
720 1724 808 1778 isti
836 1732 1038 1779 sortem
1060 1738 1234 1788 suam,
1260 1723 1362 1779 nisi
1391 1724 1534 1778 inter
1559 1724 1757 1793 princi-
1860 1723 2061 1776 amoris
2084 1720 2292 1776 facibus
2312 1721 2524 1791 accensi
2550 1721 2858 1776 Conditoris
2883 1721 2965 1775 sui
2992 1720 3259 1776 desiderio
3281 1722 3449 1776 anhe-

123 1820 385 1882 patunm
433 1829 685 1870 numeros
710 1815 1070 1884 acceperunt?
1110 1814 1177 1868 Et
1218 1815 1410 1870 beatus
1440 1814 1749 1885 Remigius,
1785 1808 1828 1869 Β
1860 1814 1992 1879 lant,
2025 1814 2096 1868 nil
2120 1813 2232 1881 jam
2259 1812 2312 1866 in
2346 1813 2489 1868 hunc
2521 1812 2719 1869 mundo
2748 1811 2994 1881 cupiunt,
3025 1811 3139 1866 solo
3170 1812 3447 1867 aeternita-

130 1901 317 1971 hujus
374 1902 719 1959 Rbemorum
767 1903 1003 1959 civitatis
1043 1904 1513 1974 archiepiscopus,
1559 1904 1759 1960 sanctis
1863 1905 1933 1958 tis
1961 1919 2147 1959 amore
2175 1911 2487 1973 pascuntur.
2506 1901 2745 1958 Terrena
2765 1916 2992 1971 quasque
3018 1901 3297 1970 ahjiciunt,
3319 1917 3450 1957 cun-

126 1993 431 2050 fratribus
466 1994 699 2049 Vedasto
720 1992 928 2049 scilicet
949 2008 980 2048 a
1010 2009 1072 2049 se
1094 1993 1344 2049 ordinato
1368 1994 1422 2048 in
1448 1993 1756 2061 Attrebato,
1859 2002 1946 2047 cta
1970 1992 2289 2063 temporalia
2310 2002 2490 2047 mente
2508 1993 2917 2046 transcendunt.
2934 1990 3134 2045 Amant
3156 2001 3212 2046 et
3231 1992 3445 2058 ardent,

126 2082 425 2138 Hedardo
453 2083 508 2138 in
540 2082 911 2148 Viromandis,
939 2081 1091 2153 Lupo
1114 2081 1424 2147 Suessonis,
1448 2082 1759 2140 Cenebaldo
1859 2093 2022 2151 atque
2068 2084 2119 2135 in
2154 2081 2272 2153 ipso
2309 2096 2410 2136 suo
2440 2081 2635 2137 ardore
2666 2082 3032 2151 requiescunt.
3075 2081 3322 2138 Amando
3352 2099 3443 2139 ar-

125 2174 187 2228 in
222 2173 514 2229 Lauduno
560 2182 617 2229 et
657 2174 878 2244 reliquis
918 2175 972 2229 in
1012 2173 1269 2242 subjectis
1296 2175 1398 2230 sibi
1446 2176 1758 2231 civitatibus
1856 2171 2006 2238 dent,
2050 2172 2319 2242 loquendo
2362 2182 2417 2229 et
2454 2173 2590 2229 alios
2629 2177 2951 2230 accendunt.
2998 2173 3068 2230 Et
3102 2190 3238 2244 qu0s
3279 2176 3447 2231 verbo

125 2264 344 2320 electis
374 2265 640 2321 fratribus
671 2266 1253 2337 principatus,sortem
1277 2283 1429 2324 suam
1443 2269 1585 2325 inter
1608 2271 1735 2340 prin-

1859 2274 2109 2334 tangunt,
2133 2267 2325 2321 ardere
2346 2266 2594 2336 protinus
2616 2268 2670 2321 in
2703 2266 2801 2321 Dei
2828 2283 3014 2323 amore
3044 2265 3270 2323 faciunt.
3304 2268 3443 2332 (‘uid

126 2354 442 2425 cipatuum
474 2370 729 2410 numeros
756 2356 996 2426 accepit.
1854 2371 1987 2426 ergo
2025 2358 2158 2413 istos
2199 2358 2300 2412 nisi
2344 2356 2632 2427 Seraphim
2675 2357 2943 2413 dixerim?
2983 2358 3222 2425 Quorum
3262 2374 3359 2414 cor
3386 2359 3443 2413 in

209 2445 341 2503 Vl].
391 2446 459 2501 Et
493 2455 620 2502 sunt
644 2448 924 2513 nonnulli,
957 2447 1049 2518 qui
1070 2449 1149 2503 sic
1170 2448 1224 2503 in
1246 2448 1597 2518 sibimetipsis
1624 2464 1749 2504 cun-
1856 2447 2035 2515 ignem
2075 2462 2421 2513 conversum,
2458 2446 2605 2501 lucet
2642 2455 2690 2503 θ’
2735 2447 2884 2502 urit:
2923 2447 3051 2516 quia
3090 2456 3145 2503 et
3181 2448 3443 2504 mentium

129 2537 249 2594 clis
266 2536 455 2603 vitiis,
482 2538 842 2607 omnibusque
855 2538 1139 2594 desideriis
1156 2539 1525 2603 dominantur,
1549 2547 1608 2593 ut
1638 2540 1754 2609 ipso
1853 2538 2040 2593 oculos
2061 2538 2126 2592 ad
2148 2552 2380 2606 superna
2408 2536 2733 2605 illuminant,
2756 2546 2811 2593 et
2825 2538 3236 2609 compungendo
3265 2539 3318 2593 in
3345 2539 3444 2595 lle-

126 2628 267 2697 jure
298 2629 596 2684 munditiae
621 2630 708 2685 dei
742 2631 883 2684 inter
923 2630 1174 2685 homines
1199 2639 1483 2685 vocentur.
1518 2629 1671 2685 Unde
1697 2638 1753 2685 et
1857 2615 2018 2686 tibus;
2071 2624 2327 2679 vitiorum
2378 2625 2680 2694 rubiginem
2732 2636 2985 2698 purgant.
3032 2627 3165 2694 Quia
3201 2644 3331 2699 ergo
3366 2620 3442 2685 'ad

134 2722 208 2775 ad
243 2720 483 2792 Moysen
506 2722 744 2776 dicitur:
776 2721 914 2775 Ecce
936 2723 1254 2792 constituite
1275 2723 1429 2777 deant
1455 2720 1752 2777 Pharaonis
1855 2729 2095 2769 amorem
2126 2715 2209 2770 sui
2229 2713 2541 2771 Conditoris
2568 2715 2882 2771 inﬂammati
2914 2728 3066 2783 sunt,
3090 2733 3197 2788 quo
3229 2720 3333 2773 nisi
3365 2719 3444 2773 in-

134 2813 363 2881 (Exod.
410 2812 530 2882 vn).
574 2812 692 2879 Quo
728 2826 861 2882 ergo
905 2812 1016 2877 isti,
1066 2826 1297 2883 quorum
1348 2816 1752 2885 comparatione
1855 2813 1938 2860 ter
1964 2804 2249 2874 Seraphim
2276 2819 2563 2860 numerum
2583 2815 2786 2886 sortem
2811 2822 2921 2862 suae
2950 2809 3251 2863 vocationis
3278 2824 3440 2865 acce-

130 2903 339 2959 ctnteri
368 2902 640 2965 homines,
671 2910 729 2956 ut
754 2902 828 2956 ita
858 2901 1108 2970 dixerim,
1136 2902 1277 2956 servi
1300 2911 1445 2968 sunt,
1482 2903 1584 2958 nisi
1610 2903 1749 2958 inter
1852 2898 2080 2968 perunt?
2117 2897 2362 2965 Qualiter
2382 2905 2563 2953 autem
2588 2899 2782 2954 beatus
2809 2899 3087 2970 Remigius
3114 2901 3167 2955 in
3192 2916 3436 2956 antorem

130 3006 422 3049 numeros
440 2993 868 3048 dominationum
887 2994 1147 3048 currunt?
1172 2994 1240 3048 Et
1260 2994 1449 3050 beatus
1472 2994 1749 3066 Remigius
1850 2990 1932 3045 sui
1958 2988 2266 3046 Conditoris
2301 2991 2532 3055 arserit,
2558 2989 2826 3059 loquendo
2852 3001 2907 3046 et
2935 2991 3070 3047 alios
3105 2992 3438 3057 accenderit,

134 3086 373 3141 cunctis
412 3085 594 3151 vitiis,
632 3084 992 3155 omnibusque
1040 3084 1323 3140 desideriis
1362 3085 1415 3139 in
1455 3087 1746 3158 semetipso
1849 3095 1982 3152 gens
2003 3081 2213 3152 integra
2241 3080 2599 3147 Francorum,
2636 3096 2759 3136 cum
2792 3096 2922 3153 rege
2959 3083 3028 3137 ad
3057 3083 3215 3138 tidem
3255 3084 3440 3139 catho-

134 3174 492 3239 dominatus,
509 3172 633 3243 jure
652 3173 930 3229 munditia:
958 3172 1106 3228 solus
1120 3172 1313 3230 faciem
1336 3172 1537 3231 Christi
1560 3174 1742 3230 videre
1770 3162 1813 3223 C
1845 3172 2006 3228 licam
2036 3173 2418 3244 praedicatione
2446 3173 2592 3229 illius
2618 3189 2884 3230 converso
2904 3215 2920 3240 ,
2961 3183 3209 3231 testatur.
3249 3174 3436 3244 Quali-

134 3265 347 3334 potuit,
384 3263 602 3334 quando
637 3264 706 3319 ad
734 3278 882 3329 eum,
911 3273 967 3319 et
999 3265 1065 3318 ad
1097 3279 1281 3333 regem
1322 3264 1652 3322 Ludovicunt
1679 3283 1745 3324 ac
1846 3265 1975 3320 titer
2000 3281 2130 3322 vero
2152 3274 2365 3321 terrena
2391 3281 2619 3337 quasque
2641 3266 2922 3338 abjecerit,
2948 3277 3144 3324 cuncta
3166 3277 3439 3340 tempora-

1863 1259 1998 1324 suis,
2029 1268 2080 1313 et
2119 1258 2428 1314 testimonio
2459 1258 2631 1313 sancti
2665 1274 2815 1329 papa:
2856 1258 3179 1323 llormisdze,
3225 1273 3290 1313 ex
3319 1273 3453 1328 prte-

1863 1355 2044 1411 missis
2074 1353 2328 1408 advertit.
2360 1354 2529 1422 Igitur
2562 1362 2782 1409 sanctus
2821 1353 3097 1424 Remigius
3126 1353 3450 1408 meritorum

1860 1461 2085 1504 suorum
2124 1455 2327 1501 sortem
2368 1446 2513 1501 inter
2539 1445 2832 1502 Cberubim
2873 1460 3126 1502 numeros
3166 1444 3452 1517 percipere

1864 1177 2172 1239 quantaque
2197 1168 2424 1224 scientia
2457 1169 2693 1238 repletus
2718 1170 3006 1234 exstiterit,
3031 1170 3192 1224 dictis
3212 1178 3266 1225 et
3292 1170 3451 1226 factis
3542 1200 3551 1211 -

136 3356 425 3427 reginam,
448 3364 784 3425 ceterosque
811 3364 1054 3411 astantes
1079 3355 1133 3410 in
1165 3357 1405 3411 oratorio
1442 3367 1616 3413 sancti
1643 3356 1743 3413 Pe-

137 3445 240 3511 tri,
267 3455 331 3500 ut
356 3459 522 3516 supra
549 3454 636 3500 est
662 3445 1110 3511 demonstratum,
1145 3446 1386 3512 advenit,
1410 3457 1466 3503 et
1504 3456 1562 3502 ut
1584 3461 1743 3503 servo

135 3538 245 3592 sibi
281 3537 534 3608 subjecto
576 3536 902 3607 baptizando
930 3538 1044 3607 regi
1078 3537 1418 3607 .potestative
1460 3538 1741 3610 praecepit,

137 3627 337 3682 dicens
367 3646 382 3681 :
408 3626 624 3695 Depone
667 3626 827 3691 colla,
868 3624 1150 3681 Sicamber
1189 3644 1203 3680 :
1243 3635 1299 3681 et
1333 3625 1617 3697 Pippinum
1653 3643 1741 3683 re-

138 3732 291 3787 gem,
318 3716 508 3770 villam
536 3716 855 3771 Anisianum
878 3718 946 3771 de
988 3716 1227 3771 Ecclesia
1259 3716 1606 3773 Laudunensi
1643 3734 1742 3772 au-

138 3808 290 3864 ferre
319 3806 637 3861 molientem
664 3805 973 3876 ﬂageliavit.
1020 3807 1167 3862 Inter
1187 3807 1585 3878 principatuum
1609 3823 1740 3878 ergo

140 3913 418 3953 numeros
445 3905 649 3953 sortem
676 3911 833 3952 suam
861 3897 1089 3965 accepit.

214 3992 356 4048 Vill.
399 3990 470 4045 Et
492 3998 620 4046 sunt
650 3989 915 4055 nonnulli,
949 3989 1042 4059 qui
1071 3990 1197 4045 dum
1225 3988 1579 4059 sibimetipsis
1605 3990 1741 4060 vigi-

137 4080 275 4135 lanti
317 4095 457 4135 cura
495 4079 862 4144 dominantur,
900 4078 1029 4135 dum
1062 4093 1119 4134 se
1159 4078 1390 4134 sollicita
1438 4079 1739 4136 intentione

138 4169 476 4236 discutiunt,
512 4168 697 4225 divino
723 4169 904 4224 timori
932 4184 1148 4239 semper
1177 4169 1526 4232 inhaerentes.
1549 4169 1654 4226 hoc
1682 4172 1737 4228 in

140 4273 372 4317 munere
416 4260 633 4315 virtutis
660 4258 967 4330 accipiunt,
993 4267 1054 4315 ut
1073 4258 1322 4328 judicare
1348 4268 1495 4314 recte
1520 4268 1576 4314 et
1601 4260 1738 4318 alios

139 4350 370 4417 possint.
408 4347 647 4415 Quorum
666 4347 911 4419 profecto
941 4349 1213 4404 mentibus
1237 4349 1367 4404 dum
1392 4348 1572 4404 divina
1602 4366 1733 4406 con-

144 4439 429 4509 templatio
471 4445 668 4508 pneslo
708 4447 823 4503 est,
867 4438 921 4493 in
961 4439 1045 4494 his
1084 4440 1231 4494 velut
1279 4440 1333 4493 in
1381 4440 1577 4495 throno
1631 4455 1732 4497 suo

1845 3356 1917 3412 lia
1939 3369 2122 3413 mente
2144 3358 2564 3425 transcenderit,
2580 3359 2694 3415 solo
2709 3361 3029 3417 aeternitatis
3045 3378 3229 3418 arnore
3252 3372 3438 3431 pastus

1843 3450 1911 3504 ad
1961 3464 2203 3505 amorem
2255 3450 2338 3505 sui
2389 3449 2698 3506 Conditoris
2735 3451 3095 3509 inﬂammatus
3138 3453 3435 3520 exstiterit,

1843 3538 2003 3595 ﬁdem
2067 3540 2276 3596 faciunt
2318 3540 2515 3608 verba,
2569 3542 2767 3611 quibus
2807 3542 3117 3598 Conditoris
3161 3543 3435 3599 desiderio

1842 3644 2161 3694 succensus,
2199 3644 2340 3700 pene
2372 3630 2632 3687 continue
2656 3645 2771 3697 ore,
2814 3644 3028 3701 semper
3053 3641 3234 3687 autem
3265 3634 3430 3688 corde

1842 3719 2056 3774 dicebat
2099 3737 2112 3772 :
2144 3718 2387 3774 Fuerunt
2423 3720 2552 3775 mihi
2583 3720 2832 3791 lacrymte
2874 3739 3002 3776 mea:
3038 3739 3199 3792 partes
3238 3724 3324 3777 die
3369 3742 3432 3777 ac

1842 3817 2012 3860 nocte.
2065 3807 2243 3863 Sitittit
2285 3811 2462 3863 anima
2512 3827 2632 3864 mea
2668 3811 2739 3864 ad
2780 3811 2949 3865 Deum
2993 3814 3179 3877 vivum,
3218 3816 3432 3883 quando

1840 3897 2043 3951 veniam
2078 3907 2124 3952 et
2163 3898 2423 3967 apparebo
2464 3909 2587 3952 ante
2626 3899 2815 3967 [aciem
2858 3900 2975 3965 Dei,
3025 3903 3260 3957 satiabor
3301 3906 3430 3959 dum

1841 3985 2267 4054 manifestabitur
2305 3986 2473 4057 gloria
2511 3988 2625 4056 ejus
2666 3986 2840 4059 (Psal.
2885 4005 2974 4047 xu
3016 4000 3065 4044 et
3107 3993 3243 4060 xvi).
3284 3993 3431 4048 Inter

1843 4072 2129 4144 Seraphim
2179 4090 2309 4147 ergo
2363 4091 2650 4131 numerum
2703 4086 2908 4132 sortem
2958 4094 3076 4133 sua:
3126 4082 3428 4139 vocationis

1840 4166 2068 4235 accepit.
2098 4164 2234 4221 Cum
2269 4166 2467 4236 quibus
2490 4176 2677 4223 sancta
2720 4168 2957 4239 ejusdem
2998 4169 3099 4223 viri
3145 4172 3426 4240 apostolici

1839 4256 2023 4326 anima
2061 4271 2168 4311 una
2200 4272 2325 4312 cum
2357 4257 2474 4312 suis
2508 4258 2851 4313 consortibus
2885 4259 2939 4312 in
2968 4259 3174 4315 caelesti
3211 4260 3428 4318 laetatur

1836 4346 2028 4418 gloria.

1909 4439 1999 4494 XI.
2042 4437 2148 4496 Sed
2169 4449 2298 4496 tunc
2324 4442 2579 4498 nimirum
2602 4443 2772 4497 multo
2792 4442 3082 4512 perfectius
3098 4444 3240 4501 idem
3264 4453 3321 4501 et
3338 4446 3426 4505 sui

142 4526 411 4583 Dominus
438 4526 732 4596 pmsidens
761 4528 990 4585 aliorum
1018 4529 1162 4586 facta
1187 4531 1482 4598 examinat,
1508 4541 1563 4587 et
1590 4548 1727 4587 cun-
1761 4504 1808 4565 υ
1834 4535 2611 4605 cumparticipeslmtabuntur,
2638 4551 2759 4591 cum
2784 4547 2997 4607 recepta
3024 4540 3426 4597 carneitnmor-

142 4628 226 4674 cta
256 4620 586 4676 mirabiliter
605 4619 672 4676 de
701 4620 830 4676 sede
851 4636 950 4677 sua
982 4621 1282 4692 dispensat.
1318 4622 1457 4690 Quid
1481 4639 1611 4694 ergo
1640 4625 1727 4680 isti

143 4711 243 4768 nisi
269 4713 458 4769 throni
491 4715 573 4769 sui
606 4714 916 4770 conditores
945 4724 1107 4778 sunt,
1144 4715 1225 4769 vel
1251 4732 1377 4785 quo,
1420 4716 1525 4771 nisi
1550 4717 1620 4772 ad
1644 4732 1731 4772 su-

144 4817 438 4872 pernarum
485 4806 692 4861 sedium
732 4819 991 4860 numeros
1030 4805 1405 4860 ascribuntnr?
1446 4806 1552 4862 Per
1590 4822 1727 4878 quos

144 4896 269 4953 dam
290 4907 485 4956 sancta
514 4897 756 4953 Ecclesia
796 4896 1022 4968 regitur,
1062 4896 1379 4966 plerumque
1404 4897 1473 4955 de
1499 4899 1725 4967 quibus-

146 4988 266 5044 dam
316 4991 436 5047 suis
473 4990 705 5046 iniirmis
738 4991 949 5045 actibus
988 4990 1154 5045 etiam
1201 4989 1360 5047 electi
1391 4990 1723 5061 iudicantur.

146 5077 292 5143 Quod
321 5091 379 5137 et
413 5096 513 5152 per
553 5088 799 5136 sanctum
835 5080 1137 5151 Remigium
1170 5088 1350 5136 actum
1384 5080 1554 5138 fuisse
1594 5082 1725 5153 legi-

146 5184 292 5235 mus,
339 5170 561 5241 quando
594 5170 827 5226 electum
867 5168 963 5225 Dei
1003 5168 1374 5226 Genebaldum
1412 5171 1723 5242 episcopum

150 5259 340 5319 desuis
370 5263 599 5319 inlimis
638 5263 849 5319 actibus
872 5262 1152 5332 judicavit,
1200 5270 1257 5317 et
1299 5270 1421 5331 post
1459 5261 1722 5333 judicium

1836 4625 1964 4687 tali,
1998 4625 2231 4695 receptis
2258 4626 2314 4679 in
2345 4627 2535 4681 eadem
2564 4627 2899 4682 beatitudine
2926 4629 3206 4684 conservis
3232 4631 3345 4685 suis
3367 4640 3426 4688 et

1834 4715 2095 4772 fratribus
2121 4718 2355 4783 cunctis,
2384 4732 2523 4788 quos
2563 4718 2742 4772 adhuc
2771 4718 2826 4772 in
2863 4720 3024 4774 terris
3064 4727 3275 4777 certare
3298 4738 3421 4778 con-

1833 4809 2095 4880 spiciunt,
2123 4825 2232 4864 non
2266 4810 2546 4866 habebunt
2566 4810 2704 4867 ultra
2735 4827 2842 4883 quo
2863 4812 3114 4866 intuitum
3142 4815 3423 4884 cogitatio-

1832 4900 1920 4955 nis
1945 4915 2055 4955 sua:
2076 4899 2226 4955 foras
2251 4899 2337 4955 vel
2364 4900 2431 4955 ad
2472 4901 2740 4957 modicum
2771 4902 3006 4965 mittant,
3040 4902 3303 4959 habentes
3334 4920 3420 4960 sc-

1833 5009 1955 5048 cum
1981 4995 2128 5049 intus
2155 4994 2343 5058 Deum,
2370 4995 2437 5049 de
2460 4994 2615 5063 cujus
2643 4995 2848 5049 visione
2873 5009 3104 5063 superna
3126 4996 3414 5065 gaudeant.

1837 5084 1937 5140 Ubi
1981 5084 2112 5140 illud
2155 5083 2391 5154 primum
2432 5093 2489 5140 et
2524 5084 2818 5138 maximum
2857 5083 3067 5137 Domini
3098 5086 3412 5140 mandatum

1830 5174 2103 5244 integrant
2138 5176 2486 5245 perficietur,
2515 5174 2584 5228 ad
2624 5171 2781 5243 cujus
2807 5170 3187 5242 perfectionem
3218 5173 3272 5226 in
3315 5174 3415 5229 hac

1829 5268 1941 5323 vita
1960 5266 2097 5335 justi
2124 5283 2220 5339 pro
2248 5269 2361 5324 suis
2385 5269 2587 5337 quique
2617 5266 2824 5321 viribus
2848 5265 3203 5337 accinguntur
3235 5284 3252 5322 :
3280 5267 3415 5323 Dili-

150 5353 289 5407 eurdi
318 5369 418 5410 suo
451 5354 681 5409 Domino
710 5354 1053 5423 praesidente,
1087 5354 1256 5423 ipsius
1275 5352 1516 5421 jussione
1548 5354 1599 5407 in
1627 5369 1719 5409 0r-

152 5439 268 5496 dine
301 5446 643 5515 episcopatus
670 5446 818 5500 illum
853 5445 1116 5499 restituit.
1154 5444 1380 5500 Constat
1404 5446 1569 5515 igitur
1593 5446 1720 5500 bea-

150 5536 257 5585 tum
272 5532 573 5609 Remigium
595 5538 664 5593 ad
686 5550 1040 5609 superbarum
1063 5535 1269 5591 sedium
1293 5551 1576 5591 numerum
1599 5551 1721 5592 esse

155 5623 455 5696 ascripnim.
926 5630 931 5637 '

215 5708 302 5770 IX.
342 5718 410 5775 Et
435 5732 563 5778 sunt
585 5723 845 5792 nonnulli,
875 5723 966 5794 qui
992 5732 1140 5780 tanta
1170 5722 1263 5779 Dei
1291 5738 1355 5780 ac
1379 5724 1611 5794 proximi
1644 5726 1717 5782 di-

1828 5375 1917 5429 ges
1945 5358 2233 5414 Dominum
2266 5358 2429 5413 Deum
2459 5367 2604 5412 tuum
2632 5373 2697 5412 ea:
2717 5367 2826 5411 toto
2840 5358 2995 5412 corde
3015 5367 3127 5423 tuo,
3156 5367 3204 5412 et
3222 5368 3409 5413 extota

1827 5454 2006 5506 anima
2036 5462 2150 5518 tua,
2180 5462 2229 5506 et
2264 5453 2317 5506 in
2348 5462 2457 5506 tota
2494 5462 2660 5506 mente
2688 5461 2804 5518 tua,
2833 5462 2881 5506 et
2907 5451 3092 5522 diliges
3110 5454 3408 5522 proximum

1825 5553 1976 5599 tuum
2016 5546 2148 5599 sicut
2195 5546 2415 5613 teipsum
2461 5544 2677 5613 (Matth.
2727 5559 2874 5607 xxtt;
2910 5542 3078 5597 Marc.
3114 5544 3232 5609 χιι).
3272 5542 3407 5610 Quia

1824 5653 1933 5707 quo
1972 5636 2201 5692 vicinius
2233 5646 2557 5707 prmsentem
2582 5634 2793 5693 Domini
2821 5636 3030 5691 vultum
3055 5646 3309 5700 cernunt,
3339 5651 3403 5692 eo

1824 5743 1885 5785 se
1910 5729 2189 5786 ardentius
2226 5728 2342 5797 ejus
2388 5729 2664 5785 dilectioni
2714 5736 2857 5784 totos
2905 5727 3245 5799 impendunt,
3296 5742 3403 5798 quo
