4038 6322
585 324 719 383 1191

1441 319 1772 378 HINCMARI
1812 315 2026 373 BHE”.
2067 310 2388 367 ARCIIIEP.
2425 312 2791 370 OPUSCULA
2841 314 3077 370 VARIA.

3734 316 3874 372 ιιεί

583 441 861 516 pi-oximos
881 455 1011 496 suos
1039 452 1227 496 omnes
1258 451 1381 492 esse
1419 436 1646 500 electos,
1692 449 1757 489 ac
1800 433 1914 487 Deo
1942 430 2170 485 dilectos
2197 433 2247 488 Δ
2278 425 2348 479 Hi
2389 437 2679 497 sequuntur
2713 428 2921 498 Aquam
2963 443 3273 498 quocunque
3310 428 3428 482 ierit
3450 427 3705 497 (Apocal.
3732 430 3874 495 xtvl,

586 539 909 604 agnoscunt.
936 530 1055 598 Quo
1076 529 1239 585 corda
1270 527 1483 581 illorum
1510 542 1617 581 non
1657 524 1836 579 minus
1860 537 2021 592 quam
2046 535 2165 585 sua,

588 623 803 678 sincero
817 636 1002 677 amore
1021 619 1219 675 referta
1242 617 1560 687 respiciunt,
1582 630 1651 669 eo
1671 614 1792 669 illos
1813 613 1915 682 ipsi
1937 627 2044 667 non
2069 610 2172 664 mi-

588 730 692 769 nus
707 730 867 783 quam
880 712 1087 781 seipsos
1101 722 1284 763 amare
1297 708 1650 763 delectantur.
1677 705 1809 759 Nam
1828 718 1926 774 pro
1942 701 2172 757 ﬁdeliter

588 805 961 862 laborantibus
981 803 1033 856 in
1059 799 1372 873 bujusjvitae
1403 813 1576 869 agone
1589 797 1761 853 sancti
1792 796 1961 850 Deum
1988 801 2169 857 orant,

588 897 777 965 eisque
800 893 1219 962 compatiuntur.
1244 890 1351 945 Sed
1372 897 1429 945 et
1454 903 1554 958 pro
1576 888 1677 953 eis,
1701 896 1759 941 ut
1785 900 1948 954 supra
1969 884 2170 939 dictum

588 995 691 1048 est,
734 985 825 1055 qui
873 991 1093 1055 propter
1130 984 1268 1037 bona
1307 981 1525 1051 quidem
1572 993 1737 1048 opera
1766 978 1832 1032 ad
1877 976 2171 1031 electorum

589 1083 792 1129 sortem
827 1082 955 1127 sunt
994 1072 1364 1142 praeordinati,
1407 1070 1500 1125 sed
1544 1076 1764 1138 propter
1790 1066 1930 1121 mala
1966 1066 2170 1135 aliqua,

486 1170 493 1179 ‘
588 1167 788 1236 quibus
815 1166 1003 1236 polluti
1032 1167 1099 1220 de
1119 1179 1351 1236 corpore
1370 1170 1591 1227 exeunt,
1614 1169 1738 1231 post
1763 1168 1989 1214 mortem
2011 1158 2174 1211 casti-

590 1260 752 1330 gandi
791 1274 889 1328 pro
929 1258 1187 1327 qualitate
1227 1271 1453 1327 operum
1492 1254 1670 1325 pmnis
1714 1251 2077 1320 excipiuntur,
2118 1257 2175 1303 et

590 1350 802 1420 purgati
841 1349 907 1403 ad
948 1351 1226 1403 beatorum
1267 1346 1587 1418 perveniunt
1635 1343 1897 1412 requiem.
1944 1341 2050 1395 Pro
2090 1340 2176 1395 his

591 1453 740 1502 vero,
771 1438 861 1507 qui
891 1438 998 1507 jam
1030 1436 1349 1506 corporibus
1382 1435 1528 1489 exuti
1556 1442 1700 1497 sunt,
1730 1431 1948 1487 aeternis
1967 1430 2172 1501 suppli-

592 1530 695 1583 ciis
717 1528 924 1593 traditi,
958 1527 1206 1596 quamvis
1233 1527 1286 1581 in
1316 1540 1427 1580 sua:
1462 1533 1669 1579 natura:
1701 1524 1942 1577 bonitate
1966 1520 2177 1575 miseri-

591 1618 833 1673 oordiam
856 1617 1110 1681 habeant,
1130 1615 1241 1683 jam
1263 1615 1502 1670 auctoris
1520 1630 1630 1669 sua:
1642 1613 1868 1681 justitiae
1880 1610 2174 1680 conjuncti,

592 1715 743 1761 tanta
779 1706 1106 1761 rectitudine
1133 1704 1573 1776 constringuntur
1603 1721 1616 1756 :
1656 1703 1756 1773 ipsi
1787 1702 1983 1773 quippe
2004 1701 2175 1771 judici

2276 517 2563 573 timeamus
2589 519 2946 588 inconspectu
2962 517 3056 572 Dei
3083 527 3141 572 et
3166 517 3220 571 in
3255 517 3430 572 oculis
3453 516 3576 585 ejus
3600 532 3871 588 peciare:

2272 618 2563 679 peccantes
2608 617 2789 662 autem
2824 623 2931 662 non
2959 608 3348 662 erubescamus
3395 617 3619 676 peccata
3658 616 3873 677 nostra,

2272 712 2394 767 quae
2416 686 2421 689 Α
2441 697 2612 760 novit,
2645 698 2777 760 Deo,
2807 705 2863 751 et
2903 696 2980 750 illi
3025 697 3190 752 corde
3212 695 3448 750 contrito
3481 706 3541 749 et
3581 696 3871 751 humiliato

2272 805 2371 860 per
2415 790 2684 860 lacrymas
2725 789 2996 853 conliteri,
3025 797 3081 844 et
3111 788 3501 857 indulgentiam
3533 804 3668 841 cum
3698 788 3870 856 digitis

2273 881 2607 950 ptenitentiae
2650 880 2916 935 fructibus
2966 878 3263 949 postulare.
3311 877 3481 933 Nemo
3522 877 3715 947 aliqua
3746 892 3868 932 suo-

2274 991 2392 1029 rum
2458 974 2848 1029 numerositate
2886 971 2970 1027 vel
3010 971 3338 1027 enormitate
3396 969 3677 1025 scelerum
3741 983 3870 1023 eon-

2274 1066 2445 1131 fusus,
2482 1069 2549 1121 de
2584 1067 2757 1122 salute
2797 1067 3131 1136 impetranda
3170 1064 3409 1131 diuidat,
3446 1072 3508 1118 et
3544 1064 3869 1119 barathru-

2273 1159 2672 1229 desperationis
2701 1158 2929 1221 incidat,
2947 1157 3102 1226 juxta
3129 1156 3259 1210 illud
3283 1155 3597 1210 Salomonis
3624 1171 3643 1208 :
3670 1154 3870 1222 Inpius

2275 1266 2392 1303 cum
2414 1250 2605 1304 venerit
2637 1250 2692 1302 in
2714 1248 3035 1318 profundum
3065 1246 3349 1311 malorum,
3371 1245 3666 1299 contemnit
3692 1241 3868 1315 (Prae.

2278 1342 2456 1410 xvtn).
2498 1341 2772 1397 Habemus
2822 1341 2969 1395 enim
3006 1340 3330 1396 confitentes
3374 1346 3612 1407 peccata
3652 1346 3868 1401 nostra,

2273 1446 2325 1490 et
2373 1442 2619 1504 petentes
2666 1432 2924 1496 veniam‘,
2994 1432 3060 1486 de
3130 1428 3478 1498 impetranda
3532 1427 3866 1497 indulgentia

2276 1527 2571 1581 anchoram
2602 1524 2725 1578 ﬁdei
2753 1538 2818 1578 ac
2854 1523 2988 1592 spei,
3016 1537 3115 1592 per
3133 1520 3397 1576 Joannem
3428 1518 3753 1590 apostolum
3781 1534 3867 1573 no-

2276 1618 2360 1674 bis
2382 1618 2758 1687 deprom‘ptam
2787 1633 2799 1669 :
2832 1613 2890 1669 Si
2911 1613 3274 1682 confiteantur,
3309 1611 3753 1680 inquitnpecccta
3782 1626 3866 1664 I0-

2277 1721 2408 1774 stra,
2431 1707 2601 1776 ﬁdelis
2623 1716 2669 1761 et
2686 1706 2865 1776 justus
2888 1715 2965 1759 est
2987 1703 3127 1758 Deus
3148 1714 3206 1758 ut
3226 1705 3453 1758 remittat
3479 1703 3641 1757 nobis
3662 1712 3865 1772 peccata

592 1796 957 1861 concordant,
986 1797 1073 1852 cui
1105 1796 1371 1850 inhmreut
1401 1813 1429 1849 :i
1453 1802 1507 1850 et
1536 1793 1617 1847 eis
1658 1808 1796 1863 quos
1826 1792 2038 1862 eripere
2065 1805 2172 1845 non

2276 1813 2453 1857 nostra
2477 1800 2530 1871 (1
2546 1800 2706 1855 Joan.
2734 1800 2818 1869 tt).
2860 1799 2938 1854 Et.
2960 1800 3087 1868 qui‘a
3116 1800 3233 1853 Sine
3264 1807 3495 1868 peccato
3538 1798 3594 1853 in
3629 1799 3739 1853 hac
3760 1799 3862 1853 vita

592 1898 841 1959 possunt,
881 1903 982 1943 nec
1023 1903 1088 1943 ex
1128 1887 1501 1942 misericordia
1539 1883 2006 1947 condescendunt,
2044 1880 2170 1951 quia

592 1988 744 2033 tanto
796 1978 917 2032 illos
969 1993 999 2031 a
1049 1992 1106 2031 se
1156 1977 1343 2030 vident
1388 1984 1714 2038 extraneos,
1754 1981 1957 2041 quanto
2001 1980 2057 2025 et
2103 1970 2172 2025 ab

592 2084 682 2134 eo,
703 2083 863 2139 quem
890 2067 1137 2138 diligunt,
1164 2075 1384 2121 auctore
1410 2082 1508 2120 suo
1529 2065 1866 2134 conspiciunt
1890 2062 2131 2133 repulsos
2154 2079 2169 2115 :

592 2172 649 2217 ct
689 2161 857 2217 erecti
881 2159 993 2228 jam
1036 2176 1132 2230 per
1156 2158 1424 2227 justitiam
1458 2156 1671 2226 judicii,
1716 2157 1798 2211 eis
1833 2156 1978 2211 nullo
2013 2155 2172 2210 modo

589 2268 658 2307 ex
702 2252 881 2321 aliqua
923 2250 1301 2321 compassione
1332 2250 1678 2302 miserentur.
1725 2246 1925 2301 Verum
1962 2256 2017 2301 et
2048 2258 2173 2302 ante

592 2346 1002 2401 retributionem
1022 2343 1251 2399 extremi
1268 2340 1475 2409 judicii,
1493 2340 1677 2409 injusti
1700 2340 1754 2394 in
1799 2340 1986 2408 requie
2014 2355 2175 2408 quos-

591 2437 717 2491 dam
741 2435 919 2506 justos
947 2434 1237 2504 aspiciunt,
1260 2441 1321 2486 ut
1346 2448 1440 2486 eos
1463 2432 1708 2486 videntes
1736 2431 1791 2484 in
1823 2430 2038 2500 gaudio,
2068 2446 2173 2484 non

591 2528 766 2582 solum
798 2528 864 2582 de
904 2541 1004 2580 suo
1032 2523 1324 2595 supplicio,
1356 2523 1449 2577 sed
1488 2522 1652 2576 etiam
1684 2521 1751 2576 de
1783 2521 1995 2576 illorum
2032 2523 2175 2577 bono

590 2618 921 2674 crucientur.
952 2616 1090 2671 Justi
1115 2630 1241 2671 vero
1272 2615 1324 2668 in
1355 2614 1637 2669 tormentis
1660 2628 1873 2683 semper
1897 2614 2175 2667 intuentur

591 2708 842 2775 injustos,
863 2715 922 2761 ut
948 2706 1076 2761 hinc
1112 2721 1299 2760 eorum
1336 2704 1591 2775 gaudium
1617 2714 1849 2767 crescat,
1873 2704 1998 2773 quia
2031 2704 2171 2756 mala

589 2798 953 2871 conspiciunt,
992 2811 1113 2867 qua:
1151 2796 1580 2851 misericorditer
1618 2806 1930 2849 evaserunt.
1974 2794 2174 2850 Tanto-

590 2906 696 2960 que
739 2889 975 2959 majores
1004 2889 1239 2958 erepturi
1276 2902 1375 2943 suo
1413 2888 1617 2957 gratias
1658 2885 1920 2950 referunt,
1970 2896 2172 2954 quanto

588 2984 773 3038 vident
804 2984 856 3038 in
885 2983 1007 3037 aliis
1034 2982 1165 3052 quid
1190 2982 1290 3053 ipsi
1316 2981 1548 3053 perpeti,
1572 2980 1615 3035 si
1641 2989 1824 3034 essent
1848 2981 2045 3046 relicti,
2077 2996 2172 3050 po-

593 3073 818 3127 tuerint.
882 3072 994 3128 Nec
1048 3073 1196 3127 illam
1261 3081 1423 3126 tanta:
1469 3071 1818 3125 beatitudints
1863 3071 2167 3127 claritatem

593 3163 1019 3235 apudjustorum
1049 3166 1289 3219 animum
1312 3164 1545 3220 l'uscabit
1568 3171 1783 3235 aspecta
1807 3181 1966 3237 poena
1992 3180 2171 3237 repro-

591 3258 783 3312 borum
816 3274 830 3312 :
859 3258 983 3327 quia
1022 3258 1112 3311 ubi
1143 3257 1255 3325 jam
1285 3257 1590 3326 compassio
1622 3259 1855 3315 miseriae
1900 3274 2005 3313 non
2043 3258 2169 3323 erit,

592 3346 838 3402 minuere
861 3346 1045 3416 procul
1075 3347 1239 3403 dubio
1254 3346 1532 3401 beatorum
1560 3347 1801 3403 laetitiam
1828 3366 1931 3403 non
1951 3349 2171 3402 valebit.

592 3435 663 3490 Et
686 3438 935 3506 quamvis
971 3436 1052 3491 eis
1092 3451 1190 3491 sua
1239 3436 1433 3507 gaudia
1478 3438 1544 3491 ad
1592 3434 1973 3506 perfruendum
2018 3438 2175 3506 plene

593 3524 882 3589 sulﬁciant,
934 3526 1075 3579 mala
1135 3534 1315 3579 tamen
1365 3527 1715 3594 reprohorum
1770 3528 1973 3595 absque
2012 3526 2174 3581 dubio

594 3633 810 3685 semper
843 3617 1128 3685 aspiciunt.
1159 3616 1298 3683 Quia
1343 3617 1432 3685 qui
1467 3618 1730 3671 creatoris
1761 3619 1844 3672 sui
1870 3619 2173 3673 claritatem

597 3707 798 3770 vident,
843 3707 974 3760 nihil
1025 3707 1079 3761 in
1124 3714 1375 3762 creatura
1420 3708 1629 3779 agitur,
1684 3723 1793 3778 quo
1840 3710 2025 3766 videre
2066 3725 2175 3765 non

595 3797 823 3866 possint.

670 3888 778 3945 Xll.
822 3888 974 3945 Sicut
1009 3892 1172 3962 igitur
1198 3893 1380 3949 audita
1422 3902 1733 3949 sanctorum
1763 3891 1959 3963 gloria,
1992 3892 2177 3946 audita

597 3970 950 4051 reproborum
994 3984 1235 4050 miseria,
1274 3985 1475 4039 auditis
1513 3983 1671 4051 hujus
1708 3983 2038 4038 sanctissimi
2077 3998 2173 4052 pa-

596 4074 736 4128 troni
769 4075 938 4129 nostri
974 4076 1199 4141 tuleritis,
1232 4078 1429 4132 auditis
1458 4076 1756 4141 beneﬁciis,
1784 4090 1904 4145 qua:
1933 4076 1986 4130 in
2016 4076 2179 4130 mira-

593 4164 837 4217 culorum
868 4165 1170 4233 patratione
1198 4180 1263 4219 ac
1288 4166 1579 4220 sanitatum
1615 4165 1922 4236 largitione,
1955 4166 2179 4220 creden-

593 4264 678 4310 tes
712 4264 767 4309 et
802 4257 981 4311 devoti
1020 4257 1270 4313 homines
1304 4258 1474 4327 ipsius
1513 4258 1826 4329 patrociniis
1860 4273 1955 4327 per
1978 4257 2177 4312 donum

592 4352 784 4421 gratia:
810 4361 1147 4417 meruerunt,
1188 4361 1247 4406 ut
1278 4354 1435 4407 nobis
1469 4353 1594 4407 talia
1634 4353 1752 4422 ejus
1792 4352 2180 4411 intercessione

2196 3124 2239 3185 C

2274 1912 2395 1953 esse
2424 1911 2529 1950 non
2552 1909 2856 1965 possumus,
2884 1893 3058 1962 prima
3087 1892 3280 1946 salutis
3305 1906 3433 1961 spes
3462 1890 3861 1952 esternt‘essio.

2272 2004 2343 2044 ne
2371 1988 2658 2059 quisquam
2705 2000 2767 2041 se
2792 1984 2999 2054 justum
3042 1992 3215 2054 putet,
3258 1993 3314 2038 et
3356 1993 3490 2038 ante
3527 1983 3727 2038 oculos
3754 1985 3860 2046 Dei,

2273 2082 2448 2151 erigat
2476 2074 2781 2134 cervicem:
2805 2076 2999 2132 deinde
3022 2076 3264 2140 dilectio,
3285 2075 3414 2145 quia
3434 2064 3685 2129 citat-itas
3708 2086 3858 2129 cunt

2274 2171 2661 2226 multitudith
2684 2179 3016 2240 peccatorum
3040 2169 3093 2239 (1
3114 2167 3259 2222 Petr.
3286 2169 3384 2239 tv).
3413 2167 3664 2224 Pulchre
3692 2179 3859 2223 autem

2274 2270 2565 2329 utrumque
2602 2259 2889 2328 Apostolus
2935 2258 3098 2313 simul
3128 2259 3285 2315 nobis
3329 2259 3605 2324 insinuat,
3639 2259 3779 2328 quod
3808 2267 3857 2313 ct

2275 2367 2469 2422 rogare
2498 2366 2596 2421 pro
2621 2352 2857 2421 peccatis
2881 2350 3177 2407 debeamus
3197 2359 3254 2406 et
3280 2350 3650 2421 impetremus
3671 2353 3739 2407 de
3762 2352 3861 2406 Deo

2275 2441 2660 2511 indulgentiam
2706 2457 2830 2496 cum
2876 2457 3150 2512 rogamus.
3196 2441 3318 2497 Ideo
3362 2451 3418 2497 et
3466 2441 3693 2496 ﬁdelem
3735 2443 3863 2497 dixit

2276 2530 2560 2585 Dominum
2589 2532 2656 2585 ad
2684 2532 3004 2586 remittenda
3046 2541 3291 2601 peccata,
3320 2532 3486 2588 ﬁdem
3514 2533 3862 2603 pollicitatio-

2276 2623 2361 2676 nis
2391 2638 2509 2676 suze
2549 2632 2856 2676 servantem
2882 2637 2897 2675 :
2923 2623 3049 2692 quia
3078 2623 3168 2693 qui
3192 2638 3355 2678 orare
3394 2639 3496 2678 nos
3528 2640 3637 2693 pro
3674 2626 3862 2679 debitis

2274 2722 2325 2769 et
2358 2713 2589 2783 peccatis
2620 2714 2825 2781 docuit,
2852 2722 3077 2783 paterna
3121 2714 3500 2769 misericordia
3527 2716 3782 2784 promisit
3807 2725 3862 2768 α

2273 2809 2486 2862 veniam
2525 2817 2858 2860 secuturam.
2894 2804 3105 2860 Iustum
3137 2821 3354 2876 quoque
3386 2822 3514 2861 eum
3561 2818 3855 2871 asseverat,

2273 2900 2397 2969 quia
2434 2914 2575 2953 vene
2597 2897 2923 2953 cmd'essioni
2961 2898 3104 2966 juste
3141 2897 3386 2951 dimittit.
3417 2896 3652 2951 Peccata
3678 2908 3860 2952 nostra

2272 2992 2547 3060 praeterita
2592 2994 2645 3045 in
2681 2990 3020 3058 baptismatis
3070 2993 3416 3061 perceptione
3464 2991 3627 3045 nobis
3660 2992 3859 3044 donata

2273 3090 2430 3141 sunt,
2476 3090 2713 3134 attamen
2777 3090 2900 3149 post
2938 3070 3202 3149 baptisma
3251 3079 3422 3135 multa
3471 3080 3863 3144 commisimus,

2275 3172 2366 3225 sed
2407 3170 2574 3224 lavari
2638 3170 2834 3223 iterum
2873 3171 3214 3239 baptismatis
3243 3185 3384 3240 aqua
3416 3186 3524 3225 non
3556 3184 3867 3241 possumus.

2275 3262 2412 3329 Quia
2465 3276 2596 3330 ergo
2635 3270 2691 3316 et
2739 3269 2862 3329 post
2905 3261 3173 3330 baptisma
3226 3261 3631 3329 inquinavimus
3662 3259 3868 3324 vitam,

2274 3354 2611 3424 baptizemus
2660 3352 2913 3422 lacrymis
2942 3353 3356 3418 conscientiam,
3400 3361 3456 3406 et
3486 3352 3643 3421 quasi
3684 3352 3871 3432 Quoti-

2275 3446 2438 3500 diano
2482 3442 2735 3498 Iordanis
2784 3443 3107 3511 baptismate
3172 3441 3427 3512 lacrymis
3465 3441 3872 3496 conscientia.

2275 3545 2474 3591 nostra:
2512 3533 2945 3604 compunctionis
2978 3531 3049 3586 ab
3074 3531 3226 3587 omni
3255 3533 3499 3586 vitiorum
3543 3530 3875 3602 subripias.

2278 3626 2410 3679 tinm
2457 3625 2780 3694 contagione
2828 3638 3143 3695 purgemus,
3187 3623 3344 3694 juxta
3397 3637 3515 3678 eum
3546 3622 3641 3691 qui
3700 3624 3869 3678 dicit;

2277 3715 2484 3770 Lavabo
2520 3732 2612 3784 per
2652 3714 2889 3785 singulas
2931 3724 3103 3768 noctes
3145 3713 3335 3768 lectum
3371 3730 3582 3778 meum,
3615 3713 3870 3784 mergaris

2275 3809 2404 3861 meis
2450 3817 2676 3860 stratum
2718 3822 2896 3861 meum
2941 3805 3122 3875 rigabo
3165 3804 3464 3875 (ωηιξη).
3514 3804 3669 3860 Unde
3722 3817 3868 3861 recte

2276 3896 2529 3952 Jordanis
2558 3897 2697 3949 rivus
2727 3896 2919 3965 judicii
2964 3896 3373 3965 interpretatur.
3421 3895 3561 3961 Quia
3604 3895 3867 3949 nimirum

2276 3987 2432 4042 electi
2464 3988 2666 4056 quique
2699 4001 2807 4056 quo
2847 3985 3139 4040 sollicitius
3172 4001 3326 4040 suam
3365 3986 3764 4041 conscientiam
3791 3987 3869 4040 αἱ-

2278 4076 2557 4136 sentiendo
2602 4078 2936 4141 examinant,
2973 4091 3039 4131 eo
3067 4077 3289 4131 latiores
3337 4092 3407 4132 ex
3446 4077 3637 4132 intimo
3687 4078 3871 4132 cordis

2277 4169 2427 4225 fonte
2471 4170 2833 4240 lacrymarum
2881 4168 3074 4224 ﬂuvios
3126 4168 3375 4223 fundunt.
3424 4169 3492 4224 Et
3517 4170 3649 4239 quia
3692 4171 3871 4226 minus

2278 4259 2548 4330 perfectos
2584 4275 2644 4314 se
2674 4275 2797 4315 esse
2823 4261 3253 4328 deprehendunt,
3281 4261 3475 4315 sordes
3512 4273 3627 4315 sua
3661 4260 3872 4332 fragm-

2281 4351 2408 4405 tatis
2436 4350 2594 4405 undis
2616 4350 2947 4419 paenitentiae
2968 4351 3201 4413 diluunt,
3227 4360 3283 4404 et
3309 4351 3568 4420 parvulos
3601 4354 3874 4422 cogitatu

594 4442 860 4511 impertiri
885 4443 1275 4509 desideramus,
1306 4445 1376 4499 ita
1405 4452 1460 4499 et
1487 4445 1686 4500 auditis
1715 4444 1977 4500 ultionum
2003 4446 2178 4501 vindi-
2202 4485 2255 4545 Β
2281 4455 2410 4497 suos
2429 4441 2495 4495 ad
2522 4450 2754 4509 petram,
2772 4440 3023 4495 videlicet
3045 4440 3345 4508 Christum,
3373 4442 3633 4507 allidunt,
3659 4458 3873 4500 omnis-

594 4535 717 4595 etis,
753 4548 873 4602 qua;
909 4544 1197 4603 peccantes
1238 4550 1302 4590 ac
1334 4535 1593 4599 rebelles,
1638 4537 1807 4604 ipsius
1837 4537 2042 4592 meritis
2078 4551 2176 4606 per

595 4622 1006 4677 retributionem
1047 4624 1270 4693 justitiaa
1311 4626 1702 4689 sustinuerunt,
1738 4626 1791 4679 in
1833 4628 2090 4695 peccatis,
2119 4635 2177 4681 et

594 4711 738 4780 quod
781 4709 955 4766 adhuc
993 4720 1077 4768 est
1119 4713 1356 4783 gravius,
1397 4714 1452 4768 in
1491 4721 1837 4783 peccatorum
1879 4716 2175 4784 pertinacia

594 4801 827 4858 rebelles
863 4803 1154 4873 persistere
1193 4805 1496 4869 timeamus,
1538 4820 1607 4861 ne
1635 4806 1901 4862 similibus
1926 4816 2019 4863 aut
2053 4823 2177 4877 gra-

592 4895 839 4953 vioribus
881 4897 1160 4969 suppliciis
1206 4899 1520 4962 obruamur,
1571 4900 1617 4954 si
1655 4901 1820 4955 tantis
1867 4914 1932 4955 ac
1981 4902 2177 4957 talibus

595 4987 858 5057 exemplis
895 4990 1148 5061 cognitis,
1191 5004 1293 5045 nec
1328 4991 1606 5047 benellciis
1634 4992 1701 5046 ad
1737 4991 1876 5049 bene
1907 4994 2175 5064 agendum

595 5092 979 5146 provocamur,
1007 5095 1106 5136 nec
1122 5081 1298 5136 territi
1328 5082 1580 5159 vindictis
1597 5096 1626 5137 a
1649 5081 1806 5138 malis
1826 5099 1925 5140 nos
1949 5084 2174 5139 cohibe-

595 5183 739 5224 mus.
769 5169 1126 5241 Flagellorum
1161 5187 1306 5229 enim
1332 5173 1582 5229 vindicta:
1608 5174 1762 5229 nobis
1781 5173 1964 5239 illatae,
2001 5175 2046 5230 si
2079 5189 2178 5231 nos

596 5273 629 5314 a
653 5263 929 5331 peccando
957 5270 1232 5329 revocant,
1262 5273 1318 5319 et
1352 5265 1420 5319 ad
1450 5264 1823 5335 ptenitentiam
1852 5274 2172 5334 provocant,

596 5358 653 5405 et
687 5358 811 5421 post
846 5353 1219 5422 paenitentiam
1259 5369 1358 5410 nos
1397 5355 1622 5411 crimina
1667 5370 1773 5410 non
1819 5356 2174 5423 remaculant,

596 5440 724 5496 ﬁnis
766 5451 893 5498 sunt
944 5454 1254 5501 nostrorum
1328 5446 1745 5518 praecedentium
1804 5459 2173 5518 peccatorum.

598 5533 695 5588 Sin
740 5535 921 5601 aliter,
959 5548 1087 5591 sunt
1125 5537 1335 5592 initium
1374 5539 1715 5608 sequentium
1762 5548 2173 5597 tormentorum.

597 5622 993 5692 Cognoscantes
1036 5641 1166 5697 ergo
1207 5628 1352 5683 hunc
1389 5637 1675 5699 patronum
1723 5646 1787 5684 ac
1814 5640 2176 5702 protectorem

599 5724 844 5773 uestrum
873 5731 995 5774 esse
1019 5733 1182 5775 unum
1212 5718 1279 5775 de
1313 5719 1425 5776 illis
1447 5720 1512 5776 de
1546 5722 1743 5792 quibus
1771 5722 2030 5794 scriptum
2055 5729 2173 5779 est:
2220 5778 2227 5794 ,

2281 4551 2388 4605 que
2415 4550 2606 4590 sensus
2643 4534 2839 4588 mentis
2877 4549 2940 4587 ac
2965 4535 3208 4603 corporis
3234 4543 3386 4603 petra
3424 4535 3699 4603 spiritalis
3722 4550 3879 4589 em.

2279 4625 2419 4679 citus
2451 4623 2838 4678 circumcidere
2870 4622 3108 4676 student.
3139 4622 3322 4688 Petra,
3352 4622 3553 4691 inquit,
3579 4634 3701 4678 erat
3726 4623 3874 4678 Chi-

2278 4730 2390 4775 atut
2418 4718 2467 4788 (Ι
2491 4719 2613 4773 Cor.
2640 4718 2720 4786 x).
2786 4714 2953 4783 Cujus
2980 4715 3103 4780 lide,
3135 4729 3232 4783 spe
3255 4718 3312 4769 et
3343 4714 3622 4770 cbaritate
3658 4730 3770 4770 non
3793 4727 3874 4771 so-

2280 4809 2393 4864 lum
2423 4810 2477 4864 in
2507 4810 2862 4878 baptismate,
2895 4807 2990 4861 sed
3016 4815 3073 4861 et
3101 4806 3154 4859 in
3182 4806 3332 4861 omni
3358 4820 3593 4874 prorsus
3636 4809 3873 4869 actione.

2285 4902 2475 4956 devota
2505 4900 2864 4969 puriﬁcantur
2887 4897 3054 4952 corda
3082 4896 3370 4963 bonorum.
3411 4897 3473 4950 In
3512 4912 3627 4967 quo
3657 4896 3874 4967 pietatis

2284 4990 2546 5045 exercitio
2594 4989 2639 5044 si
2688 5003 2788 5043 nos
2832 4986 3031 5042 viderit
3084 4987 3173 5041 hic
3219 4985 3473 5042 dominus
3529 4995 3588 5042 et
3611 4998 3875 5057 patremis

2285 5092 2473 5136 noster
2501 5079 2733 5135 ﬁdeliter
2776 5078 3046 5145 laborare,
3074 5078 3203 5132 data
3252 5078 3681 5134 intercessionis
3715 5093 3873 5133 manu

2284 5188 2504 5230 cursum
2530 5181 2775 5228 nostrum
2794 5171 3026 5239 juvabit,
3059 5169 3294 5239 qualiter
3313 5169 3383 5225 ad
3408 5180 3635 5240 portum
3662 5181 3874 5225 eterna!

2287 5264 2481 5319 salutis
2524 5262 2809 5332 pervenire
2855 5261 3149 5330 possimus.
3186 5260 3341 5330 Legit
3364 5260 3515 5315 enim
3570 5262 3631 5315 in
3676 5259 3874 5315 lumine

2283 5353 2754 5421 incircumscripto
2809 5365 2933 5406 cum
2980 5351 3310 5407 beatissimis
3350 5351 3642 5422 spiritibus
3692 5348 3872 5421 gloria

2281 5445 2590 5502 Conditoris
2636 5444 2720 5499 sui
2759 5443 3057 5508 assistens,
3105 5443 3231 5512 quia
3258 5441 3491 5497 libenter

2278 5536 2623 5606 omnipotens
2646 5533 2790 5589 Deus
2818 5534 2967 5603 quod
3005 5542 3264 5589 nocentes
3289 5531 3514 5597 fuimus,
3540 5541 3770 5601 paratus
3788 5536 3868 5584 est

2270 5626 2655 5701 paenitentiam
2699 5634 2943 5683 nostram
2992 5627 3150 5683 nobis
3198 5625 3264 5680 ad
3296 5624 3671 5680 innocentiam
3705 5621 3866 5693 depu—

2280 5732 2415 5779 tare.
2445 5722 2504 5777 ln
2535 5722 2621 5779 die
2644 5721 2842 5793 quippe
2870 5720 3215 5792 baptismatis
3250 5718 3506 5797 omnibus
3533 5730 3640 5773 nos
3662 5709 3862 5785 antiqui
