4038 6322
173 366 311 428 1ῐ95

1387 357 1747 419 ἘΟΟΝΟΜΙΑ
1775 356 1845 414 'S.
1890 357 2221 416 Μιειιιεη.

3298 359 3439 419 il”

173 479 343 537 hostis
365 477 638 549 operibus,
665 484 829 547 atque
852 475 1103 531 omnibus
1130 473 1340 545 pompis
1368 470 1755 528 abrenuntiare
1783 469 1829 530 Α
1859 466 2090 525 fideliter
2117 480 2241 526 eum
2280 468 2738 533 invocaverimus,
2768 482 2876 525 non
2915 456 3090 527 deerit
3115 468 3185 525 ab
3208 472 3438 528 exaudi-

171 573 538 643 promisimus,
585 570 679 626 sed
704 570 848 639 quod
893 569 1244 639 promisimus
1294 566 1517 621 minime
1564 578 1750 618 serva-

170 678 312 719 mus.
347 662 429 717 Ad
453 663 751 718 exercenda
787 676 952 731 prava
979 674 1169 730 epcra,
1196 659 1264 712 ad
1293 655 1753 728 concupiscendus

170 756 354 812 mundi
397 770 623 825 pompas
670 755 863 825 dilapsi
916 770 1126 810 smnus.
1160 751 1446 822 inquinati
1478 764 1609 820 ergo
1632 755 1755 817 post

168 860 360 917 aquam
390 848 602 912 salutis,
641 861 993 903 renascamur
1023 862 1093 902 ex
1142 845 1422 916 lacrymis.
1469 842 1623 912 Apud
1654 840 1752 895 mi-

166 937 492 995 sericordem
521 950 752 1007 namque
775 937 1039 1019 iudicem,
1069 953 1170 992 nec
1202 937 1299 991 ille
1336 934 1503 991 fallax
1531 932 1753 988 habebi-

167 1034 271 1091 tur,
322 1026 415 1096 qui
467 1027 537 1082 ad
570 1029 862 1082 veritatem
923 1027 1220 1083 revertitur
1262 1026 1424 1081 etiam
1465 1032 1752 1093 postquam

166 1116 445 1171 mentitur.
498 1116 635 1182 Quia
682 1117 1029 1186 omnipotens
1058 1115 1205 1172 Deus
1236 1116 1366 1173 dum
1403 1115 1634 1169 libenter
1658 1127 1754 1166 no-

163 1211 330 1256 stram
379 1203 754 1273 paenitentiam
805 1204 1054 1274 suscipit,
1107 1204 1222 1274 ipse
1264 1215 1365 1259 suo
1404 1202 1611 1270 iudicio
1651 1200 1754 1256 hoc

162 1291 303 1361 quod
331 1292 636 1347 erravimus
657 1293 1006 1348 abscondit...

230 1381 366 1437 Xlll.
406 1382 675 1437 (laterum
723 1399 883 1440 nemo
930 1385 1168 1440 fidelium
1225 1384 1293 1440 de
1332 1382 1495 1453 hujus
1536 1385 1753 1451 patroni

160 1475 331 1529 nostri
359 1474 686 1530 meritorum
712 1474 766 1530 in
793 1476 948 1533 cmlis
976 1477 1179 1532 virtute
1202 1476 1432 1539 dubitet,
1463 1477 1551 1531 cui
1578 1475 1756 1530 adhuc

162 1565 377 1627 mortali
413 1580 585 1621 carne
634 1566 689 1620 in
720 1574 865 1622 terra
893 1569 1110 1640 degenti
1138 1569 1402 1624 Dominus
1426 1576 1754 1638 potestatem

161 1657 307 1712 dedit
348 1657 559 1727 ligandi
605 1666 673 1712 et
723 1658 1084 1724 absolvendi,
1143 1667 1390 1715 mortuos
1419 1657 1749 1720 Isuseitandi,

156 1760 373 1801 omnem
403 1746 727 1818 languorem
756 1757 811 1803 et
843 1761 1064 1805 omnem
1101 1748 1479 1803 inﬁrmitatem
1525 1746 1752 1801 curandi

161 1837 376 1908 (Bouh.
414 1841 593 1909 xvni).
643 1839 725 1896 Ad
763 1840 920 1911 cuius
962 1842 1208 1912 corporis
1251 1841 1584 1911 sepulcrum,
1614 1840 1755 1896 sicut

157 1927 345 1983 multis
375 1929 593 1984 indiciis
627 1928 944 1999 frequenter
970 1941 1055 1986 est
1076 1930 1537 1995 demonstratum,
1569 1930 1754 1985 viven-

156 2025 239 2071 tes
268 2018 403 2085 aegri
445 2018 671 2073 veniunt
723 2028 780 2074 et
823 2027 1105 2074 sanantur.
1162 2017 1372 2087 Periuri
1411 2019 1657 2084 veniunt,
1699 2026 1755 2072 et

154 2124 187 2163 ιι
217 2109 487 2164 daemonio
537 2118 818 2164 vexantur.
856 2110 1182 2165 Παιωοηίθοί
1224 2109 1467 2174 veniunt,
1514 2119 1571 2163 et
1616 2108 1750 2164 libe-

155 2205 370 2251 rantur.
404 2198 688 2265 Quomodo
714 2213 849 2270 ergo
876 2199 1012 2254 vivit
1038 2198 1171 2265 illis,
1208 2198 1295 2254 ubi
1327 2199 1480 2262 vivit,
1512 2197 1559 2254 si
1589 2198 1643 2253 in
1674 2205 1755 2252 tot

154 2289 440 2346 miraculis
467 2292 599 2346 vivit
630 2293 740 2359 hic,
768 2294 863 2350 ubi
889 2307 1087 2363 corpus
1108 2292 1239 2363 eius
1270 2303 1543 2348 mortuum
1567 2290 1752 2360 jacet?

155 2379 313 2436 Hunc
342 2397 474 2453 ergo
504 2384 556 2439 in
576 2398 756 2440 :causa
801 2385 974 2441 nostri
1023 2385 1292 2442 examinis
1319 2400 1484 2455 quam
1517 2401 1641 2440 cum
1671 2384 1752 2438 di-

153 2473 348 2528 stricto
365 2472 547 2541 iudice
575 2476 856 2541 habemus,
885 2485 1171 2547 patronum
1201 2477 1481 2534 faciamus.
1511 2477 1663 2533 liuuc
1693 2477 1749 2530 in

155 2564 245 2619 die
302 2565 442 2620 tanti
498 2568 725 2635 terroris
770 2567 943 2633 illius,
991 2568 1331 2625 defensorem
1376 2568 1746 2623 adhibeamus.

153 2654 314 2711 Certe
351 2658 398 2712 si
438 2659 580 2729 apud
622 2675 951 2729 quemquam
1002 2676 1257 2730 magnum
1298 2658 1538 2728 iudicem
1584 2673 1747 2712 causa

152 2747 415 2817 quaelibet
450 2758 639 2805 nostra
676 2758 824 2806 esset
848 2751 937 2804 die
964 2751 1205 2804 crastina
1238 2748 1570 2813 ventilanda,
1602 2757 1748 2802 totus

152 2837 454 2896 hodiernus
493 2841 611 2896 dies
660 2841 714 2895 in
764 2841 1099 2910 cogitatione
1144 2841 1459 2902 duceretur,
1512 2839 1746 2910 aliquem

150 2943 445 3004 patronum
474 2948 874 3004 quaereremus,
900 2934 1239 3006 magnisque
1277 2933 1525 3003 precibus
1556 2946 1748 3003 agere-

151 3035 302 3088 mus,
326 3030 390 3077 ut
415 3021 557 3092 apud
583 3030 789 3078 tantum
803 3020 1045 3091 iudicem
1068 3023 1224 3078 nobis
1244 3022 1496 3078 defensor
1515 3022 1743 3077 veniret.

154 3108 297 3167 Ecce
343 3111 628 3168 districtus
675 3112 840 3183 iudex
865 3111 1115 3169 Christus
1161 3121 1423 3169 venturus
1455 3123 1556 3175 est,
1609 3113 1746 3169 tanti

154 3199 300 3258 illius
342 3204 659 3274 angelorum
705 3204 1266 3276 archangelorumque
1306 3204 1520 3261 concilii
1567 3212 1747 3259 terror

155 3291 465 3349 adhibetur.
502 3293 560 3349 lu
601 3294 690 3349 illo
717 3304 986 3350 conventu
1014 3311 1176 3351 causa
1215 3304 1402 3351 nostra
1436 3295 1744 3360 discutitur,

156 3390 212 3437 et
239 3391 424 3443 tamen
456 3400 557 3441 nos
599 3396 891 3456 patronum
926 3385 1085 3442 modo
1133 3403 1293 3457 quem
1337 3396 1536 3456 prmsto
1580 3387 1749 3441 habe-

155 3487 299 3541 mus,
328 3491 438 3532 non
463 3477 775 3547 quaerimus,
809 3491 970 3547 quem
1016 3485 1145 3532 tunc
1173 3476 1512 3533 defensorem
1542 3475 1745 3532 habea-

155 3579 296 3620 mus.
324 3564 497 3623 Adest
527 3565 782 3622 defensor
807 3575 995 3622 noster
1019 3565 1216 3622 beatus
1236 3564 1534 3649 Remigius,
1564 3564 1743 3637 rogari

154 3655 270 3711 vult
317 3664 502 3727 atque,
550 3663 612 3710 ut
664 3657 737 3710 ita
784 3656 1042 3722 dixerim,
1093 3657 1289 3727 quaerit
1338 3666 1398 3710 ut
1441 3664 1739 3725 quaeratur.

153 3749 311 3807 Hunc
332 3764 465 3822 ergo
490 3748 792 3817 adiutorem
818 3759 1019 3803 nostrae
1038 3748 1300 3802 orationis
1326 3761 1654 3816 qmeramus,
1686 3754 1747 3801 ιιι

154 3848 286 3899 tunc
327 3850 694 3912 protectorem
745 3840 919 3895 nostri
974 3847 1159 3893 reatus
1193 3837 1553 3891 inveniamus.
1606 3829 1765 3903 Quia

153 3947 224 3988 ne
260 3934 459 4003 punire
496 3940 817 4005 peccatores
861 3931 1075 3995 debeat,
1122 3928 1303 4000 rogari
1344 3928 1484 3995 wit,
1527 3936 1584 3983 et
1626 3928 1745 3997 ipse

156 4026 247 4095 qui
272 4025 505 4096 iudicat.
558 4023 712 4082 Unde
739 4033 794 4079 et
831 4032 941 4077 tam
979 4022 1139 4093 longo
1171 4029 1413 4091 tempore
1445 4019 1746 4075 commina-

158 4123 242 4169 tur
283 4114 451 4180 iram,
486 4121 565 4169 et.
599 4122 777 4169 tamen
818 4109 1249 4167 misericorditer
1298 4115 1595 4180 exspectat.
1652 4107 1745 4164 Sic

157 4214 332 4261 autem
378 4220 481 4261 nos
516 4215 571 4261 et
610 4202 983 4259 misericordia
1030 4199 1147 4269 eius
1186 4198 1448 4265 refoveat,
1492 4207 1556 4254 ut
1596 4198 1744 4255 nullo

154 4297 313 4353 modo
335 4296 674 4369 negligenter
698 4292 906 4349 reddat.
938 4292 1032 4347 Sic
1058 4299 1278 4359 peccata
1311 4299 1498 4345 nostra
1524 4298 1743 4360 pertur-

158 4382 302 4452 bent,
329 4396 396 4443 ut
431 4402 585 4442 meus
628 4386 682 4440 in
710 4383 1143 4454 desperationem
1180 4395 1286 4435 non
1315 4390 1557 4450 proruet.
1599 4381 1742 4448 Quia

155 4476 257 4531 etsi
301 4483 701 4547 praesumentes
744 4472 1056 4535 metuimus,
1098 4478 1159 4524 et
1206 4477 1509 4525 metuentes
1554 4482 1743 4539 Spera-

156 4580 292 4632 mus,
322 4576 590 4623 internum
619 4581 844 4637 regnum
874 4563 1036 4618 citius
1066 4562 1314 4631 adepturi
1345 4577 1558 4626 sumus,
1585 4562 1741 4618 istius

157 4659 318 4725 patris
341 4669 406 4715 et
431 4655 645 4727 patroni
672 4654 842 4711 nostri
874 4653 1083 4709 meritis
1112 4663 1168 4709 et
1192 4656 1303 4709 Deo
1329 4655 1505 4726 dignis
1532 4655 1741 4710 oratio-

156 4750 329 4811 nibus.
385 4750 683 4805 Curramus
732 4761 865 4816 ergo
912 4746 1275 4801 velocissimis
1333 4746 1437 4803 [ide
1491 4746 1739 4816 pedibus,

156 4842 393 4898 extensis
442 4838 702 4897 mentium
738 4836 1008 4903 manibus,
1039 4837 1106 4890 ad
1136 4837 1528 4905 protectionem
1574 4836 1737 4903 illius,

159 4935 312 4998 atque
336 4930 410 4985 ad
440 4927 869 4984 sacratissimum
896 4939 1098 4995 corpus
1125 4939 1251 4979 cum
1275 4923 1494 4979 fletibus
1520 4925 1739 4980 insista-

159 5029 293 5075 mus.
336 5018 652 5078 Promereri
705 5031 804 5072 nos
851 5015 1065 5072 veniam
1110 5012 1229 5082 eius
1282 5013 1740 5072 intercedentibus

158 5110 361 5168 meritis
402 5109 779 5182 deprecemur,
810 5117 870 5162 ut
895 5107 1022 5178 quia
1062 5107 1266 5162 nostris
1296 5120 1402 5161 non
1433 5120 1737 5176 possumus,

160 5195 269 5264 eius
317 5202 532 5262 meritis
578 5201 722 5271 apud
759 5199 1047 5255 Dominum
1099 5196 1311 5253 veniam
1365 5198 1737 5269 impetremus.

163 5283 225 5340 Ει
246 5293 337 5364 qui
357 5291 617 5351 velamen
646 5293 913 5347 bonorum
959 5304 1207 5360 operum,
1244 5304 1354 5359 quo
1387 5300 1612 5360 peccata
1642 5308 1741 5348 no-

163 5385 270 5432 stra
316 5390 585 5453 tegemus,
611 5397 719 5439 non
751 5382 1036 5449 habemus,
1068 5380 1188 5450 eius
1220 5383 1453 5449 meritis,
1486 5392 1542 5439 et
1570 5384 1738 5441 inter-

163 5469 508 5539 cessionibus,
535 5473 686 5544 puris
722 5471 1154 5528 confessionibus
1194 5480 1252 5526 et
1278 5471 1515 5542 profusis
1555 5474 1735 5546 lacry-

163 5561 279 5629 mis,
319 5575 445 5623 ante
477 5565 597 5636 eius
632 5572 877 5624 sanctam
911 5566 1227 5623 memoriam
1264 5568 1609 5640 procidentes
1639 5585 1737 5626 no-

163 5659 513 5718 smtcrimina
539 5660 828 5724 diluamus,
854 5668 911 5714 et
948 5659 1104 5714 bonis
1155 5660 1413 5729 operibus
1459 5660 1736 5732 absterge-

165 5755 296 5813 mus,
321 5747 428 5808 Sed
448 5760 506 5807 et
524 5750 831 5819 ubicunque
862 5751 917 5805 in
942 5749 1271 5818 adiutorium
1308 5760 1509 5809 nostrae
1544 5754 1736 5812 salutis

634 5848 908 5910 Ριτιιοι..
943 5847 1210 5912 CXXV.

1773 4521 1824 4583 Ι)

1856 560 2021 623 tione,
2064 560 2339 616 inhaerens
2366 559 2608 626 Christo,
2654 560 2798 616 sicut
2827 568 2885 615 et
2933 560 3036 616 alia
3076 561 3439 619 eminentiora

1855 648 2095 704 membra
2156 650 2324 718 ipsius
2368 651 2459 720 qui
2495 651 2695 721 ubique
2737 665 2980 720 praesens
3007 660 3090 708 est
3132 652 3438 723 maiestate,

1855 739 2055 809 quique
2080 740 2209 795 dum
2236 741 2519 797 districtus
2552 741 2716 812 iudex
2754 742 3007 810 sustinet,
3034 752 3092 801 et
3119 745 3297 800 adhuc
3327 761 3443 800 ma-

1854 847 1982 885 num
2016 846 2123 885 non
2151 833 2326 886 exerit
2348 833 2406 888 in
2437 835 2804 903 percussione,
2834 834 2962 891 dum
3007 850 3040 891 a
3082 837 3446 895 retributione

1855 922 2077 977 ultionis
2114 923 2353 989 intimm;
2408 926 2529 981 esse
2578 927 2825 995 quaedam
2870 929 3131 998 temporis
3173 930 3447 991 securitas

1854 1013 2143 1080 indicetur,
2181 1014 2443 1071 debemus
2475 1016 2674 1071 malum
2715 1019 2860 1086 quod
2895 1019 3160 1089 sequitur,
3187 1019 3447 1075 ﬂammm-

1856 1118 1978 1162 rum
2002 1107 2209 1162 scilicet
2223 1121 2424 1177 .pmnas
2450 1115 2705 1173 aeternas,
2723 1108 3277 1182 intolerabilesatque
3306 1126 3444 1166 ceu.

1856 1199 2037 1254 tinuas
2070 1211 2334 1268 pensare,
2354 1206 2655 1267 pensantes
2680 1214 2931 1271 gemere,
2964 1209 3242 1271 gementes
3267 1202 3378 1259 vita
3391 1219 3449 1259 re

1853 1303 1920 1345 ea
1942 1303 2066 1357 quae
2090 1288 2464 1349 commisimus
2483 1300 2711 1358 peccata
2758 1290 3130 1347 indesinenter
3170 1293 3444 1363 aspicere,

1856 1379 2186 1450 aspicientes
2208 1378 2359 1447 nere,
2393 1378 2585 1436 ﬂentes
2610 1380 2945 1452 abstergere.
2970 1380 3211 1437 Crimina
3241 1382 3295 1437 in
3326 1384 3444 1453 qui»

1856 1472 1958 1527 bus
1995 1470 2388 1528 delectabiliter
2428 1471 2518 1527 diu
2560 1470 2855 1539 iacuimus,
2895 1479 3029 1529 non‘
3052 1471 3441 1543 perfunctorie,

1856 1565 1951 1620 sed
1980 1564 2223 1634 quotidie
2252 1572 2417 1633 atque
2442 1564 2488 1620 si
2516 1564 2629 1620 fieri
2654 1574 2853 1633 potest,
2884 1566 3140 1622 continue
3164 1566 3446 1624 amarissi-

1858 1655 1963 1710 mis
1989 1654 2242 1726 lacrymis
2276 1656 2591 1711 studeamus
2641 1656 2883 1720 abluere,
2911 1657 3272 1729 eleemosynis
3313 1658 3441 1712 abs-

1858 1751 2091 1815 tergere,
2126 1745 2300 1801 sacris
2342 1745 2533 1801 hostiis
2579 1746 2823 1815 expiare.
2874 1745 3003 1801 llaec
3041 1756 3125 1802 est
3162 1749 3316 1817 pacis
3346 1763 3442 1817 pc-

1782 1813 1830 1875 Β
1861 1813 2038 1891 tentia.-
2078 1843 2279 1891 nostra:
2310 1835 2531 1907 legatio,
2567 1813 2688 1905 qua:
2724 1849 2914 1906 regem
2945 1837 3015 1891 ad
3043 1813 3443 1897 discutiendum

1854 1934 1913 1980 et
1934 1925 2287 1997 iudicandum
2316 1941 2417 1982 nos
2450 1927 2755 1981 venientem
2782 1926 2982 1996 placat.
3034 1927 3188 1982 Nulla
3219 1942 3446 2000 prospe-

1857 2017 2036 2073 ritatis
2076 2018 2388 2073 transitorie
2434 2017 2617 2073 Iustitia
2659 2018 2939 2084 dissolvat,
2970 2033 3074 2076 nec
3113 2021 3311 2076 mentis
3343 2037 3441 2077 no-

1854 2115 1985 2163 stra:
2022 2108 2209 2164 oculos
2242 2123 2306 2164 ea
2344 2123 2463 2179 quae
2498 2117 2627 2164 sunt
2666 2110 2976 2168 transitoria
3012 2111 3329 2174 obstruent,
3372 2127 3443 2168 ne

1854 2210 2030 2253 caecos
2050 2199 2124 2253 ad
2154 2200 2333 2270 ignem
2361 2200 2580 2255 ducant.

1928 2288 2071 2345 XIV.
2109 2289 2422 2348 Curandum
2458 2308 2675 2364 quoque
2701 2309 3030 2366 magnopere
3067 2296 3223 2353 nobis
3247 2305 3350 2362 est,
3385 2308 3445 2353 et
3527 2324 3535 2333 -

1851 2396 1979 2437 cum
2032 2383 2244 2454 magnis
2295 2384 2538 2453 quotidie
2584 2383 2798 2441 ﬂetibus
2843 2387 3188 2457 cogitandum
3212 2427 3228 2451 ,
3277 2403 3441 2457 quam

1849 2489 2048 2539 saevus,
2075 2490 2237 2543 quam
2265 2475 2520 2532 terribilis
2549 2490 2646 2532 sua
2668 2478 2727 2531 in
2753 2492 2857 2532 nos
2880 2492 3044 2546 opera
3075 2478 3358 2550 requirens
3387 2482 3443 2534 iu

1821 2566 1938 2632 ,die
1985 2566 2167 2620 exitus
2216 2566 2389 2621 nostri
2437 2567 2691 2638 princeps
2736 2566 2898 2637 huius
2944 2568 3129 2623 mundi
3162 2570 3365 2631 veniet,
3394 2571 3440 2625 si

1848 2655 2013 2711 etiam
2060 2654 2128 2709 ad
2158 2655 2327 2710 Deum
2370 2671 2536 2711 carne
2578 2657 2900 2713 morientem
2946 2659 3126 2724 venit,
3166 2668 3222 2713 et
3259 2659 3311 2713 in
3351 2660 3442 2717 illo

1849 2744 2052 2815 aliquid
2096 2745 2364 2815 quazsivit,
2418 2747 2611 2817 inquo
2649 2746 2896 2802 invenire
2941 2747 3015 2803 nil
3051 2748 3259 2817 potuit?
3295 2748 3436 2814 Quid

1850 2836 1925 2891 ita
1964 2851 2063 2892 nos
2090 2836 2275 2892 miseri
2301 2837 2521 2904 dicturi,
2547 2838 2676 2909 quid
2713 2838 2887 2895 acturi
2922 2854 3130 2906 sumus,
3161 2840 3250 2910 qui
3282 2840 3439 2894 innu-

1848 2941 1998 2983 mera
2021 2928 2167 2982 mala
2194 2930 2602 2986 commisimus?
2631 2930 2771 2997 Quid
2799 2931 3095 3002 requirenti
3125 2932 3440 2987 adversario

1847 3030 1904 3074 et
1928 3018 2096 3073 multa
2122 3034 2234 3074 sua:
2259 3020 2313 3075 in
2342 3020 2498 3075 nobis
2518 3021 2810 3076 invenienti
2840 3022 3102 3087 dicemus,
3125 3023 3231 3077 nisi
3259 3023 3436 3078 solum

1847 3108 1992 3179 quod
2027 3107 2184 3163 nobis
2209 3119 2296 3165 est
2320 3119 2529 3164 certmn
2564 3109 2868 3180 refugium,
2900 3110 3071 3166 solida
3101 3125 3265 3181 spes:
3305 3127 3440 3181 quo-

1773 3169 1819 3232 (ἶ
1849 3169 1997 3254 uiam
2025 3214 2065 3254 a
2090 3202 2331 3270 peccatis
2357 3217 2480 3273 quae
2514 3212 2639 3272 post
2662 3169 2991 3274 baptismum
3037 3169 3436 3269 commisimus.

1850 3294 2106 3366 lactymis
2131 3295 2296 3351 abluti
2326 3310 2422 3366 per
2446 3297 2845 3353 confessionem
2874 3307 2930 3352 et
2957 3298 3151 3368 dignos
3171 3300 3441 3369 pmttiteno

1849 3386 1942 3441 tiae
1970 3384 2179 3441 fructus
2206 3386 2410 3455 expiati
2440 3394 2496 3442 et
2524 3387 2737 3441 meritis
2758 3400 2831 3442 ac
2856 3388 3198 3444 orationibus
3221 3398 3440 3444 sancto-

1850 3491 1972 3533 rum
1997 3475 2216 3533 Christe
2241 3477 2571 3533 reconciliati
2605 3487 2770 3548 atque
2798 3494 2894 3550 per
2919 3482 3289 3551 acesptionem
3315 3497 3439 3537 cor-
3504 3468 3507 3471 ’

1848 3568 2000 3640 poris
2034 3577 2091 3624 et
2129 3568 2410 3640 sanguinis
2450 3568 2590 3639 ejus,
2621 3569 2674 3624 in
2704 3571 2810 3625 fide
2846 3580 2996 3626 recte
3030 3586 3435 3642 permanentes.

1849 3672 2017 3712 unum
2047 3673 2171 3712 cum
2202 3658 2294 3714 illo
2324 3658 2456 3715 facti
2484 3674 2672 3715 sumus
2697 3660 2798 3731 ipsi
2843 3661 3196 3732 incorporati.
3239 3662 3295 3716 in
3323 3677 3434 3731 quo

1850 3747 2104 3817 [irinceps
2140 3747 2301 3816 huius
2335 3750 2521 3804 mundi
2552 3760 2610 3805 et
2634 3765 2794 3806 suum
2818 3750 3029 3823 aliquid
3071 3752 3358 3822 requisivit
3379 3765 3441 3808 et

1849 3838 2094 3894 invenire
2125 3838 2348 3894 minime
2377 3839 2593 3908 potuit?
2649 3839 2917 3907 Quoniam
2959 3843 3106 3899 solus
3155 3853 3242 3899 est
3293 3843 3437 3899 inter

1848 3938 2096 3986 mortuos
2136 3929 2277 3985 liber
2304 3928 2479 4000 (Psal.
2502 3931 2784 4001 'uxxvn),
2836 3946 2868 3986 a
2899 3948 3008 4000 quo
3036 3947 3135 3987 nos
3158 3942 3213 3989 et
3254 3948 3284 3986 a
3310 3948 3437 4001 pec-

1848 4020 1954 4076 cati
1980 4021 2095 4093 iam
2123 4019 2345 4075 servitio
2371 4020 2554 4075 veraci
2595 4019 2851 4077 libertate
2893 4022 3177 4087 solvimur,
3205 4023 3334 4093 quia
3381 4025 3434 4078 ei

1847 4114 1941 4185 qui
1974 4112 2103 4168 vere
2143 4111 2281 4167 liber
2314 4120 2428 4179 est,
2470 4127 2571 4183 per
2603 4112 2849 4182 corporis
2887 4121 2943 4166 et
2975 4110 3253 4183 sanguinis
3282 4110 3437 4179 Cuius

1848 4205 2219 4274 acceptionem
2268 4204 2507 4258 tmimur.
2559 4200 2714 4258 Sicut
2742 4202 2886 4257 enim
2913 4216 3042 4257 vere
3066 4216 3283 4257 carnem
3314 4216 3440 4261 θοι·-
3504 4270 3505 4273 η

1846 4299 1998 4369 poris
2046 4296 2219 4352 nostri
2240 4297 2495 4352 Christus
2537 4291 2853 4362 assumpsit,
2895 4300 2954 4346 et
2990 4304 3116 4346 vere
3144 4292 3307 4346 homo
3344 4290 3435 4347 ille

1847 4393 1939 4462 qui
1966 4407 2033 4460 ex
2061 4390 2231 4445 Maria
2259 4388 2480 4460 Virgine
2510 4396 2671 4442 natus
2694 4394 2780 4440 est
2803 4385 2983 4450 Jcsus,
3013 4384 3106 4442 Dei
3132 4382 3301 4439 Filius
3326 4395 3434 4451 esu

1845 4496 1955 4536 non
1981 4479 2438 4550 quemadmodum
2484 4476 2577 4531 alii
2624 4476 2872 4530 homines
2911 4489 3010 4543 per
3054 4473 3309 4545 gratiam,
3337 4476 3434 4530 sed

1844 4581 2041 4626 natura
2062 4568 2232 4625 Filius
2255 4584 2323 4623 ex
2351 4565 2653 4622 substantia
2678 4563 2893 4620 Patris:
2925 4565 2998 4619 ita
3022 4579 3150 4620 vera
3170 4573 3258 4620 est
3281 4580 3433 4632 caro,

1843 4670 1902 4719 et
1924 4676 2088 4717 verus
2112 4668 2197 4715 est
2221 4659 2444 4730 sanguis
2481 4657 2621 4727 eius,
2656 4671 2780 4727 quae
2810 4656 2887 4712 ad
2916 4657 3350 4713 manducandum
3381 4668 3437 4714 et

1842 4751 2140 4823 petendum
2210 4750 2263 4804 in
2308 4749 2566 4821 mysterio
2610 4747 2895 4812 sumimus,
2946 4747 3089 4803 sicut
3123 4748 3238 4817 ipse
3272 4757 3433 4804 testa.

1846 4848 1952 4895 tur.
1982 4839 2050 4894 Et
2076 4853 2176 4894 nos
2200 4837 2292 4907 qui
2324 4852 2449 4893 vere
2471 4838 2574 4893 sub
2598 4837 2855 4909 mysterio
2883 4852 3105 4893 carnem
3132 4846 3187 4890 et
3213 4840 3434 4907 sangui-

1841 4945 1967 4985 nem
1997 4929 2241 5000 corporis
2271 4929 2353 4983 sui
2382 4931 2667 4992 sumimus,
2695 4942 2793 4996 per
2821 4942 2885 4982 ea
2916 4926 3233 4982 naturaliter
3263 4944 3429 4983 unum

1839 5035 1969 5077 eum
2007 5019 2097 5075 illo
2132 5018 2416 5075 eilicimur.
2462 5020 2518 5074 In
2544 5019 2745 5089 quibus
2780 5026 2963 5073 manet
2986 5027 3429 5087 posteonsecra~

1845 5116 2046 5171 tionem
2073 5113 2370 5169 similitudo
2395 5113 2551 5183 panis
2568 5120 2625 5168 et
2647 5111 2779 5177 vini,
2807 5124 2876 5167 ne
2894 5112 3114 5182 quidam
3140 5112 3214 5168 sit
3234 5112 3431 5169 horror

1842 5205 2075 5266 cruoris,
2115 5204 2209 5260 sed
2244 5214 2429 5259 manet
2472 5203 2528 5257 in
2562 5202 2645 5257 eis
2673 5201 2849 5272 gratia
2892 5200 3300 5272 redemptionis.
3355 5203 3430 5267 De

1843 5296 2077 5352 naturali
2121 5296 2270 5350 enim
2314 5295 2367 5349 in
2415 5292 2572 5349 nobis
2598 5290 2818 5361 Christi
2849 5290 3113 5356 veritate,
3161 5291 3276 5360 ipse
3308 5292 3424 5346 ait:

1843 5388 1982 5444 Caro
2007 5404 2125 5443 mea
2147 5401 2261 5441 rere
2280 5393 2356 5440 est
2384 5399 2524 5448 esca,
2545 5392 2594 5436 et
2615 5381 2829 5452 sanguis
2850 5397 2995 5435 metu
3016 5396 3132 5436 uere
3151 5390 3226 5436 est
3247 5391 3426 5451 potus.

1844 5478 1951 5546 Qui
1976 5479 2081 5534 edit
2115 5490 2326 5543 carnem
2368 5489 2562 5539 meum,
2593 5483 2643 5529 et
2676 5473 2800 5528 bibit
2830 5487 3002 5527 meum
3030 5473 3339 5543 sanguinem
3369 5474 3428 5530 in
3474 5546 3479 5549 _

1841 5589 1923 5627 me
1948 5579 2122 5626 manet
2150 5578 2200 5625 et
2234 5583 2331 5638 ego
2358 5566 2414 5622 in
2436 5583 2497 5622 eo
2527 5565 2715 5637 (Joan.
2737 5564 2836 5633 vi).
2880 5564 2953 5620 De
2987 5565 3217 5621 veritate
3242 5564 3428 5621 carnis

1843 5673 1898 5720 et
1925 5660 2208 5732 sanguinis
2243 5659 2363 5729 eius
2397 5674 2505 5713 non
2543 5657 2766 5714 relictus
2794 5667 2879 5711 est
2915 5656 3218 5727 ambigendi
3250 5655 3422 5713 lectis.

1842 5754 1995 5813 Nunc
2029 5754 2172 5811 enim
2199 5759 2255 5807 ct
2281 5750 2451 5823 ipsius
2477 5748 2686 5808 Domini
2732 5749 3070 5820 professione
3102 5756 3157 5805 et
3188 5747 3292 5803 fide
3322 5761 3429 5812 ne:

2909 5843 2986 5907 38
