4038 6322
183 359 332 417 ιιθτ

1081 361 1482 424 ίιιῑδρομειο
1521 361 1614 417 ΑΙ)
1649 360 2096 428 ρυοκυΜυΑΜ
2134 367 2622 437 QUES'I‘IONES.

3334 381 3472 446 H98

175 475 431 540 dentiam
455 490 628 534 vicem
647 474 970 543 dilectionis,
1000 477 1085 533 his
1103 479 1197 548 qui
1219 493 1305 534 me
1331 478 1578 551 diligunt,
1602 488 1780 534 osten-
1807 482 1862 546 Α
1886 480 2088 550 Spiritu
2115 495 2307 543 sancto
2329 498 2636 546 coaeternus
2651 498 2711 546 et
2729 493 3206 552 eonsubstantiulis
3236 510 3302 553 ac
3327 512 3470 558 eoa-

179 565 337 622 dam.
366 566 689 638 Pertingere
705 565 869 624 faciat
892 567 1140 623 Christus
1159 568 1318 625 Iesus
1339 569 1501 636 Deus,
1527 579 1582 625 et
1600 570 1783 625 Domi-

179 671 314 722 nus,
343 657 602 713 conditor
621 665 680 713 et
705 657 1032 728 Redemptor
1053 666 1219 728 atque
1243 658 1314 714 ab
1340 659 1486 714 omni
1512 668 1689 715 morte
1714 675 1782 716 ac

172 746 550 818 corruptione
584 747 836 804 Salvator
855 755 1046 806 noster
1070 748 1129 805 in
1165 763 1272 820 qua
1293 763 1424 806 cum
1453 750 1564 807 Deo
1585 750 1780 817 Patre,

1885 571 2081 714 qualis,
2112 574 2248 629 vivit
2272 584 2330 630 et
2359 586 2546 646 regnat
2567 592 2670 647 per
2695 579 2876 634 omnia
2905 581 3100 637 sarcula
3127 584 3469 644 saeculorum.

1933 675 2078 714 men.
2937 707 2945 714 .

1933 675 2078 717 meo.

189 930 3465 966 _—————-————_——————-—————-———n~

1685 1081 1976 1162 XXIII.

1055 1270 1618 1351 RESPONSIO
1669 1267 2058 1350 DOMINI
2119 1265 2624 1352 HINCMARI

1327 1463 1411 1504 AD
1453 1460 1863 1516 QUORUMDAM
1906 1459 2334 1516 QUESTIONES,

621 1604 735 1661 Cur
760 1605 815 1660 in
840 1603 1072 1675 quodam
1110 1620 1224 1661 sua:
1251 1605 1564 1660 humilitatis
1607 1605 1801 1675 scripto
1844 1603 2076 1675 posuerit
2117 1602 2390 1674 mysticam
2435 1603 2714 1662 Nicme
2744 1610 3021 1679 synodum.

1110 1736 1278 1801 (Apud
1299 1736 1563 1797 Sirmond,
1587 1747 1652 1787 ex
1673 1732 1841 1786 codice
1858 1733 1913 1784 S.
1935 1732 2188 1787 Laurentii
2208 1734 2539 1801 Leodieusls.:

241 1992 556 2061 Quaesitum
577 1997 754 2058 est,ut
773 2005 804 2044 a
821 1988 1140 2060 quibusdam
1164 1985 1298 2043 mihi
1321 1987 1524 2044 dictum
1550 1995 1656 2054 est,
1685 2003 1784 2044 cur
1810 1992 1860 2053 B
1888 1989 2086 2055 mus,in
2104 1988 2257 2046 libris
2291 1991 2623 2057 Graecorum,
2647 2005 2834 2045 verum
2862 2000 2917 2048 et
2938 1991 2990 2046 in
3015 1990 3357 2066 Latinorum,
3379 1995 3467 2058 uti

165 2084 232 2143 in
264 2086 511 2156 quodam
540 2097 672 2139 mea:
694 2081 1015 2137 humilitatis
1046 2081 1248 2150 scripto
1270 2079 1542 2148 posuerim
1581 2079 1775 2151 mysti-

161 2191 303 2233 cam
328 2176 605 2231 Nicmnam
636 2174 923 2246 synodum.
959 2173 1114 2230 Unde
1143 2172 1285 2228 sicut
1314 2171 1558 2227 doctrina
1587 2172 1774 2226 catho-

165 2266 419 2323 licorum
450 2264 606 2321 nobis
633 2272 717 2320 est
742 2263 1015 2328 traditum,
1051 2261 1326 2318 reddimus
1354 2261 1619 2316 rationem
1650 2277 1663 2315 :
1696 2260 1778 2314 vi-

167 2356 383 2413 delicet
408 2355 536 2426 quia
562 2364 617 2410 et
663 2354 834 2410 veteri
889 2351 1111 2409 historia
1163 2351 1530 2422 praeﬁgurata,
1584 2361 1640 2405 et
1679 2364 1776 2420 per

171 2463 475 2504 numerum
511 2447 651 2518 signi
679 2445 946 2517 passionis
975 2459 1041 2499 ac
1078 2442 1315 2499 nominis
1361 2441 1573 2498 Domini
1604 2443 1775 2498 nostri

170 2536 308 2596 Iesu
362 2536 565 2594 Christi
616 2546 702 2593 est
745 2537 1046 2608 designata,
1099 2544 1155 2590 et
1198 2535 1538 2604 przescientia
1583 2548 1774 2589 conse-

169 2635 361 2684 crata.
389 2625 594 2682 Nomen
625 2626 771 2682 enim
795 2624 1113 2680 mediatoris
1160 2623 1252 2677 Dei
1283 2637 1347 2677 ac
1377 2623 1656 2677 hominum
1680 2622 1779 2674 ho-

167 2717 349 2772 minis
386 2715 515 2772 Jesu
556 2715 776 2780 Christi,
805 2714 896 2784 qui
922 2713 1203 2768 divinitate
1253 2726 1350 2766 nos
1406 2710 1667 2775 condidit,
1720 2719 1775 2764 et

171 2806 522 2862 humanitate
550 2805 606 2859 in
633 2804 840 2858 unitate
883 2817 1127 2872 persona:
1182 2817 1294 2857 sua:
1344 2800 1644 2854 divinitatis
1683 2815 1774 2856 as-

169 2903 400 2964 sumpta
437 2893 688 2958 redemit,
720 2907 843 2948 cum
871 2892 942 2947 sit
989 2890 1294 2955 Hebraeum,
1341 2890 1481 2960 apud
1532 2889 1772 2954 Grzccos,

171 2969 272 3056 qui
326 2993 390 3039 ut
443 2983 653 3039 Hebraei
685 2983 741 3038 in
788 2983 1065 3039 nominum
1114 2980 1582 3050 interpretatione,
1610 2979 1682 3033 ita
1716 2980 1769 3034 in

171 3087 413 3128 numero
434 3072 738 3128 litterarum
767 3070 987 3143 gloriari
1017 3072 1289 3136 dicuntur,
1320 3071 1512 3124 litteris
1557 3067 1769 3126 Grmcis

171 3159 254 3236 ita
285 3161 549 3218 scribitur
579 3169 811 3224 ιΗΣοΥΣ,
841 3159 984 3230 quod
1008 3159 1196 3214 Graece
1219 3159 1416 3214 dicitur
1439 3170 1645 3227 ΣΩἸἮΡ,
1671 3163 1770 3216 La-

175 3249 296 3305 tine
324 3249 720 3320 interpretatur
763 3248 1071 3315 Sttvuon,
1103 3250 1216 3304 sive
1253 3251 1525 3306 salutaris.
1560 3254 1625 3308 Et
1668 3256 1766 3308 hu-

1881 2080 2262 2150 comperimus,
2289 2095 2388 2151 per
2425 2088 2583 2137 notas
2615 2081 2929 2137 scribuntur
2951 2084 3188 2150 nomina,
3219 2101 3341 2158 quae
3377 2089 3466 2158 iu-

1878 2169 2093 2223 terdum
2122 2168 2297 2239 prima
2323 2177 2380 2224 et
2405 2170 2698 2225 novissima
2725 2180 2780 2226 et
2802 2171 3010 2244 virgula
3038 2176 3378 2245 superposita
3404 2175 3462 2234 in

1877 2260 2152 2314 dexteram
2191 2274 2344 2330 atque
2369 2261 2618 2317 veniente
2644 2277 2675 2317 a
2702 2261 2942 2329 sinistra,
2972 2272 3030 2318 ut
3060 2255 3162 2320 ΒΞ.
3194 2257 3308 2322 NR.
3343 2252 3466 2326 ﬁt.

1876 2349 2150 2405 Interdum
2177 2360 2356 2405 autem
2387 2350 2562 2420 prima
2615 2358 2673 2404 et
2714 2352 2889 2406 media
2930 2362 2987 2407 et
3022 2355 3316 2411 novissima
3361 2373 3466 2426 no-

1878 2449 2060 2495 tantur
2103 2439 2303 2504 littera,
2357 2447 2414 2494 et
2464 2438 2670 2510 virgula
2710 2442 3048 2511 superposita
3091 2443 3143 2497 in
3177 2448 3462 2502 dexteram

1876 2544 2028 2598 teque
2053 2529 2302 2582 veniente
2324 2543 2356 2582 a
2381 2529 2621 2594 sinistra,
2649 2538 2707 2583 ut
2732 2521 2886 2583 XFS.
2921 2519 3088 2586 DNS.
3114 2533 3182 2588 Et
3217 2535 3376 2597 sicuti
3403 2536 3460 2594 in

1876 2618 1981 2672 hoc
2019 2617 2256 2681 nomine,
2304 2631 2428 2671 cum
2485 2617 2743 2672 scribitur
2787 2611 2879 2675 Ill—2
2922 2636 3054 2676 casu
3101 2623 3459 2692 nominativo,

1875 2721 2104 2775 quarum
2134 2705 2435 2759 litterarum
2467 2722 2723 2763 numerus
2750 2708 2853 2764 iste
2875 2719 2960 2765 est
2991 2729 3005 2766 :
3038 2713 3378 2782 [,10;B,8;
3409 2727 3466 2784 Σ,

1875 2795 1999 2859 200,
2034 2795 2085 2850 in
2124 2811 2288 2850 unum
2331 2804 2511 2851 autem
2559 2797 2816 2853 collectus
2871 2799 2960 2854 hic
3001 2816 3260 2860 numerus
3309 2819 3464 2862 com-

1875 2886 1989 2956 plet
2016 2884 2280 2941 ducentos
2332 2885 2516 2941 decem
2544 2895 2597 2941 et
2635 2897 2777 2943 octo.
2838 2889 3197 2949 Centenarius
3228 2909 3466 2966 namque

1877 2993 2156 3040 numerus,
2187 2977 2280 3048 qui
2319 2977 2506 3032 decem
2563 2979 2781 3033 decadis
2832 2989 3065 3047 constat,
3112 2990 3168 3037 et
3214 2984 3281 3039 de
3333 2986 3468 3054 laeva

1875 3067 2070 3122 transit
2087 3068 2138 3122 in
2157 3067 2460 3132 dexteram,
2493 3067 2766 3136 pet-iectus
2782 3077 2864 3124 est
2888 3086 3162 3127 numerus.
3180 3085 3212 3128 Σ
3237 3073 3462 3142 simma,

1873 3157 2048 3212 littera
2082 3157 2269 3212 ultima
2300 3158 2353 3211 in
2393 3168 2518 3212 nota
2552 3159 2787 3214 nominis
2835 3157 2960 3214 Jesu
3011 3159 3066 3216 in
3123 3163 3458 3220 nominativo

1873 3237 2004 3304 casu
2054 3249 2313 3304 ducentos
2361 3249 2633 3320 esprimit,
2665 3250 2792 3319 quia
2840 3251 3112 3320 perfectus
3157 3253 3302 3310 Deus
3331 3263 3463 3312 ante

169 3339 266 3410 ius
295 3341 512 3398 Hebraei
547 3343 780 3400 nominis
808 3343 1108 3398 litterarum
1140 3358 1397 3398 numerus
1433 3346 1574 3414 apud
1622 3344 1774 3401 One-
1799 3329 1844 3391 C
1875 3339 2090 3400 srecula,
2116 3339 2389 3411 perfectus
2415 3343 2576 3396 homo
2602 3340 2772 3396 factus
2798 3349 2881 3397 est
2906 3343 2957 3396 itt
2990 3343 3095 3399 line
3120 3346 3458 3402 smculorum.

177 3448 277 3492 cos
305 3433 413 3490 iste
443 3442 528 3492 est
555 3447 572 3488 :
601 3441 647 3499 ι,
675 3432 766 3500 l0,
790 3445 847 3497 ει,
872 3433 936 3500 8;
958 3443 1010 3498 Σ,
1039 3432 1143 3488 200
1169 3449 1184 3499 ;
1217 3444 1278 3498 0,
1301 3433 1400 3499 70;
1421 3444 1476 3501 Σ,
1505 3435 1630 3490 200.
1653 3435 1776 3491 Col-

180 3521 330 3579 lecto
359 3532 542 3580 autem
571 3525 626 3579 in
654 3539 820 3578 unum
870 3525 975 3578 hoc
1012 3538 1260 3588 numero,
1318 3525 1453 3578 ﬁunt
1509 3525 1772 3594 quadrin-

177 3615 333 3684 genti
361 3614 634 3684 octoginta
663 3623 807 3670 octo.
860 3612 1012 3669 Unus
1061 3628 1315 3683 namque,
1349 3614 1440 3684 qui
1468 3614 1632 3670 dividi
1664 3631 1771 3672 non

176 3714 385 3776 potest,
423 3705 604 3758 decies
639 3704 832 3758 ductus
861 3703 1139 3758 denarium
1169 3703 1406 3772 perﬁcit,
1437 3713 1495 3759 et
1520 3705 1773 3760 denarius

175 3803 378 3864 quater
406 3793 598 3847 ductus
625 3792 679 3846 in
707 3790 1194 3861 quadragenarium
1224 3791 1418 3863 surgit,
1451 3801 1508 3846 et
1534 3794 1772 3860 quadra-

175 3886 329 3955 ginta
352 3883 534 3938 decies
559 3882 704 3937 ducti
728 3880 1149 3951 quadringentos
1176 3867 1432 3944 etIiCiunt;
1462 3881 1589 3949 quia
1608 3881 1764 3951 juxta

175 3980 333 4037 Pauli
360 3992 551 4034 vocem
577 3994 592 4030 :
623 3974 772 4030 Unus
800 3983 876 4029 est
906 3973 1070 4040 Deus,
1117 3989 1253 4027 unus
1293 3973 1554 4028 mediator
1597 3973 1694 4028 Dei
1722 3984 1772 4029 et

174 4069 454 4128 hominum
488 4067 641 4120 homo
672 4063 910 4120 Christus
952 4062 1130 4129 Iesus,
1160 4064 1250 4133 qui
1280 4063 1422 4118 dedit
1460 4064 1772 4135 redemptio-

175 4172 295 4212 nem
355 4155 692 4226 semetipsum
749 4169 844 4225 pro
894 4152 1132 4206 omnibus
1155 4151 1207 4223 (I
1234 4151 1457 4219 Tim.u,
1491 4152 1571 4224 5).
1607 4152 1773 4222 Cujus

174 4249 350 4320 gratia
379 4249 451 4304 ad
487 4256 746 4302 aeternam
773 4245 965 4308 vitam,
1017 4259 1137 4314 quae
1187 4244 1500 4300 centenario
1545 4261 1772 4302 numero

172 4341 367 4395 ethoc
407 4346 597 4409 quater
645 4337 807 4391 ducto
858 4336 1139 4406 ﬁguratur,
1187 4335 1348 4391 elec1i
1398 4351 1612 4401 omnes,
1662 4352 1771 4394 non

174 4429 347 4486 solum
380 4429 449 4484 de
496 4427 900 4499 incorruptione
950 4428 1145 4480 anima:
1188 4425 1349 4482 simul
1399 4436 1454 4482 et
1502 4429 1766 4500 corporis,

175 4534 362 4575 verum
397 4518 544 4572 etde
574 4517 781 4572 visione
826 4515 1023 4571 divinte
1070 4515 1394 4582 maiestatis,
1426 4531 1550 4573 cum
1598 4519 1770 4590 gloria

175 4609 421 4680 ejusdem
452 4607 764 4664 mediatoris
791 4606 887 4661 Dei
914 4615 970 4660 et
1017 4605 1298 4661 hominum
1330 4605 1639 4664 clariﬁcatze
1668 4610 1768 4664 hu-

175 4702 461 4758 manitatis
487 4699 816 4772 gaudebunt.
867 4695 1071 4753 Octavo
1103 4707 1283 4753 autem
1319 4707 1375 4754 et
1423 4702 1766 4772 octogenario

174 4810 410 4854 numero
443 4795 536 4865 qui
569 4802 692 4849 octo
719 4791 936 4847 decadis
976 4799 1207 4856 constat,
1234 4801 1485 4862 patenter
1527 4794 1770 4849 innuitur

177 4887 300 4956 quia
324 4883 600 4958 quomodo
623 4881 871 4938 Christus
897 4888 1089 4935 octava
1118 4881 1206 4956 die
1238 4882 1536 4936 resurrexit
1565 4898 1595 4936 a
1620 4897 1768 4938 mor-

176 4983 284 5038 tuis
307 4997 414 5055 per
447 4979 673 5053 gloriam
717 4975 917 5041 Patris,
967 4973 1040 5029 ita
1066 4982 1122 5028 et
1167 4989 1266 5028 nos
1293 4974 1347 5028 in
1379 4974 1616 5030 novitate
1640 4974 1768 5030 vitae

179 5071 538 5135 ambulemus,
569 5077 623 5123 et
657 5067 774 5138 ipsa
825 5063 1138 5136 quotidiana
1185 5071 1372 5119 nostra
1402 5065 1762 5132 circumcisio,

179 5175 295 5230 quae
321 5162 381 5216 in
419 5157 604 5213 Veteri
648 5156 995 5213 Testamento
1039 5163 1231 5211 octavo
1259 5154 1344 5210 die
1385 5153 1502 5210 ﬁeri
1531 5156 1758 5225 solebat,

181 5249 233 5305 id
265 5261 369 5318 est,
401 5249 716 5322 quotidiana
762 5247 943 5303 cordis
983 5246 1157 5302 nostri
1213 5247 1515 5313 mundatio,
1547 5263 1763 5320 semper

182 5329 537 5399 octavzediei
595 5346 993 5395 sacramentum
1048 5337 1324 5393 celebrare
1372 5354 1479 5393 non
1530 5340 1762 5406 desinat,

184 5433 352 5493 donec
380 5436 710 5507 accipiamus
752 5431 909 5488 binas
955 5431 1142 5496 stolas,
1172 5430 1633 5486 immortalitatem
1660 5433 1764 5487 sci-

183 5524 306 5584 licet
329 5537 402 5584 et
431 5526 888 5598 incorruptionem
941 5522 1184 5594 corporis
1224 5522 1387 5577 simul
1444 5532 1499 5578 et
1545 5525 1758 5592 animm,

187 5620 324 5687 quod
373 5628 568 5676 octavo
600 5627 657 5674 et
704 5614 1080 5688 octogenario,
1124 5621 1183 5667 ut
1225 5613 1482 5680 diximus,
1532 5629 1761 5670 numero

191 5709 516 5784 designatur.
575 5709 683 5768 Sed
723 5709 864 5768 sicut
906 5704 1175 5764 maiorum
1225 5703 1516 5762 traditione
1567 5705 1761 5762 didici-

1876 3427 2140 3483 Denarius
2173 3443 2302 3484 vero
2352 3430 2406 3484 in
2440 3431 2692 3502 deCalogo
2731 3430 3005 3500 perfectus
3036 3443 3122 3489 est
3178 3452 3461 3509 numerus,

1873 3519 2158 3574 continens
2204 3520 2260 3573 in
2306 3535 2368 3575 se
2413 3523 2732 3592 mysterium
2781 3524 3056 3595 quadrigae
3099 3504 3446 3597 evangelicae.

1872 3608 2138 3680 Computa
2177 3610 2322 3665 enim
2367 3610 2438 3664 ab
2473 3627 2581 3666 uno
2626 3627 2723 3682 per
2747 3614 2994 3668 ordinem
3025 3630 3194 3685 usque
3224 3617 3291 3670 ad
3320 3632 3458 3688 qua-

1874 3709 2017 3763 tuor,
2043 3707 2098 3754 et
2141 3699 2421 3756 inveniens
2471 3701 2680 3757 decem.
2731 3703 3056 3760 Octonarius
3097 3720 3312 3777 quoque
3360 3723 3460 3763 nu-

1872 3805 2057 3846 merus
2102 3791 2327 3847 docetur
2354 3807 2475 3848 esse
2521 3793 2794 3863 perfectus
2843 3797 2896 3850 in
2945 3795 3072 3852 Jesu
3121 3807 3327 3854 octava:
3354 3798 3461 3856 diei

1872 3881 2315 3938 resurrectione:
2345 3883 2438 3952 qui
2482 3885 2582 3938 etsi
2619 3894 2865 3940 mortuus
2917 3897 3001 3942 est
3033 3904 3102 3942 ex
3145 3889 3461 3946 inﬂrlhitate

1871 3978 2077 4036 nostra,
2107 3971 2203 4026 sed
2228 3970 2363 4025 vivit
2388 3986 2454 4025 ex
2483 3971 2682 4026 virtute
2721 3973 2835 4038 Dei,
2865 3976 2957 4042 qui
2991 3989 3091 4044 per
3111 3976 3322 4046 signum
3346 3992 3460 4033 sua)

1869 4061 2160 4131 passionis,
2209 4059 2352 4130 quod
2383 4057 2426 4112 Τ
2452 4069 2544 4114 tau
2591 4058 2771 4115 littera
2816 4061 3013 4130 signat,
3043 4064 3328 4120 continens
3360 4081 3461 4120 nu-

1871 4167 2078 4206 merum
2111 4151 2490 4216 tricentenum,
2539 4151 2685 4207 elisit
2733 4152 3026 4219 diabolum,
3077 4155 3279 4210 occidit
3311 4170 3457 4212 mor-

1871 4249 2006 4309 tem,
2031 4241 2384 4313 triumphavit
2412 4242 2722 4308 infernum;
2756 4243 2842 4298 cui
2876 4245 2922 4299 si
2949 4258 3114 4314 super
3145 4253 3453 4302 transversa

1871 4331 2012 4388 linea
2043 4331 2097 4387 id
2119 4332 2262 4402 quod
2290 4332 2342 4386 in
2372 4346 2534 4387 cruce
2561 4339 2645 4386 est
2687 4332 2998 4397 adderetur,
3047 4348 3153 4387 non
3182 4332 3296 4403 jam
3328 4349 3455 4389 cru-

1868 4424 1950 4480 cis
2000 4425 2230 4496 species,
2278 4423 2374 4479 sed
2411 4423 2528 4494 ipsa
2571 4437 2705 4479 crux
2751 4433 2913 4480 esset.
2953 4424 3157 4497 Collige
3191 4434 3371 4482 autem
3399 4428 3458 4484 iu

1867 4532 2035 4573 unum
2073 4515 2212 4586 signi
2260 4515 2555 4570 Dominicaa
2607 4515 2876 4586 passionis
2906 4523 2962 4572 et
3007 4517 3240 4573 nominis
3267 4533 3457 4575 names

1870 4627 2014 4677 rum,
2045 4610 2284 4667 invenies
2314 4609 2740 4682 quadringentos
2787 4611 2974 4667 decem
3005 4621 3060 4668 et
3090 4623 3232 4670 octo.
3285 4614 3457 4684 Quina

1873 4701 2018 4770 genti
2047 4701 2282 4771 denique
2311 4700 2778 4771 quinquagenario
2827 4717 3054 4759 numero
3079 4703 3261 4760 decies
3288 4701 3454 4762 ducto

1869 4792 2226 4862 complentur,
2254 4793 2379 4862 quia
2407 4793 2579 4862 gratia
2605 4793 2818 4848 Domini
2853 4792 2982 4849 Jesu
3029 4795 3293 4860 cruciﬁxi,
3323 4806 3379 4852 et
3418 4812 3449 4851 a

1871 4884 2098 4940 mortuis
2145 4884 2409 4946 suscitati,
2448 4893 2500 4939 et
2541 4885 2594 4940 in
2640 4885 2860 4940 dextera
2892 4886 2985 4940 Dei
3039 4887 3296 4953 sedentis,
3339 4879 3449 4944 non

1867 4971 2042 5031 solum
2069 4974 2200 5046 legis
2233 4973 2566 5044 decalogum,
2599 4976 2690 5030 sed
2722 4983 2776 5029 et
2811 4985 3043 5045 quatuor
3069 4977 3240 5031 sancti
3270 4977 3447 5033 Evan-

1869 5067 1992 5140 gelii
2021 5067 2186 5121 libros
2224 5063 2527 5136 implemus,
2569 5074 2624 5120 et
2661 5074 2855 5120 octava
2903 5067 3316 5123 resurrectionis
3359 5069 3450 5124 dio

1873 5157 2202 5223 resuscitati,
2247 5158 2314 5213 ad
2362 5158 2601 5226 requiem
2646 5155 3050 5226 sempiternam,
3079 5171 3198 5228 qua:
3220 5158 3446 5228 jubileo,

1873 5253 1926 5308 in
1958 5259 2040 5306 est
2065 5247 2526 5319 quinquagenario
2553 5261 2799 5313 numero,
2827 5248 3157 5318 designatur,
3189 5249 3243 5302 in
3288 5257 3448 5306 aeter-
3545 5299 3564 5316 ,

1871 5359 1997 5398 nam
2038 5340 2226 5403 vitam,
2273 5353 2392 5407 quae
2447 5337 2759 5391 centenario
2811 5354 3038 5393 numero
3088 5349 3446 5408 monstratur,

1872 5432 1977 5488 ﬁde
2009 5439 2151 5486 recta
2181 5437 2234 5481 et
2263 5425 2516 5496 operibus
2540 5425 2695 5481 bonis
2732 5428 3128 5496 perveniemus.
3185 5430 3252 5484 Et
3297 5442 3450 5488 recte

1869 5535 2026 5577 sacra
2074 5515 2288 5571 Nictena
2327 5513 2566 5584 synodus
2619 5516 2848 5586 mystica
2894 5517 3108 5581 dicitur,
3159 5519 3285 5588 quia
3334 5535 3445 5578 non

1859 5614 2104 5668 humana
2164 5605 2451 5671 industria,
2486 5621 2592 5660 non
2639 5607 3025 5675 compositione
3079 5608 3277 5678 aliqua,
3335 5619 3446 5665 tre-

1869 5700 2015 5761 centi
2040 5700 2224 5758 decem
2253 5705 2308 5754 et
2328 5705 2452 5755 octo
2482 5697 2718 5770 episcopi
2743 5698 2810 5755 ad
2837 5699 2978 5756 idem
3003 5687 3290 5759 concilium
3317 5714 3447 5773 por--
