4038 6322
536 424 682 483 ηαδ

538 588 2017 621 W

1611 419 1700 473 AD
1737 417 1966 475 OPERA
2003 417 2334 473 HINCMABI
2373 413 2738 471 APPENDIX.

2021 585 2200 596 ’-

3674 403 3824 458 ηαδ

771 741 930 894 u
1040 737 1410 894 um
1519 735 2109 891 suum
2211 727 2862 945 BllllllllNSlS
2967 725 3603 883 APPENDIX.

1339 1025 2124 1156 HINCMAI’J
2233 1018 3009 1185 ANNALES,

2119 1261 2277 1321 SIVE

1060 1435 1609 1523 ANNALIUM
1659 1433 2529 1514 BERTINIANORUM
2595 1432 2847 1512 PARS
2918 1425 3308 1510 TERTIA

1584 1623 1677 1685 Ab
1711 1641 1874 1685 anno
1906 1621 2024 1683 861
2056 1633 2249 1698 usque
2275 1613 2358 1674 ad
2382 1631 2613 1675 annum
2639 1611 2779 1675 882.

1478 1785 1663 1848 (Apud
1697 1783 1939 1836 Pertzium
1960 1820 1974 1844 ,
2021 1752 2237 1833 Dionem.
2283 1778 2451 1830 Germ.
2491 1777 2638 1838 hist.,
2673 1784 2787 1827 tom.
2831 1775 2903 1838 [)-

1979 1934 2432 1947 .__—.—————

1184 2047 1496 2104 DCCCLXI.

627 2141 862 2202 Galindo
887 2146 1246 2211 cognomento
1270 2137 1616 2202 Prudentius,
1653 2137 1978 2192 Tricassinae
2005 2134 2141 2190 civi-

553 2235 684 2292 tatis
709 2233 1013 2304 episcopus,
1055 2228 1274 2284 natione
1306 2225 1613 2296 Hispanus,
1662 2226 1904 2295 adprime
1946 2223 2142 2278 litteris

555 2323 832 2386 eruditus,
869 2320 964 2390 qui
1002 2325 1128 2372 ante
1169 2317 1374 2386 aliquot
1399 2331 1571 2371 annos
1597 2314 1912 2372 Getescalco
1938 2313 2145 2383 praede-

551 2413 850 2470 stinatiano
896 2409 1208 2471 restiterat,
1270 2415 1390 2477 post
1436 2405 1561 2461 felle
1601 2413 1905 2461 commotus
1951 2412 2144 2460 contra

555 2502 822 2573 quosdam
841 2500 1126 2570 episcopos
1143 2511 1328 2552 secum
1352 2496 1593 2552 heretico
1612 2495 1950 2558 resistentes,
1974 2494 2144 2563 ipsius

557 2591 785 2648 heresis
825 2588 1078 2644 defensor
1121 2587 1443 2650 acerrimus,
1502 2586 1734 2655 indeque
1776 2599 1883 2639 non
1932 2583 2146 2639 modica

558 2683 708 2737 inter
737 2693 799 2735 se
822 2679 1033 2734 diversa
1058 2685 1114 2731 et
1139 2676 1266 2731 ﬁdei
1289 2676 1512 2731 adversa
1539 2674 1855 2744 scriptitans
1883 2673 2140 2738 moritur;

559 2774 770 2843 sicque,
799 2772 924 2827 licet
948 2769 1156 2826 diutino
1181 2769 1440 2837 languore
1469 2766 1806 2836 fatigaretur,
1841 2773 1901 2820 ut
1929 2763 2143 2820 vivendi

560 2868 638 2922 ita
664 2874 722 2920 et
744 2861 1016 2920 scribendi
1045 2860 1207 2914 ﬁnem
1239 2857 1387 2914 fecit.

630 2953 1082 3015 Caroiomannus,
1121 2949 1416 3007 Bl‘udowiei
1458 2950 1762 3006 Germaniae
1804 2950 1949 3021 regis
1984 2947 2144 3012 ﬁlius.

555 3061 688 3103 cum
711 3045 954 3100 Resticio
980 3042 1321 3097 Winidornm
1356 3039 1542 3110 regqu
1563 3038 1878 3103 findet-ator,
1921 3053 1955 3093 α
1994 3045 2148 3110 patre

558 3131 765 3201 deficit,
787 3143 845 3188 et
865 3132 1091 3188 Resticii
1121 3131 1320 3186 auxilio
1342 3144 1594 3200 magnam
1619 3129 1722 3184 sibi
1741 3138 1950 3198 parmm
1979 3143 2155 3197 usque-

560 3228 634 3284 ad
660 3225 766 3282 ﬂin
789 3237 817 3268 α
850 3223 1072 3280 ﬂuvium
1108 3222 1319 3293 paterni
1349 3221 1500 3292 regni
1533 3220 1828 3291 praesumit.
1871 3218 2149 3275 Hludowi-

557 3335 660 3377 cus
688 3331 938 3374 socerum
970 3314 1322 3370 Karl'omanni
1354 3313 1446 3368 ﬁlii
1478 3313 1584 3377 sui,
1610 3313 1940 3375 Arnustum,
1979 3312 2152 3367 hono-

2162 2052 2211 2112 Α
2241 2042 2595 2100 Nortmannis
2621 2047 3011 2101 constructum,
3035 2045 3092 2092 et
3109 2035 3329 2092 eosdem
3354 2031 3733 2088 Nortmannos
3749 2030 3835 2087 ob

2244 2137 2442 2193 sident.
2473 2134 2553 2190 Ad
2584 2148 2812 2202 quorum
2840 2131 3202 2188 obsidentium
3235 2127 3487 2182 videlicet
3516 2123 3785 2180 locarium
3804 2123 3832 2163 ι

2242 2228 2483 2299 quinque
2521 2223 2683 2280 millia
2709 2221 2879 2279 libras
2915 2219 3125 2291 argenti
3161 2233 3283 2273 cum
3327 2215 3652 2270 animalium
3678 2223 3835 2284 atque

2243 2331 2473 2373 annonae
2509 2329 2718 2370 summa
2761 2327 2868 2368 non
2916 2310 3123 2364 modica
3157 2308 3224 2362 de
3264 2321 3432 2375 regno
3458 2319 3588 2368 suo,
3636 2319 3709 2358 ne
3749 2303 3838 2357 de-

2242 2409 2602 2479 praedaretu’r,
2635 2403 2775 2475 exigi
2821 2401 3052 2456 Karolus
3093 2398 3385 2470 praecepit,
3429 2405 3484 2451 et
3524 2394 3838 2464 Sequanam

2245 2497 2534 2558 transiens,
2572 2493 2878 2549 Meidunum
2911 2503 2936 2530 θ
2964 2504 3129 2557 super
3151 2487 3386 2557 Ligerim
3414 2484 3550 2546 adit.
3597 2482 3839 2536 Rodheh

2245 2595 2359 2640 tum
2394 2585 2414 2625 ί
2446 2601 2568 2641 cum
2597 2584 2811 2654 placitis
2834 2580 3134 2636 honoribus
3162 2577 3378 2647 recipit.
3405 2575 3526 2642 Qua
3549 2573 3844 2629 occasione

2244 2678 2571 2737 Guntfridus
2593 2685 2651 2733 et
2676 2674 2965 2732 Gozfridus
2987 2713 3002 2738 ,
3053 2685 3298 2742 quorum.
3331 2665 3566 2724 consilio
3608 2663 3842 2720 Kal-olus

2244 2769 2527 2841 pnefatum
2556 2768 2892 2824 Rodbertum
2928 2770 3236 2834 receperat,
3264 2776 3388 2816 cum
3417 2759 3534 2813 suis
3563 2754 3842 2825 complici-

2243 2861 2350 2918 bus
2388 2860 2651 2932 gentilitia
2690 2857 2994 2914 mobilitate
3039 2843 3324 2910 et'inolita
3369 2847 3778 2905 consuetudine
3807 2860 3841 2899 ι

2246 2953 2446 3009 Karolo
2471 2951 2537 3007 ad
2567 2950 2934 3013 Salomonem,
2956 2945 3240 3001 Britonum
3266 2943 3281 2974 ¹
3313 2941 3526 3004 ducem,
3555 2938 3838 2994 deﬁciunt.

2246 3047 2455 3102 interea
2485 3044 2758 3098 Danorum
2788 3055 2916 3111 pars
2941 3040 3110 3094 altera
3141 3051 3262 3090 cum
3293 3033 3579 3104 sexaginta
3609 3031 3844 3084 naribus

2245 3153 2344 3208 per
2374 3136 2679 3205 Sequanam
2712 3133 2775 3186 in.
2810 3131 3030 3185 ﬂuvium
3057 3127 3237 3183 Tellus
3258 3127 3284 3166 ε
3314 3123 3646 3183 ascendunt,
3680 3118 3844 3173 inde-

2247 3243 2354 3298 que
2383 3227 2449 3281 ad
2477 3223 2790 3280 obsidentes
2826 3218 3109 3276 castellum
3145 3213 3505 3287 perveniunt,
3552 3219 3607 3264 et
3641 3221 3840 3262 eorum

2250 3323 2510 3378 societate
2531 3318 2851 3389 junguntur.
2897 3312 3114 3369 Obsessi
3163 3319 3343 3366 autem
3391 3304 3555 3359 furnis
3579 3300 3763 3358 inedia
3788 3307 3848 3354 et

559 3411 715 3468 ribus
739 3409 942 3480 privat,
969 3415 1026 3461 et
1057 3413 1280 3476 nepotes
1309 3405 1478 3474 ipsius
1506 3417 1537 3455 a
1565 3417 1730 3473 regno
1759 3416 1858 3456 suo
1885 3400 2144 3469 expellit;
2175 3407 2188 3468 ]

2252 3413 2486 3467 miseriae
2513 3409 2690 3466 omnis
2711 3409 2734 3440 ²
2762 3404 3034 3476 squallore
3057 3398 3348 3470 compulsi,
3367 3410 3457 3453 sex
3468 3391 3640 3451 millia
3669 3389 3848 3444 libras

565 3502 658 3571 qui
687 3514 809 3555 cum
840 3495 1127 3559 Adalardo,
1155 3492 1497 3548 lrmintrudis
1522 3492 1720 3560 regium
1741 3489 2028 3554 avunculo,
2052 3503 2151 3543 suo

567 3603 749 3646 autem
778 3588 1099 3658 propinquo,
1129 3599 1290 3654 quem
1321 3583 1610 3638 Lotharius
1635 3581 1812 3651 patrui
1837 3582 1920 3634 sui
1950 3579 2152 3635 illude-

563 3683 690 3738 wici
717 3680 952 3736 factione
981 3675 1395 3746 insequebatur,
1431 3673 1683 3728 Karolum
1713 3672 1943 3737 adeunt;
1982 3686 2012 3725 a
2043 3686 2151 3740 quo

560 3775 799 3844 benigne
823 3769 1191 3838 suscipiuntur
1223 3775 1279 3821 et
1315 3764 1610 3820 honoribus
1645 3762 2013 3818 consolantur.
2045 3761 2151 3816 Sed

565 3874 624 3920 et
647 3877 784 3934 pene
810 3873 1002 3916 omnes
1026 3857 1119 3928 qui
1146 3869 1318 3925 nuper
1360 3871 1390 3909 a
1439 3853 1634 3909 Karolo
1671 3853 1740 3908 ad
1782 3851 2152 3908 Hludowicum

564 3953 911 4015 defecerant,
942 3950 1010 4005 ad
1035 3947 1291 4004 Karolum
1319 3954 1684 4010 revertuntur,
1713 3953 1770 4000 et
1799 3944 1870 4000 ab
1892 3958 1960 4000 eo
1990 3942 2150 3999 fami-

568 4045 812 4100 liaritate
835 4051 890 4097 et
917 4038 1217 4096 honoribus
1235 4039 1584 4093 redonautur.

641 4135 778 4192 Dani
802 4133 832 4173 δ
861 4133 954 4202 qui
999 4131 1206 4202 pridem
1249 4127 1516 4183 Morinum
1537 4137 1560 4166 α
1590 4126 1860 4181 civitatem
1900 4123 2156 4180 incende-

571 4237 716 4293 rant,
749 4226 816 4281 de
840 4223 1027 4294 Anglis
1054 4226 1419 4282 revertentes,
1449 4217 1587 4273 duce
1611 4215 1876 4272 Welando
1905 4231 2029 4273 cum
2057 4216 2157 4270 du-

569 4317 750 4376 centis
772 4323 831 4372 et
851 4330 920 4370 eo
945 4313 1176 4382 amplius
1201 4309 1432 4366 navibus
1472 4325 1570 4378 per
1613 4306 1921 4378 Sequanam
1963 4323 2153 4364 ascen-

570 4409 709 4464 dunt
730 4447 747 4473 ,
791 4416 850 4462 et
891 4403 1174 4460 castellum
1205 4403 1258 4457 in
1288 4399 1460 4456 insula
1485 4414 1606 4469 quae
1626 4398 1869 4456 Osccllus
1895 4399 2096 4454 dicitur
2124 4415 2154 4454 a

2256 3504 2396 3558 inter
2423 3515 2614 3556 aurum
2643 3507 2698 3552 et
2723 3505 3006 3568 argentum
3027 3489 3397 3548 obsidentibus
3418 3485 3616 3539 donant
3641 3481 3850 3548 eisque

2255 3594 2555 3656 sociantur,
2602 3597 2659 3645 et
2701 3588 2782 3642 sic
2818 3601 2918 3656 per
2945 3584 3253 3653 Sequanam
3283 3590 3448 3646 usque
3470 3573 3535 3627 ad
3563 3586 3732 3626 mare
3757 3571 3850 3624 de-

2255 3683 2540 3740 scendunt.
2590 3679 2738 3747 Quos
2788 3676 3078 3732 imminens
3100 3672 3276 3726 hiems
3307 3664 3510 3737 ingredi
3535 3677 3698 3717 mare
3720 3675 3850 3730 pro-

2257 3773 2452 3837 hibuit,
2482 3770 2625 3826 unde
2654 3783 2713 3824 se
2735 3783 2834 3838 per
2863 3763 3102 3835 singulos
3127 3769 3319 3832 portus
3342 3757 3410 3811 ab
3439 3756 3560 3823 ipso
3587 3752 3712 3806 loco
3739 3749 3841 3804 Pa-

2260 3861 2424 3916 risius
2465 3873 2638 3929 usque
2683 3855 2981 3913 secundum
3031 3866 3168 3908 suas
3211 3846 3532 3904 sodalitates
3575 3839 3844 3898 dividunt.

2258 3949 2556 4006 Welandus
2585 3955 2764 4002 autem
2808 3959 2906 4015 per
2947 3943 3256 4013 Sequanam
3298 3950 3472 4006 usque
3507 3931 3580 3987 ad
3606 3938 3847 3986 castrum

2258 4040 2573 4096 Milidunum
2600 4051 2726 4093 cum
2755 4034 2920 4090 sociis
2949 4032 3065 4088 suis
3091 4026 3356 4085 ascendit.
3387 4020 3691 4080 Castellaui
3723 4031 3856 4072 rem

2257 4146 2382 4186 cum
2428 4127 2677 4184 Welandi
2703 4126 2726 4159 ³
2769 4125 2881 4180 filio
2917 4120 3157 4179 Fessatis
3177 4119 3206 4160 ιι
3247 4113 3645 4172 monasterium
3692 4123 3852 4164 occu-

2261 4227 2412 4291 pant.
2443 4217 2770 4274 Hincmarus
2799 4217 2844 4280 i,
2875 4207 3224 4269 Durocortori
3253 4204 3554 4260 Remorum
3584 4195 3854 4291 archiepif

2263 4284 2482 4380 scopus,
2507 4306 2714 4379 synodo
2742 4298 3188 4374 comprovinciali
3218 4294 3363 4367 apud
3405 4288 3806 4380 monasterium
3829 4284 3854 4313 ⁸

2265 4379 2576 4454 sanctorum
2627 4393 2863 4464 Crispini
2897 4401 2955 4448 et
2981 4386 3308 4461 Crispiniani
3357 4396 3528 4440 secus
3569 4379 3855 4436 civitatem

1786 4488 2177 4545 VARIANTES
2225 4483 2623 4545 LECTIONES.

655 4593 674 4624 ¹
712 4589 1018 4643 Brittonum
1048 4585 1145 4640 Ch.
1175 4587 1250 4640 ita
1279 4586 1491 4654 smpius.
1566 4585 1587 4614 ¹
1623 4582 1842 4654 miseria
1863 4582 2010 4636 omni
2038 4579 2136 4636 ('h.
2167 4589 2214 4636 et
2244 4580 2312 4635 Β.
2389 4579 2410 4610 ³
2449 4575 2698 4631 \velando
2731 4572 2830 4628 Ch.
2857 4581 2907 4628 et
2934 4569 3002 4626 B.
3078 4569 3106 4602 δ
3137 4569 3214 4624 ita
3254 4561 3500 4627 correxi;
3551 4557 3660 4614 CII.
3693 4569 3747 4614 et
3779 4553 3850 4610 Β.

575 4658 941 4730 martyrium;
973 4658 1028 4710 in
1064 4655 1240 4709 codice
1266 4651 1517 4720 scriptum
1545 4653 1703 4720 fuerit
1726 4651 1946 4705 mrium.

521 4813 534 4884 ξ
649 4857 674 4884 α
711 4841 848 4899 Vide
873 4837 1033 4907 hujus
1061 4837 1285 4894 editoris
1312 4835 1576 4907 monitum
1604 4832 1747 4907 parti
1770 4833 2020 4907 secunda:
2052 4739 2358 4898 Αιῗ-Οὲὦίι
2398 4828 2638 4907 lfretium
2670 4821 2971 4907 locationis.

574 4914 780 4972 nalium
821 4903 1254 4966 Bertinianorum
1313 4903 1615 4975 pmlisum’
1646 4903 1966 4975 Patrologiaa
2013 4911 2158 4975 torno

573 4983 716 5041 CXV
765 4983 907 5036 inter
954 4979 1130 5050 Opera
1158 4973 1458 5050 Prudentii,
1484 4973 1535 5027 in
1567 4989 1672 5042 quo
1696 4973 2160 5050 ilincmarolihe-

577 5053 755 5110 mensi
804 5041 1066 5105 asseritur
1109 5063 1237 5118 pars
1283 5041 1447 5100 tertia
1487 5041 2156 5118 eorumdernnnnnalium.

582 5120 836 5178 Nonnulli
867 5129 1070 5182 tamen,
1099 5111 1240 5173 inter
1261 5130 1399 5186 quos
1441 5123 1691 5186 angores
1728 5111 1914 5186 Galliae
1938 5111 2162 5186 Littera-

583 5194 702 5260 riaa,
737 5190 898 5260 hujus
930 5189 1053 5244 libri
1097 5181 1474 5259 patern'itatem
1506 5181 2157 5260 Hin_cmaro_ahjndicant.

1594 5253 1753 5308 Eutr.
1781 5252 2019 5307 PATROL.

651 5334 684 5375 ιι
721 5331 806 5387 Cf.
836 5330 1036 5386 Chron.
1065 5328 1132 5383 de
1152 5327 1316 5395 gestis
1337 5325 1522 5380 Norm.

657 5415 681 5443 ε
725 5399 1042 5463 ilunfridus,
1071 5391 1390 5451 Morinensis
1415 5410 1506 5449 seu
1533 5392 1932 5449 Tarvannensis
1959 5391 2164 5463 episco-

583 5489 709 5545 pus,
734 5487 889 5526 e'sua
914 5461 1046 5545 urbe
1075 5483 1105 5521 a
1133 5464 1738 5545 Nortmannisifngatus,
1779 5461 2060 5544 abdicandi
2105 5461 2160 5514 in

585 5533 905 5616 perpetuum
941 5539 1282 5616 episcoRatus
1312 5535 1594 5590 consilium
1636 5533 1893 5614 suscepit,
1936 5544 2163 5599 eamque

588 5603 643 5667 in
677 5603 787 5666 rem
818 5603 1086 5665 consuluit
1119 5603 1391 5660 Nicolaum
1417 5619 1631 5673 papam,
1657 5603 1746 5670 qui
1773 5604 1822 5656 ei
1848 5603 1925 5673 sic
1949 5615 2162 5667 respon-

587 5683 665 5736 dit
689 5700 701 5734 :
734 5681 904 5743 Scias,
930 5679 1234 5733 charissima
1261 5672 1445 5745 frater,
1479 5675 1618 5743 quod
1646 5676 1690 5745 si
1715 5672 2060 5740 perniciosum
2086 5678 2164 5722 est

587 5759 849 5820 promam
893 5749 948 5820 in
996 5742 1374 5820 tranquillitate
1422 5742 1600 5799 nauem
1651 5742 1920 5809 deserere,
1969 5748 2162 5810 quanto

591 5814 761 5886 inagis
791 5817 844 5868 in
877 5814 1138 5882 ﬂuctibus.
1173 5814 1443 5876 Bouuusr.

2336 4912 2361 4940 ο
2400 4897 2578 4959 Meun,
2612 4894 2749 4950 infra
2778 4892 3120 4947 Aurelianus.

2341 4971 2360 5008 τ
2404 4951 2672 5020 Robertus
2715 4963 2801 5018 ille
2839 4971 2955 5025 est,
3003 4962 3364 5029 cognomento
3398 4951 3618 5029 Fortis,
3668 4965 3712 5029 a_
3743 4963 3854 5029 quo

2263 5053 2420 5109 reges
2463 5037 2796 5090 Francorum
2845 5021 3017 5086 tertiae
3063 5021 3249 5098 stirpis
3284 5023 3559 5092 originem
3605 5021 3852 5074 trahunt.

2265 5109 2604 5300 Βοξῖξξνξὶὲ
2630 5171 2959 5228 Normannia
2989 5171 3043 5226 in
3067 5183 3205 5240 pago
3233 5162 3436 5220 Tellau.
3467 5159 3660 5216 Vales.
3685 5157 3846 5214 Notit.

2266 5263 2319 5300 ιι.
2455 5287 2470 5300 .
2610 5283 2623 5296 .

2266 5263 2319 5319 p.
2346 5247 2470 5310 547,
2500 5246 2623 5300 548.

2339 5318 2368 5358 h
2410 5313 2747 5370 Βαίου-Μαίη
2769 5314 2859 5367 des
2880 5309 3091 5366 Fossés.
3460 5374 3470 5378 _
3780 5367 3794 5378 ,

2346 5389 2361 5428 ί
2406 5385 2730 5439 Hincmarus
2775 5398 2872 5452 per
2916 5391 3040 5436 octo
3082 5393 3254 5452 annos
3294 5374 3584 5452 occasione
3625 5374 3855 5452 quzesita

2269 5455 2574 5511 Rothadum
2622 5453 2689 5506 ab
2733 5439 3042 5522 episcOpatu
3085 5446 3410 5517 dejiciendi,
3452 5443 3596 5522 hanc
3636 5439 3852 5522 tandem

2569 5506 2844 5595 Rotharlus
2886 5506 3259 5595 p'resliylerum
3281 5506 3571 5595 quemdam
3593 5525 3712 5563 sine
3729 5506 3858 5595 dit:-

2270 5584 2457 5652 ceseos
2487 5594 2538 5647 in
2568 5602 2754 5661 stupro
2777 5584 3174 5659 deprehensum
3198 5584 3461 5661 canonice
3483 5584 3814 5661 deposuerat
3838 5592 3851 5628 τ

2270 5649 2326 5721 éi
2349 5649 2445 5718 ille
2477 5663 2544 5716 ad
2572 5649 3046 5730 me'tmpoli'tanum
3085 5657 3346 5730 confugit,
3393 5649 3567 5721 quem
3596 5649 3858 5730 episcopo

2271 5716 2540 5806 infensum
2560 5716 2812 5806 noverat.
2841 5730 3166 5806 Hincmarus
3195 5716 3578 5806 presbyterum
3601 5716 3858 5806 sacerdo-

2273 5787 2520 5874 tiovfungi
2552 5800 2716 5872 jussit
2751 5811 2874 5871 post
2921 5787 3212 5854 triennium
3237 5835 3253 5864 ,
3303 5787 3503 5864 iniuste
3546 5787 3855 5860 depositum
