  <div class='ocr_page' id='page_1' title='image "/cluster/home/n/w/nwhite01/storage/ocr_20150623/125/hvd.32044015471667/608.png"; bbox 0 0 3996 5578; ppageno 0'>
   <div class='ocr_carea' id='block_1_1' title="bbox 191 424 342 480">
    <p class='ocr_par' dir='ltr' id='par_1_1' title="bbox 191 424 342 480">
     <span class='ocr_line' id='line_1_1' title="bbox 191 424 342 480; baseline 0 0"><span class='ocrx_word' id='word_1_1' title='bbox 191 424 342 480; x_wconf 66' lang='grc'><strong>1205</strong></span> 
     </span>
    </p>
   </div>
   <div class='ocr_carea' id='block_1_2' title="bbox 1064 414 2625 479">
    <p class='ocr_par' dir='ltr' id='par_1_2' title="bbox 1064 414 2625 479">
     <span class='ocr_line' id='line_1_2' title="bbox 1064 414 2625 479; baseline 0 -3"><span class='ocrx_word' id='word_1_2' title='bbox 1064 420 1384 478; x_wconf 78' lang='lat' dir='ltr'><strong>ANNALES</strong></span> <span class='ocrx_word' id='word_1_3' title='bbox 1422 414 1780 475; x_wconf 77' lang='lat' dir='ltr'><strong>lllNCMARO</strong></span> <span class='ocrx_word' id='word_1_4' title='bbox 1815 414 2251 476; x_wconf 76' lang='lat' dir='ltr'><strong>DUBlTANTEB</strong></span> <span class='ocrx_word' id='word_1_5' title='bbox 2290 421 2625 479; x_wconf 80' lang='lat' dir='ltr'><strong>ASCRIP’I‘I.</strong></span> 
     </span>
    </p>
   </div>
   <div class='ocr_carea' id='block_1_3' title="bbox 3330 421 3470 474">
    <p class='ocr_par' dir='ltr' id='par_1_3' title="bbox 3330 421 3470 474">
     <span class='ocr_line' id='line_1_3' title="bbox 3330 421 3470 474; baseline 0 0"><span class='ocrx_word' id='word_1_6' title='bbox 3330 421 3357 474; x_wconf 79' lang='grc'><strong>1</strong></span> <span class='ocrx_word' id='word_1_7' title='bbox 3371 421 3470 474; x_wconf 61' lang='lat'><strong>£06</strong></span> 
     </span>
    </p>
   </div>
   <div class='ocr_carea' id='block_1_4' title="bbox 205 516 3468 611">
    <p class='ocr_par' dir='ltr' id='par_1_4' title="bbox 205 516 3468 611">
     <span class='ocr_line' id='line_1_4' title="bbox 205 516 3468 611; baseline 0.001 -18"><span class='ocrx_word' id='word_1_8' title='bbox 205 536 514 593; x_wconf 88' lang='lat' dir='ltr'><strong>Suessionis</strong></span> <span class='ocrx_word' id='word_1_9' title='bbox 541 537 846 593; x_wconf 77' lang='lat' dir='ltr'><strong>Rotliadum</strong></span> <span class='ocrx_word' id='word_1_10' title='bbox 872 539 912 602; x_wconf 74' lang='grc' dir='ltr'><strong>ί,</strong></span> <span class='ocrx_word' id='word_1_11' title='bbox 951 538 1122 609; x_wconf 84' lang='lat' dir='ltr'><strong>ipsius</strong></span> <span class='ocrx_word' id='word_1_12' title='bbox 1147 539 1296 594; x_wconf 98' lang='lat' dir='ltr'><strong>urbis</strong></span> <span class='ocrx_word' id='word_1_13' title='bbox 1319 516 1626 608; x_wconf 77' lang='lat' dir='ltr'><strong>episcopum</strong></span> <span class='ocrx_word' id='word_1_14' title='bbox 1645 577 1660 599; x_wconf 95' lang='lat'><strong>,</strong></span> <span class='ocrx_word' id='word_1_15' title='bbox 1695 549 1780 590; x_wconf 90' lang='lat' dir='ltr'><strong>re-</strong></span> <span class='ocrx_word' id='word_1_16' title='bbox 1811 536 1860 594; x_wconf 85' lang='lat' dir='ltr'><strong>A</strong></span> <span class='ocrx_word' id='word_1_17' title='bbox 1887 537 2110 606; x_wconf 75' lang='lat' dir='ltr'><strong>singulae</strong></span> <span class='ocrx_word' id='word_1_18' title='bbox 2147 554 2320 608; x_wconf 70' lang='lat' dir='ltr'><strong>aquae,</strong></span> <span class='ocrx_word' id='word_1_19' title='bbox 2359 539 2505 595; x_wconf 81' lang='lat' dir='ltr'><strong>Isara</strong></span> <span class='ocrx_word' id='word_1_20' title='bbox 2534 554 2557 579; x_wconf 77' lang='grc' dir='ltr'><strong>ο</strong></span> <span class='ocrx_word' id='word_1_21' title='bbox 2591 539 2815 604; x_wconf 79' lang='lat' dir='ltr'><strong>scilicet,</strong></span> <span class='ocrx_word' id='word_1_22' title='bbox 2857 539 3100 595; x_wconf 73' lang='lat' dir='ltr'><strong>Matrona</strong></span> <span class='ocrx_word' id='word_1_23' title='bbox 3131 547 3186 595; x_wconf 90' lang='lat' dir='ltr'><strong>et</strong></span> <span class='ocrx_word' id='word_1_24' title='bbox 3215 537 3468 611; x_wconf 82' lang='lat' dir='ltr'><strong>Sequana</strong></span> 
     </span>
    </p>
   </div>
   <div class='ocr_carea' id='block_1_5' title="bbox 203 626 1788 701">
    <p class='ocr_par' dir='ltr' id='par_1_5' title="bbox 203 626 1788 701">
     <span class='ocr_line' id='line_1_5' title="bbox 203 626 1788 701; baseline -0.003 -17"><span class='ocrx_word' id='word_1_25' title='bbox 203 629 344 701; x_wconf 81' lang='lat' dir='ltr'><strong>gulis</strong></span> <span class='ocrx_word' id='word_1_26' title='bbox 375 629 764 685; x_wconf 76' lang='lat' dir='ltr'><strong>ecclesiasticis</strong></span> <span class='ocrx_word' id='word_1_27' title='bbox 790 630 1009 686; x_wconf 84' lang='lat' dir='ltr'><strong>obedire</strong></span> <span class='ocrx_word' id='word_1_28' title='bbox 1040 632 1310 686; x_wconf 87' lang='lat' dir='ltr'><strong>nolentem</strong></span> <span class='ocrx_word' id='word_1_29' title='bbox 1345 628 1636 700; x_wconf 85' lang='lat' dir='ltr'><strong>episcopali</strong></span> <span class='ocrx_word' id='word_1_30' title='bbox 1678 626 1788 696; x_wconf 83' lang='lat' dir='ltr'><strong>pri-</strong></span> 
     </span>
    </p>
   </div>
   <div class='ocr_carea' id='block_1_6' title="bbox 203 719 1788 783">
    <p class='ocr_par' dir='ltr' id='par_1_6' title="bbox 203 719 1788 783">
     <span class='ocr_line' id='line_1_6' title="bbox 203 719 1788 783; baseline 0 -11"><span class='ocrx_word' id='word_1_31' title='bbox 203 728 295 773; x_wconf 82' lang='lat' dir='ltr'><strong>vat</strong></span> <span class='ocrx_word' id='word_1_32' title='bbox 318 720 697 776; x_wconf 82' lang='lat' dir='ltr'><strong>communione</strong></span> <span class='ocrx_word' id='word_1_33' title='bbox 720 721 1020 776; x_wconf 78' lang='lat' dir='ltr'><strong>secundum</strong></span> <span class='ocrx_word' id='word_1_34' title='bbox 1047 721 1264 776; x_wconf 87' lang='lat' dir='ltr'><strong>decreta</strong></span> <span class='ocrx_word' id='word_1_35' title='bbox 1289 735 1579 783; x_wconf 56' lang='lat' dir='ltr'><strong>«nonum,</strong></span> <span class='ocrx_word' id='word_1_36' title='bbox 1616 719 1788 774; x_wconf 89' lang='lat' dir='ltr'><strong>donec</strong></span> 
     </span>
    </p>
   </div>
   <div class='ocr_carea' id='block_1_7' title="bbox 200 812 441 866">
    <p class='ocr_par' dir='ltr' id='par_1_7' title="bbox 200 812 441 866">
     <span class='ocr_line' id='line_1_7' title="bbox 200 812 441 866; baseline -0.008 0"><span class='ocrx_word' id='word_1_37' title='bbox 200 812 441 866; x_wconf 86' lang='lat' dir='ltr'><strong>obediat.</strong></span> 
     </span>
    </p>
   </div>
   <div class='ocr_carea' id='block_1_8' title="bbox 273 898 1784 965">
    <p class='ocr_par' dir='ltr' id='par_1_8' title="bbox 273 898 1784 965">
     <span class='ocr_line' id='line_1_8' title="bbox 273 898 1784 965; baseline -0.001 -11"><span class='ocrx_word' id='word_1_38' title='bbox 273 899 526 965; x_wconf 73' lang='lat' dir='ltr'><strong>Kal-olus,</strong></span> <span class='ocrx_word' id='word_1_39' title='bbox 548 901 772 956; x_wconf 82' lang='lat' dir='ltr'><strong>dimisso</strong></span> <span class='ocrx_word' id='word_1_40' title='bbox 796 900 906 955; x_wconf 84' lang='lat' dir='ltr'><strong>filio</strong></span> <span class='ocrx_word' id='word_1_41' title='bbox 927 916 1026 955; x_wconf 90' lang='lat' dir='ltr'><strong>suo</strong></span> <span class='ocrx_word' id='word_1_42' title='bbox 1047 901 1361 956; x_wconf 87' lang='lat' dir='ltr'><strong>llludowico</strong></span> <span class='ocrx_word' id='word_1_43' title='bbox 1385 901 1486 956; x_wconf 89' lang='lat' dir='ltr'><strong>sub</strong></span> <span class='ocrx_word' id='word_1_44' title='bbox 1508 898 1784 964; x_wconf 80' lang='lat' dir='ltr'><strong>Adalardi,</strong></span> 
     </span>
    </p>
   </div>
   <div class='ocr_carea' id='block_1_9' title="bbox 202 988 1790 1061">
    <p class='ocr_par' dir='ltr' id='par_1_9' title="bbox 202 988 1790 1061">
     <span class='ocr_line' id='line_1_9' title="bbox 202 988 1790 1061; baseline 0.001 -19"><span class='ocrx_word' id='word_1_45' title='bbox 202 988 545 1045; x_wconf 85' lang='lat' dir='ltr'><strong>lrmintrudis</strong></span> <span class='ocrx_word' id='word_1_46' title='bbox 576 991 776 1061; x_wconf 66' lang='lat' dir='ltr'><strong>regina:</strong></span> <span class='ocrx_word' id='word_1_47' title='bbox 801 991 1086 1056; x_wconf 80' lang='lat' dir='ltr'><strong>avunculi,</strong></span> <span class='ocrx_word' id='word_1_48' title='bbox 1135 990 1464 1058; x_wconf 88' lang='lat' dir='ltr'><strong>bajulatione</strong></span> <span class='ocrx_word' id='word_1_49' title='bbox 1501 990 1568 1044; x_wconf 91' lang='lat' dir='ltr'><strong>ad</strong></span> <span class='ocrx_word' id='word_1_50' title='bbox 1608 999 1790 1044; x_wconf 89' lang='lat' dir='ltr'><strong>custo-</strong></span> 
     </span>
    </p>
   </div>
   <div class='ocr_carea' id='block_1_10' title="bbox 203 1078 1787 1149">
    <p class='ocr_par' dir='ltr' id='par_1_10' title="bbox 203 1078 1787 1149">
     <span class='ocr_line' id='line_1_10' title="bbox 203 1078 1787 1149; baseline -0.001 -16"><span class='ocrx_word' id='word_1_51' title='bbox 203 1079 348 1133; x_wconf 83' lang='lat' dir='ltr'><strong>diam</strong></span> <span class='ocrx_word' id='word_1_52' title='bbox 375 1079 526 1148; x_wconf 82' lang='lat' dir='ltr'><strong>regni</strong></span> <span class='ocrx_word' id='word_1_53' title='bbox 556 1090 746 1134; x_wconf 86' lang='lat' dir='ltr'><strong>contra</strong></span> <span class='ocrx_word' id='word_1_54' title='bbox 777 1079 1160 1143; x_wconf 88' lang='lat' dir='ltr'><strong>Nortmanuos,</strong></span> <span class='ocrx_word' id='word_1_55' title='bbox 1209 1097 1238 1134; x_wconf 91' lang='lat' dir='ltr'><strong>a</strong></span> <span class='ocrx_word' id='word_1_56' title='bbox 1285 1080 1607 1149; x_wconf 84' lang='lat' dir='ltr'><strong>quibusdam</strong></span> <span class='ocrx_word' id='word_1_57' title='bbox 1652 1078 1787 1133; x_wconf 87' lang='lat' dir='ltr'><strong>invi-</strong></span> 
     </span>
    </p>
   </div>
   <div class='ocr_carea' id='block_1_11' title="bbox 201 1170 1785 1241">
    <p class='ocr_par' dir='ltr' id='par_1_11' title="bbox 201 1170 1785 1241">
     <span class='ocr_line' id='line_1_11' title="bbox 201 1170 1785 1241; baseline 0 -18"><span class='ocrx_word' id='word_1_58' title='bbox 201 1179 350 1226; x_wconf 88' lang='lat' dir='ltr'><strong>tatus</strong></span> <span class='ocrx_word' id='word_1_59' title='bbox 378 1172 532 1240; x_wconf 86' lang='lat' dir='ltr'><strong>quasi</strong></span> <span class='ocrx_word' id='word_1_60' title='bbox 564 1187 787 1241; x_wconf 83' lang='lat' dir='ltr'><strong>regnum</strong></span> <span class='ocrx_word' id='word_1_61' title='bbox 837 1171 1132 1226; x_wconf 68' lang='lat' dir='ltr'><strong>Prmincire</strong></span> <span class='ocrx_word' id='word_1_62' title='bbox 1175 1173 1498 1240; x_wconf 90' lang='lat' dir='ltr'><strong>adepturus,</strong></span> <span class='ocrx_word' id='word_1_63' title='bbox 1531 1170 1785 1239; x_wconf 89' lang='lat' dir='ltr'><strong>quoniam</strong></span> 
     </span>
    </p>
   </div>
   <div class='ocr_carea' id='block_1_12' title="bbox 201 1257 1790 1328">
    <p class='ocr_par' dir='ltr' id='par_1_12' title="bbox 201 1257 1790 1328">
     <span class='ocr_line' id='line_1_12' title="bbox 201 1257 1790 1328; baseline -0.003 -14"><span class='ocrx_word' id='word_1_64' title='bbox 201 1260 453 1324; x_wconf 72' lang='lat' dir='ltr'><strong>Karolus,</strong></span> <span class='ocrx_word' id='word_1_65' title='bbox 487 1259 729 1314; x_wconf 86' lang='lat' dir='ltr'><strong>Lotharii</strong></span> <span class='ocrx_word' id='word_1_66' title='bbox 757 1261 1031 1328; x_wconf 89' lang='lat' dir='ltr'><strong>quondam</strong></span> <span class='ocrx_word' id='word_1_67' title='bbox 1060 1259 1402 1328; x_wconf 86' lang='lat' dir='ltr'><strong>imperatoris</strong></span> <span class='ocrx_word' id='word_1_68' title='bbox 1429 1257 1592 1323; x_wconf 84' lang='lat' dir='ltr'><strong>ﬁlius,</strong></span> <span class='ocrx_word' id='word_1_69' title='bbox 1625 1258 1790 1312; x_wconf 91' lang='lat' dir='ltr'><strong>inuti-</strong></span> 
     </span>
    </p>
   </div>
   <div class='ocr_carea' id='block_1_13' title="bbox 204 1347 1785 1420">
    <p class='ocr_par' dir='ltr' id='par_1_13' title="bbox 204 1347 1785 1420">
     <span class='ocr_line' id='line_1_13' title="bbox 204 1347 1785 1420; baseline -0.001 -16"><span class='ocrx_word' id='word_1_70' title='bbox 204 1351 268 1404; x_wconf 89' lang='lat' dir='ltr'><strong>lis</strong></span> <span class='ocrx_word' id='word_1_71' title='bbox 292 1360 456 1420; x_wconf 87' lang='lat' dir='ltr'><strong>atque</strong></span> <span class='ocrx_word' id='word_1_72' title='bbox 485 1350 876 1404; x_wconf 83' lang='lat' dir='ltr'><strong>inconveniens</strong></span> <span class='ocrx_word' id='word_1_73' title='bbox 916 1351 1065 1420; x_wconf 82' lang='lat' dir='ltr'><strong>regio</strong></span> <span class='ocrx_word' id='word_1_74' title='bbox 1105 1351 1298 1404; x_wconf 86' lang='lat' dir='ltr'><strong>honori</strong></span> <span class='ocrx_word' id='word_1_75' title='bbox 1330 1357 1386 1404; x_wconf 91' lang='lat' dir='ltr'><strong>et</strong></span> <span class='ocrx_word' id='word_1_76' title='bbox 1423 1349 1624 1403; x_wconf 89' lang='lat' dir='ltr'><strong>nomini</strong></span> <span class='ocrx_word' id='word_1_77' title='bbox 1651 1347 1785 1403; x_wconf 87' lang='lat' dir='ltr'><strong>fere-</strong></span> 
     </span>
    </p>
   </div>
   <div class='ocr_carea' id='block_1_14' title="bbox 202 1440 1787 1512">
    <p class='ocr_par' dir='ltr' id='par_1_14' title="bbox 202 1440 1787 1512">
     <span class='ocr_line' id='line_1_14' title="bbox 202 1440 1787 1512; baseline -0.001 -17"><span class='ocrx_word' id='word_1_78' title='bbox 202 1441 384 1506; x_wconf 89' lang='lat' dir='ltr'><strong>batur,</strong></span> <span class='ocrx_word' id='word_1_79' title='bbox 423 1456 544 1496; x_wconf 90' lang='lat' dir='ltr'><strong>cum</strong></span> <span class='ocrx_word' id='word_1_80' title='bbox 574 1456 742 1495; x_wconf 80' lang='lat' dir='ltr'><strong>uxore</strong></span> <span class='ocrx_word' id='word_1_81' title='bbox 776 1440 1136 1509; x_wconf 74' lang='lat' dir='ltr'><strong>Burgundiam</strong></span> <span class='ocrx_word' id='word_1_82' title='bbox 1184 1456 1356 1512; x_wconf 88' lang='lat' dir='ltr'><strong>usque</strong></span> <span class='ocrx_word' id='word_1_83' title='bbox 1401 1441 1467 1494; x_wconf 91' lang='lat' dir='ltr'><strong>ad</strong></span> <span class='ocrx_word' id='word_1_84' title='bbox 1510 1441 1787 1495; x_wconf 85' lang='lat' dir='ltr'><strong>civitatem</strong></span> 
     </span>
    </p>
   </div>
   <div class='ocr_carea' id='block_1_15' title="bbox 201 1532 1788 1604">
    <p class='ocr_par' dir='ltr' id='par_1_15' title="bbox 201 1532 1788 1604">
     <span class='ocr_line' id='line_1_15' title="bbox 201 1532 1788 1604; baseline -0.002 -18"><span class='ocrx_word' id='word_1_85' title='bbox 201 1532 653 1588; x_wconf 65' lang='lat' dir='ltr'><strong>Matesceusiumll</strong></span> <span class='ocrx_word' id='word_1_86' title='bbox 682 1542 956 1604; x_wconf 85' lang='lat' dir='ltr'><strong>peragrat.</strong></span> <span class='ocrx_word' id='word_1_87' title='bbox 986 1532 1086 1587; x_wconf 88' lang='lat' dir='ltr'><strong>Ubi</strong></span> <span class='ocrx_word' id='word_1_88' title='bbox 1117 1534 1278 1587; x_wconf 88' lang='lat' dir='ltr'><strong>rebus</strong></span> <span class='ocrx_word' id='word_1_89' title='bbox 1309 1547 1500 1603; x_wconf 87' lang='lat' dir='ltr'><strong>parum</strong></span> <span class='ocrx_word' id='word_1_90' title='bbox 1531 1546 1788 1600; x_wconf 86' lang='lat' dir='ltr'><strong>prospere</strong></span> 
     </span>
    </p>
   </div>
   <div class='ocr_carea' id='block_1_16' title="bbox 199 1621 1787 1697">
    <p class='ocr_par' dir='ltr' id='par_1_16' title="bbox 199 1621 1787 1697">
     <span class='ocr_line' id='line_1_16' title="bbox 199 1621 1787 1697; baseline -0.004 -19"><span class='ocrx_word' id='word_1_91' title='bbox 199 1626 389 1697; x_wconf 69' lang='lat' dir='ltr'><strong>gestis,</strong></span> <span class='ocrx_word' id='word_1_92' title='bbox 419 1633 476 1678; x_wconf 90' lang='lat' dir='ltr'><strong>et</strong></span> <span class='ocrx_word' id='word_1_93' title='bbox 501 1623 991 1693; x_wconf 83' lang='lat' dir='ltr'><strong>depraedationibus</strong></span> <span class='ocrx_word' id='word_1_94' title='bbox 1017 1625 1268 1693; x_wconf 86' lang='lat' dir='ltr'><strong>plurimis</strong></span> <span class='ocrx_word' id='word_1_95' title='bbox 1289 1622 1486 1693; x_wconf 88' lang='lat' dir='ltr'><strong>populo</strong></span> <span class='ocrx_word' id='word_1_96' title='bbox 1518 1632 1675 1676; x_wconf 74' lang='lat' dir='ltr'><strong>terra:</strong></span> <span class='ocrx_word' id='word_1_97' title='bbox 1701 1621 1787 1674; x_wconf 90' lang='lat' dir='ltr'><strong>in-</strong></span> 
     </span>
    </p>
   </div>
   <div class='ocr_carea' id='block_1_17' title="bbox 198 1709 1789 1784">
    <p class='ocr_par' dir='ltr' id='par_1_17' title="bbox 198 1709 1789 1784">
     <span class='ocr_line' id='line_1_17' title="bbox 198 1709 1789 1784; baseline -0.003 -16"><span class='ocrx_word' id='word_1_98' title='bbox 198 1714 387 1784; x_wconf 88' lang='lat' dir='ltr'><strong>gestis,</strong></span> <span class='ocrx_word' id='word_1_99' title='bbox 418 1713 772 1783; x_wconf 81' lang='lat' dir='ltr'><strong>Pontigonem</strong></span> <span class='ocrx_word' id='word_1_100' title='bbox 801 1714 1062 1783; x_wconf 86' lang='lat' dir='ltr'><strong>palatium</strong></span> <span class='ocrx_word' id='word_1_101' title='bbox 1093 1713 1234 1768; x_wconf 88' lang='lat' dir='ltr'><strong>redit</strong></span> <span class='ocrx_word' id='word_1_102' title='bbox 1260 1753 1276 1777; x_wconf 93' lang='lat'><strong>,</strong></span> <span class='ocrx_word' id='word_1_103' title='bbox 1326 1713 1506 1781; x_wconf 89' lang='lat' dir='ltr'><strong>ibique</strong></span> <span class='ocrx_word' id='word_1_104' title='bbox 1553 1709 1789 1764; x_wconf 85' lang='lat' dir='ltr'><strong>missati-</strong></span> 
     </span>
    </p>
   </div>
   <div class='ocr_carea' id='block_1_18' title="bbox 196 1800 1785 1874">
    <p class='ocr_par' dir='ltr' id='par_1_18' title="bbox 196 1800 1785 1874">
     <span class='ocr_line' id='line_1_18' title="bbox 196 1800 1785 1874; baseline -0.003 -16"><span class='ocrx_word' id='word_1_105' title='bbox 196 1819 321 1858; x_wconf 89' lang='lat' dir='ltr'><strong>cum</strong></span> <span class='ocrx_word' id='word_1_106' title='bbox 351 1819 418 1858; x_wconf 85' lang='lat' dir='ltr'><strong>ex</strong></span> <span class='ocrx_word' id='word_1_107' title='bbox 443 1813 598 1874; x_wconf 88' lang='lat' dir='ltr'><strong>parte</strong></span> <span class='ocrx_word' id='word_1_108' title='bbox 631 1804 928 1859; x_wconf 81' lang='lat' dir='ltr'><strong>llludowici</strong></span> <span class='ocrx_word' id='word_1_109' title='bbox 958 1804 1146 1857; x_wconf 82' lang='lat' dir='ltr'><strong>fratris</strong></span> <span class='ocrx_word' id='word_1_110' title='bbox 1173 1804 1280 1866; x_wconf 88' lang='lat' dir='ltr'><strong>sui,</strong></span> <span class='ocrx_word' id='word_1_111' title='bbox 1318 1811 1373 1856; x_wconf 91' lang='lat' dir='ltr'><strong>et</strong></span> <span class='ocrx_word' id='word_1_112' title='bbox 1416 1800 1658 1856; x_wconf 87' lang='lat' dir='ltr'><strong>Lotharii</strong></span> <span class='ocrx_word' id='word_1_113' title='bbox 1687 1815 1785 1854; x_wconf 86' lang='lat' dir='ltr'><strong>nc-</strong></span> 
     </span>
    </p>
   </div>
   <div class='ocr_carea' id='block_1_19' title="bbox 197 1869 1861 1965">
    <p class='ocr_par' dir='ltr' id='par_1_19' title="bbox 197 1869 1861 1965">
     <span class='ocr_line' id='line_1_19' title="bbox 197 1869 1861 1965; baseline -0.003 -17"><span class='ocrx_word' id='word_1_114' title='bbox 197 1895 341 1965; x_wconf 78' lang='lat' dir='ltr'><strong>potis</strong></span> <span class='ocrx_word' id='word_1_115' title='bbox 362 1869 464 1955; x_wconf 71' lang='lat' dir='ltr'><strong>sui,</strong></span> <span class='ocrx_word' id='word_1_116' title='bbox 489 1895 558 1948; x_wconf 90' lang='lat' dir='ltr'><strong>ab</strong></span> <span class='ocrx_word' id='word_1_117' title='bbox 577 1896 860 1958; x_wconf 79' lang='lat' dir='ltr'><strong>Adventio,</strong></span> <span class='ocrx_word' id='word_1_118' title='bbox 887 1895 1228 1949; x_wconf 84' lang='lat' dir='ltr'><strong>Mettensium</strong></span> <span class='ocrx_word' id='word_1_119' title='bbox 1252 1894 1486 1948; x_wconf 82' lang='lat' dir='ltr'><strong>civitatis</strong></span> <span class='ocrx_word' id='word_1_120' title='bbox 1507 1893 1780 1962; x_wconf 85' lang='lat' dir='ltr'><strong>episcopo,</strong></span> <span class='ocrx_word' id='word_1_121' title='bbox 1816 1869 1861 1928; x_wconf 73' lang='grc' dir='ltr'>Β</span> 
     </span>
    </p>
   </div>
   <div class='ocr_carea' id='block_1_20' title="bbox 197 1984 1784 2055">
    <p class='ocr_par' dir='ltr' id='par_1_20' title="bbox 197 1984 1784 2055">
     <span class='ocr_line' id='line_1_20' title="bbox 197 1984 1784 2055; baseline -0.001 -15"><span class='ocrx_word' id='word_1_122' title='bbox 197 1995 252 2041; x_wconf 91' lang='lat' dir='ltr'><strong>et</strong></span> <span class='ocrx_word' id='word_1_123' title='bbox 277 1986 549 2041; x_wconf 89' lang='lat' dir='ltr'><strong>Leutardo</strong></span> <span class='ocrx_word' id='word_1_124' title='bbox 573 1987 774 2041; x_wconf 87' lang='lat' dir='ltr'><strong>comite</strong></span> <span class='ocrx_word' id='word_1_125' title='bbox 803 1985 1039 2040; x_wconf 85' lang='lat' dir='ltr'><strong>delatum</strong></span> <span class='ocrx_word' id='word_1_126' title='bbox 1072 1986 1240 2049; x_wconf 85' lang='lat' dir='ltr'><strong>audit,</strong></span> <span class='ocrx_word' id='word_1_127' title='bbox 1287 2000 1488 2055; x_wconf 87' lang='lat' dir='ltr'><strong>eosque</strong></span> <span class='ocrx_word' id='word_1_128' title='bbox 1533 1984 1784 2046; x_wconf 84' lang='lat' dir='ltr'><strong>absolvit,</strong></span> 
     </span>
    </p>
   </div>
   <div class='ocr_carea' id='block_1_21' title="bbox 197 2073 1782 2139">
    <p class='ocr_par' dir='ltr' id='par_1_21' title="bbox 197 2073 1782 2139">
     <span class='ocr_line' id='line_1_21' title="bbox 197 2073 1782 2139; baseline -0.001 -12"><span class='ocrx_word' id='word_1_129' title='bbox 197 2083 258 2127; x_wconf 89' lang='lat' dir='ltr'><strong>et</strong></span> <span class='ocrx_word' id='word_1_130' title='bbox 285 2074 428 2127; x_wconf 88' lang='lat' dir='ltr'><strong>diem</strong></span> <span class='ocrx_word' id='word_1_131' title='bbox 459 2074 654 2130; x_wconf 81' lang='lat' dir='ltr'><strong>natalis</strong></span> <span class='ocrx_word' id='word_1_132' title='bbox 680 2074 965 2128; x_wconf 71' lang='lat' dir='ltr'><strong>dominica:</strong></span> <span class='ocrx_word' id='word_1_133' title='bbox 994 2073 1216 2139; x_wconf 80' lang='lat' dir='ltr'><strong>festive,</strong></span> <span class='ocrx_word' id='word_1_134' title='bbox 1245 2083 1306 2128; x_wconf 86' lang='lat' dir='ltr'><strong>ut</strong></span> <span class='ocrx_word' id='word_1_135' title='bbox 1333 2073 1500 2128; x_wconf 88' lang='lat' dir='ltr'><strong>moris</strong></span> <span class='ocrx_word' id='word_1_136' title='bbox 1527 2082 1648 2137; x_wconf 90' lang='lat' dir='ltr'><strong>est,</strong></span> <span class='ocrx_word' id='word_1_137' title='bbox 1690 2087 1782 2127; x_wconf 57' lang='lat' dir='ltr'><strong>ce-</strong></span> 
     </span>
    </p>
   </div>
   <div class='ocr_carea' id='block_1_22' title="bbox 201 2163 394 2216">
    <p class='ocr_par' dir='ltr' id='par_1_22' title="bbox 201 2163 394 2216">
     <span class='ocr_line' id='line_1_22' title="bbox 201 2163 394 2216; baseline 0.01 -2"><span class='ocrx_word' id='word_1_138' title='bbox 201 2163 394 2216; x_wconf 89' lang='lat' dir='ltr'><strong>lebrat.</strong></span> 
     </span>
    </p>
   </div>
   <div class='ocr_carea' id='block_1_23' title="bbox 829 2232 1162 2290">
    <p class='ocr_par' dir='ltr' id='par_1_23' title="bbox 829 2232 1162 2290">
     <span class='ocr_line' id='line_1_23' title="bbox 829 2232 1162 2290; baseline 0.003 -4"><span class='ocrx_word' id='word_1_139' title='bbox 829 2232 1162 2290; x_wconf 76' lang='lat' dir='ltr'><strong>DCCCLXII.</strong></span> 
     </span>
    </p>
   </div>
   <div class='ocr_carea' id='block_1_24' title="bbox 272 2340 1781 2411">
    <p class='ocr_par' dir='ltr' id='par_1_24' title="bbox 272 2340 1781 2411">
     <span class='ocr_line' id='line_1_24' title="bbox 272 2340 1781 2411; baseline 0.001 -17"><span class='ocrx_word' id='word_1_140' title='bbox 272 2340 502 2396; x_wconf 79' lang='lat' dir='ltr'><strong>Karolus</strong></span> <span class='ocrx_word' id='word_1_141' title='bbox 531 2356 628 2411; x_wconf 90' lang='lat' dir='ltr'><strong>per</strong></span> <span class='ocrx_word' id='word_1_142' title='bbox 663 2341 850 2397; x_wconf 81' lang='lat' dir='ltr'><strong>Remis</strong></span> <span class='ocrx_word' id='word_1_143' title='bbox 879 2344 900 2374; x_wconf 81' lang='grc'>³</span> <span class='ocrx_word' id='word_1_144' title='bbox 946 2342 1222 2397; x_wconf 88' lang='lat' dir='ltr'><strong>civitatem</strong></span> <span class='ocrx_word' id='word_1_145' title='bbox 1267 2342 1574 2397; x_wconf 83' lang='lat' dir='ltr'><strong>Suessionis</strong></span> <span class='ocrx_word' id='word_1_146' title='bbox 1613 2342 1781 2407; x_wconf 90' lang='lat' dir='ltr'><strong>venit,</strong></span> 
     </span>
    </p>
   </div>
   <div class='ocr_carea' id='block_1_25' title="bbox 197 2431 1784 2502">
    <p class='ocr_par' dir='ltr' id='par_1_25' title="bbox 197 2431 1784 2502">
     <span class='ocr_line' id='line_1_25' title="bbox 197 2431 1784 2502; baseline 0 -16"><span class='ocrx_word' id='word_1_147' title='bbox 197 2432 290 2486; x_wconf 84' lang='lat' dir='ltr'><strong>ubi</strong></span> <span class='ocrx_word' id='word_1_148' title='bbox 325 2447 428 2485; x_wconf 88' lang='lat' dir='ltr'><strong>non</strong></span> <span class='ocrx_word' id='word_1_149' title='bbox 461 2433 669 2487; x_wconf 78' lang='lat' dir='ltr'><strong>incerto</strong></span> <span class='ocrx_word' id='word_1_150' title='bbox 697 2433 900 2488; x_wconf 83' lang='lat' dir='ltr'><strong>mmeio</strong></span> <span class='ocrx_word' id='word_1_151' title='bbox 926 2433 1211 2502; x_wconf 81' lang='lat' dir='ltr'><strong>comperit,</strong></span> <span class='ocrx_word' id='word_1_152' title='bbox 1238 2434 1370 2502; x_wconf 84' lang='lat' dir='ltr'><strong>quia</strong></span> <span class='ocrx_word' id='word_1_153' title='bbox 1406 2433 1515 2487; x_wconf 86' lang='lat' dir='ltr'><strong>filia</strong></span> <span class='ocrx_word' id='word_1_154' title='bbox 1543 2431 1660 2501; x_wconf 84' lang='lat' dir='ltr'><strong>ejus</strong></span> <span class='ocrx_word' id='word_1_155' title='bbox 1688 2432 1784 2488; x_wconf 78' lang='lat' dir='ltr'><strong>Ju-</strong></span> 
     </span>
    </p>
   </div>
   <div class='ocr_carea' id='block_1_26' title="bbox 193 2522 1784 2593">
    <p class='ocr_par' dir='ltr' id='par_1_26' title="bbox 193 2522 1784 2593">
     <span class='ocr_line' id='line_1_26' title="bbox 193 2522 1784 2593; baseline -0.001 -16"><span class='ocrx_word' id='word_1_156' title='bbox 193 2522 335 2586; x_wconf 87' lang='lat' dir='ltr'><strong>dith,</strong></span> <span class='ocrx_word' id='word_1_157' title='bbox 368 2523 554 2577; x_wconf 88' lang='lat' dir='ltr'><strong>relicta</strong></span> <span class='ocrx_word' id='word_1_158' title='bbox 583 2522 794 2577; x_wconf 76' lang='lat' dir='ltr'><strong>scilicet</strong></span> <span class='ocrx_word' id='word_1_159' title='bbox 817 2522 1093 2578; x_wconf 80' lang='lat' dir='ltr'><strong>Edelboldi</strong></span> <span class='ocrx_word' id='word_1_160' title='bbox 1125 2523 1265 2592; x_wconf 81' lang='lat' dir='ltr'><strong>regis</strong></span> <span class='ocrx_word' id='word_1_161' title='bbox 1296 2522 1619 2593; x_wconf 79' lang='lat' dir='ltr'><strong>Anglorum,</strong></span> <span class='ocrx_word' id='word_1_162' title='bbox 1663 2537 1784 2592; x_wconf 71' lang='lat' dir='ltr'><strong>quae</strong></span> 
     </span>
    </p>
   </div>
   <div class='ocr_carea' id='block_1_27' title="bbox 195 2615 1782 2686">
    <p class='ocr_par' dir='ltr' id='par_1_27' title="bbox 195 2615 1782 2686">
     <span class='ocr_line' id='line_1_27' title="bbox 195 2615 1782 2686; baseline 0.003 -20"><span class='ocrx_word' id='word_1_163' title='bbox 195 2615 630 2684; x_wconf 80' lang='lat' dir='ltr'><strong>possessionibus</strong></span> <span class='ocrx_word' id='word_1_164' title='bbox 654 2616 887 2670; x_wconf 87' lang='lat' dir='ltr'><strong>venditis</strong></span> <span class='ocrx_word' id='word_1_165' title='bbox 918 2630 1053 2684; x_wconf 88' lang='lat' dir='ltr'><strong>quas</strong></span> <span class='ocrx_word' id='word_1_166' title='bbox 1080 2617 1134 2670; x_wconf 89' lang='lat' dir='ltr'><strong>in</strong></span> <span class='ocrx_word' id='word_1_167' title='bbox 1166 2617 1460 2685; x_wconf 73' lang='lat' dir='ltr'><strong>Anglorum</strong></span> <span class='ocrx_word' id='word_1_168' title='bbox 1497 2631 1663 2686; x_wconf 90' lang='lat' dir='ltr'><strong>regno</strong></span> <span class='ocrx_word' id='word_1_169' title='bbox 1688 2618 1782 2671; x_wconf 91' lang='lat' dir='ltr'><strong>ob-</strong></span> 
     </span>
    </p>
   </div>
   <div class='ocr_carea' id='block_1_28' title="bbox 197 2705 1784 2775">
    <p class='ocr_par' dir='ltr' id='par_1_28' title="bbox 197 2705 1784 2775">
     <span class='ocr_line' id='line_1_28' title="bbox 197 2705 1784 2775; baseline 0.001 -16"><span class='ocrx_word' id='word_1_170' title='bbox 197 2705 456 2767; x_wconf 77' lang='lat' dir='ltr'><strong>tinuerat,</strong></span> <span class='ocrx_word' id='word_1_171' title='bbox 485 2706 552 2757; x_wconf 89' lang='lat' dir='ltr'><strong>ad</strong></span> <span class='ocrx_word' id='word_1_172' title='bbox 574 2714 784 2775; x_wconf 79' lang='lat' dir='ltr'><strong>patrem</strong></span> <span class='ocrx_word' id='word_1_173' title='bbox 815 2707 999 2770; x_wconf 80' lang='lat' dir='ltr'><strong>rediit,</strong></span> <span class='ocrx_word' id='word_1_174' title='bbox 1023 2714 1080 2761; x_wconf 91' lang='lat' dir='ltr'><strong>et</strong></span> <span class='ocrx_word' id='word_1_175' title='bbox 1105 2705 1159 2759; x_wconf 92' lang='lat' dir='ltr'><strong>in</strong></span> <span class='ocrx_word' id='word_1_176' title='bbox 1195 2705 1518 2761; x_wconf 88' lang='lat' dir='ltr'><strong>Silvanectis</strong></span> <span class='ocrx_word' id='word_1_177' title='bbox 1539 2707 1570 2746; x_wconf 69' lang='grc' dir='ltr'><strong>ι)</strong></span> <span class='ocrx_word' id='word_1_178' title='bbox 1593 2707 1784 2760; x_wconf 86' lang='lat' dir='ltr'><strong>civita-</strong></span> 
     </span>
    </p>
   </div>
   <div class='ocr_carea' id='block_1_29' title="bbox 195 2794 1784 2866">
    <p class='ocr_par' dir='ltr' id='par_1_29' title="bbox 195 2794 1784 2866">
     <span class='ocr_line' id='line_1_29' title="bbox 195 2794 1784 2866; baseline 0.001 -17"><span class='ocrx_word' id='word_1_179' title='bbox 195 2803 307 2849; x_wconf 84' lang='lat' dir='ltr'><strong>tem</strong></span> <span class='ocrx_word' id='word_1_180' title='bbox 337 2796 519 2850; x_wconf 85' lang='lat' dir='ltr'><strong>debito</strong></span> <span class='ocrx_word' id='word_1_181' title='bbox 544 2796 744 2865; x_wconf 63' lang='lat' dir='ltr'><strong>reginae</strong></span> <span class='ocrx_word' id='word_1_182' title='bbox 788 2795 994 2850; x_wconf 88' lang='lat' dir='ltr'><strong>honore</strong></span> <span class='ocrx_word' id='word_1_183' title='bbox 1041 2795 1146 2849; x_wconf 86' lang='lat' dir='ltr'><strong>sub</strong></span> <span class='ocrx_word' id='word_1_184' title='bbox 1191 2794 1418 2849; x_wconf 86' lang='lat' dir='ltr'><strong>tuitione</strong></span> <span class='ocrx_word' id='word_1_185' title='bbox 1461 2804 1683 2866; x_wconf 87' lang='lat' dir='ltr'><strong>paterna</strong></span> <span class='ocrx_word' id='word_1_186' title='bbox 1731 2805 1784 2850; x_wconf 87' lang='lat' dir='ltr'><strong>et</strong></span> 
     </span>
    </p>
   </div>
   <div class='ocr_carea' id='block_1_30' title="bbox 195 2886 1778 2956">
    <p class='ocr_par' dir='ltr' id='par_1_30' title="bbox 195 2886 1778 2956">
     <span class='ocr_line' id='line_1_30' title="bbox 195 2886 1778 2956; baseline 0.001 -18"><span class='ocrx_word' id='word_1_187' title='bbox 195 2886 344 2955; x_wconf 85' lang='lat' dir='ltr'><strong>regia</strong></span> <span class='ocrx_word' id='word_1_188' title='bbox 382 2893 547 2955; x_wconf 89' lang='lat' dir='ltr'><strong>atque</strong></span> <span class='ocrx_word' id='word_1_189' title='bbox 585 2886 875 2956; x_wconf 85' lang='lat' dir='ltr'><strong>episcopali</strong></span> <span class='ocrx_word' id='word_1_190' title='bbox 911 2887 1155 2941; x_wconf 83' lang='lat' dir='ltr'><strong>custodia</strong></span> <span class='ocrx_word' id='word_1_191' title='bbox 1205 2888 1540 2951; x_wconf 85' lang='lat' dir='ltr'><strong>servabatur,</strong></span> <span class='ocrx_word' id='word_1_192' title='bbox 1589 2889 1778 2951; x_wconf 81' lang='lat' dir='ltr'><strong>donec,</strong></span> 
     </span>
    </p>
   </div>
   <div class='ocr_carea' id='block_1_31' title="bbox 189 2973 1778 3045">
    <p class='ocr_par' dir='ltr' id='par_1_31' title="bbox 189 2973 1778 3045">
     <span class='ocr_line' id='line_1_31' title="bbox 189 2973 1778 3045; baseline -0.001 -14"><span class='ocrx_word' id='word_1_193' title='bbox 189 2973 245 3031; x_wconf 72' lang='lat' dir='ltr'><strong>ei</strong></span> <span class='ocrx_word' id='word_1_194' title='bbox 284 2988 346 3030; x_wconf 77' lang='lat' dir='ltr'><strong>se</strong></span> <span class='ocrx_word' id='word_1_195' title='bbox 381 2977 661 3030; x_wconf 86' lang='lat' dir='ltr'><strong>continere</strong></span> <span class='ocrx_word' id='word_1_196' title='bbox 708 2991 814 3030; x_wconf 90' lang='lat' dir='ltr'><strong>non</strong></span> <span class='ocrx_word' id='word_1_197' title='bbox 859 2985 1065 3044; x_wconf 84' lang='lat' dir='ltr'><strong>posset,</strong></span> <span class='ocrx_word' id='word_1_198' title='bbox 1111 2977 1404 3032; x_wconf 86' lang='lat' dir='ltr'><strong>secundum</strong></span> <span class='ocrx_word' id='word_1_199' title='bbox 1459 2977 1778 3045; x_wconf 82' lang='lat' dir='ltr'><strong>apostolum,</strong></span> 
     </span>
    </p>
   </div>
   <div class='ocr_carea' id='block_1_32' title="bbox 189 3065 1782 3136">
    <p class='ocr_par' dir='ltr' id='par_1_32' title="bbox 189 3065 1782 3136">
     <span class='ocr_line' id='line_1_32' title="bbox 189 3065 1782 3136; baseline 0 -16"><span class='ocrx_word' id='word_1_200' title='bbox 189 3065 406 3120; x_wconf 73' lang='lat' dir='ltr'><strong>scilicet</strong></span> <span class='ocrx_word' id='word_1_201' title='bbox 453 3075 824 3136; x_wconf 88' lang='lat' dir='ltr'><strong>competenter</strong></span> <span class='ocrx_word' id='word_1_202' title='bbox 864 3082 928 3121; x_wconf 91' lang='lat' dir='ltr'><strong>ac</strong></span> <span class='ocrx_word' id='word_1_203' title='bbox 971 3067 1230 3135; x_wconf 83' lang='lat' dir='ltr'><strong>legaliter,</strong></span> <span class='ocrx_word' id='word_1_204' title='bbox 1273 3067 1521 3130; x_wconf 87' lang='lat' dir='ltr'><strong>nuberet,</strong></span> <span class='ocrx_word' id='word_1_205' title='bbox 1565 3066 1782 3120; x_wconf 83' lang='lat' dir='ltr'><strong>Baldui-</strong></span> 
     </span>
    </p>
   </div>
   <div class='ocr_carea' id='block_1_33' title="bbox 197 3158 1782 3229">
    <p class='ocr_par' dir='ltr' id='par_1_33' title="bbox 197 3158 1782 3229">
     <span class='ocr_line' id='line_1_33' title="bbox 197 3158 1782 3229; baseline 0.001 -18"><span class='ocrx_word' id='word_1_206' title='bbox 197 3173 325 3211; x_wconf 86' lang='lat' dir='ltr'><strong>num</strong></span> <span class='ocrx_word' id='word_1_207' title='bbox 353 3158 605 3212; x_wconf 87' lang='lat' dir='ltr'><strong>comitem</strong></span> <span class='ocrx_word' id='word_1_208' title='bbox 632 3169 657 3198; x_wconf 74' lang='grc' dir='ltr'><strong>ε</strong></span> <span class='ocrx_word' id='word_1_209' title='bbox 691 3159 807 3229; x_wconf 87' lang='lat' dir='ltr'><strong>ipso</strong></span> <span class='ocrx_word' id='word_1_210' title='bbox 831 3158 1190 3218; x_wconf 85' lang='lat' dir='ltr'><strong>lenocinante,</strong></span> <span class='ocrx_word' id='word_1_211' title='bbox 1216 3169 1271 3214; x_wconf 88' lang='lat' dir='ltr'><strong>et</strong></span> <span class='ocrx_word' id='word_1_212' title='bbox 1295 3159 1465 3214; x_wconf 83' lang='lat' dir='ltr'><strong>fratre</strong></span> <span class='ocrx_word' id='word_1_213' title='bbox 1487 3159 1626 3214; x_wconf 72' lang='grc' dir='ltr'><strong>δηθά</strong></span> <span class='ocrx_word' id='word_1_214' title='bbox 1656 3160 1782 3213; x_wconf 89' lang='lat' dir='ltr'><strong>Illu-</strong></span> 
     </span>
    </p>
   </div>
   <div class='ocr_carea' id='block_1_34' title="bbox 195 3248 1776 3310">
    <p class='ocr_par' dir='ltr' id='par_1_34' title="bbox 195 3248 1776 3310">
     <span class='ocr_line' id='line_1_34' title="bbox 195 3248 1776 3310; baseline 0.001 -9"><span class='ocrx_word' id='word_1_215' title='bbox 195 3248 408 3303; x_wconf 86' lang='lat' dir='ltr'><strong>dowico</strong></span> <span class='ocrx_word' id='word_1_216' title='bbox 433 3249 828 3310; x_wconf 69' lang='lat' dir='ltr'><strong>consentiente.</strong></span> <span class='ocrx_word' id='word_1_217' title='bbox 863 3257 1071 3302; x_wconf 89' lang='lat' dir='ltr'><strong>mutato</strong></span> <span class='ocrx_word' id='word_1_218' title='bbox 1100 3249 1285 3303; x_wconf 85' lang='lat' dir='ltr'><strong>habitu</strong></span> <span class='ocrx_word' id='word_1_219' title='bbox 1315 3257 1399 3303; x_wconf 91' lang='lat' dir='ltr'><strong>est</strong></span> <span class='ocrx_word' id='word_1_220' title='bbox 1426 3258 1641 3309; x_wconf 90' lang='lat' dir='ltr'><strong>secuta;</strong></span> <span class='ocrx_word' id='word_1_221' title='bbox 1685 3250 1776 3302; x_wconf 89' lang='lat' dir='ltr'><strong>sed</strong></span> 
     </span>
    </p>
   </div>
   <div class='ocr_carea' id='block_1_35' title="bbox 192 3336 1781 3407">
    <p class='ocr_par' dir='ltr' id='par_1_35' title="bbox 192 3336 1781 3407">
     <span class='ocr_line' id='line_1_35' title="bbox 192 3336 1781 3407; baseline -0.001 -15"><span class='ocrx_word' id='word_1_222' title='bbox 192 3345 248 3392; x_wconf 89' lang='lat' dir='ltr'><strong>et</strong></span> <span class='ocrx_word' id='word_1_223' title='bbox 277 3337 401 3407; x_wconf 84' lang='lat' dir='ltr'><strong>quia</strong></span> <span class='ocrx_word' id='word_1_224' title='bbox 435 3337 801 3400; x_wconf 83' lang='lat' dir='ltr'><strong>Hludowicus,</strong></span> <span class='ocrx_word' id='word_1_225' title='bbox 831 3337 972 3391; x_wconf 83' lang='lat' dir='ltr'><strong>filius</strong></span> <span class='ocrx_word' id='word_1_226' title='bbox 996 3338 1134 3406; x_wconf 86' lang='lat' dir='ltr'><strong>ejus,</strong></span> <span class='ocrx_word' id='word_1_227' title='bbox 1167 3352 1196 3390; x_wconf 88' lang='lat' dir='ltr'><strong>a</strong></span> <span class='ocrx_word' id='word_1_228' title='bbox 1224 3336 1466 3406; x_wconf 67' lang='lat' dir='ltr'><strong>praefatis</strong></span> <span class='ocrx_word' id='word_1_229' title='bbox 1493 3336 1781 3391; x_wconf 80' lang='lat' dir='ltr'><strong>Guutfrido</strong></span> 
     </span>
    </p>
   </div>
   <div class='ocr_carea' id='block_1_36' title="bbox 195 3424 1780 3496">
    <p class='ocr_par' dir='ltr' id='par_1_36' title="bbox 195 3424 1780 3496">
     <span class='ocr_line' id='line_1_36' title="bbox 195 3424 1780 3496; baseline 0.002 -17"><span class='ocrx_word' id='word_1_230' title='bbox 195 3435 255 3479; x_wconf 91' lang='lat' dir='ltr'><strong>ct</strong></span> <span class='ocrx_word' id='word_1_231' title='bbox 284 3424 541 3480; x_wconf 78' lang='lat' dir='ltr'><strong>Gozfrido</strong></span> <span class='ocrx_word' id='word_1_232' title='bbox 561 3425 900 3488; x_wconf 81' lang='lat' dir='ltr'><strong>sollicitatus,</strong></span> <span class='ocrx_word' id='word_1_233' title='bbox 929 3426 1134 3481; x_wconf 87' lang='lat' dir='ltr'><strong>rel-ictis</strong></span> <span class='ocrx_word' id='word_1_234' title='bbox 1157 3426 1405 3481; x_wconf 80' lang='lat' dir='ltr'><strong>ﬁdelibus</strong></span> <span class='ocrx_word' id='word_1_235' title='bbox 1435 3427 1624 3496; x_wconf 84' lang='lat' dir='ltr'><strong>patris,</strong></span> <span class='ocrx_word' id='word_1_236' title='bbox 1656 3443 1780 3482; x_wconf 91' lang='lat' dir='ltr'><strong>cum</strong></span> 
     </span>
    </p>
   </div>
   <div class='ocr_carea' id='block_1_37' title="bbox 193 3515 1782 3587">
    <p class='ocr_par' dir='ltr' id='par_1_37' title="bbox 193 3515 1782 3587">
     <span class='ocr_line' id='line_1_37' title="bbox 193 3515 1782 3587; baseline 0.004 -20"><span class='ocrx_word' id='word_1_237' title='bbox 193 3516 383 3584; x_wconf 70' lang='lat' dir='ltr'><strong>paucis</strong></span> <span class='ocrx_word' id='word_1_238' title='bbox 413 3526 572 3571; x_wconf 82' lang='lat' dir='ltr'><strong>noctu</strong></span> <span class='ocrx_word' id='word_1_239' title='bbox 605 3515 832 3586; x_wconf 87' lang='lat' dir='ltr'><strong>aufugit,</strong></span> <span class='ocrx_word' id='word_1_240' title='bbox 859 3526 915 3571; x_wconf 91' lang='lat' dir='ltr'><strong>et</strong></span> <span class='ocrx_word' id='word_1_241' title='bbox 937 3515 1212 3587; x_wconf 69' lang='lat' dir='ltr'><strong>transfuga</strong></span> <span class='ocrx_word' id='word_1_242' title='bbox 1243 3519 1310 3572; x_wconf 89' lang='lat' dir='ltr'><strong>ad</strong></span> <span class='ocrx_word' id='word_1_243' title='bbox 1339 3533 1398 3573; x_wconf 89' lang='lat' dir='ltr'><strong>se</strong></span> <span class='ocrx_word' id='word_1_244' title='bbox 1427 3519 1782 3574; x_wconf 87' lang='lat' dir='ltr'><strong>sollicitantes</strong></span> 
     </span>
    </p>
   </div>
   <div class='ocr_carea' id='block_1_38' title="bbox 192 3605 1782 3678">
    <p class='ocr_par' dir='ltr' id='par_1_38' title="bbox 192 3605 1782 3678">
     <span class='ocr_line' id='line_1_38' title="bbox 192 3605 1782 3678; baseline 0.004 -20"><span class='ocrx_word' id='word_1_245' title='bbox 192 3605 462 3674; x_wconf 84' lang='lat' dir='ltr'><strong>pervenit.</strong></span> <span class='ocrx_word' id='word_1_246' title='bbox 486 3605 643 3659; x_wconf 86' lang='lat' dir='ltr'><strong>Unde</strong></span> <span class='ocrx_word' id='word_1_247' title='bbox 673 3621 762 3659; x_wconf 78' lang='lat' dir='ltr'><strong>rex</strong></span> <span class='ocrx_word' id='word_1_248' title='bbox 805 3606 1032 3661; x_wconf 82' lang='lat' dir='ltr'><strong>Karolus</strong></span> <span class='ocrx_word' id='word_1_249' title='bbox 1057 3608 1339 3678; x_wconf 87' lang='lat' dir='ltr'><strong>episcopos</strong></span> <span class='ocrx_word' id='word_1_250' title='bbox 1365 3617 1422 3663; x_wconf 90' lang='lat' dir='ltr'><strong>et</strong></span> <span class='ocrx_word' id='word_1_251' title='bbox 1440 3617 1667 3664; x_wconf 70' lang='lat' dir='ltr'><strong>caeteros</strong></span> <span class='ocrx_word' id='word_1_252' title='bbox 1698 3625 1782 3664; x_wconf 85' lang='lat' dir='ltr'><strong>re-</strong></span> 
     </span>
    </p>
   </div>
   <div class='ocr_carea' id='block_1_39' title="bbox 191 3694 1782 3769">
    <p class='ocr_par' dir='ltr' id='par_1_39' title="bbox 191 3694 1782 3769">
     <span class='ocr_line' id='line_1_39' title="bbox 191 3694 1782 3769; baseline 0.006 -24"><span class='ocrx_word' id='word_1_253' title='bbox 191 3695 288 3762; x_wconf 80' lang='lat' dir='ltr'><strong>gni</strong></span> <span class='ocrx_word' id='word_1_254' title='bbox 337 3694 421 3746; x_wconf 88' lang='lat' dir='ltr'><strong>sui</strong></span> <span class='ocrx_word' id='word_1_255' title='bbox 466 3695 731 3762; x_wconf 87' lang='lat' dir='ltr'><strong>primores</strong></span> <span class='ocrx_word' id='word_1_256' title='bbox 775 3695 1096 3758; x_wconf 84' lang='lat' dir='ltr'><strong>consulens,</strong></span> <span class='ocrx_word' id='word_1_257' title='bbox 1141 3704 1264 3766; x_wconf 90' lang='lat' dir='ltr'><strong>post</strong></span> <span class='ocrx_word' id='word_1_258' title='bbox 1311 3700 1598 3753; x_wconf 66' lang='lat' dir='ltr'><strong>mundana:</strong></span> <span class='ocrx_word' id='word_1_259' title='bbox 1648 3699 1782 3769; x_wconf 85' lang='lat' dir='ltr'><strong>legis</strong></span> 
     </span>
    </p>
   </div>
   <div class='ocr_carea' id='block_1_40' title="bbox 187 3784 1784 3853">
    <p class='ocr_par' dir='ltr' id='par_1_40' title="bbox 187 3784 1784 3853">
     <span class='ocr_line' id='line_1_40' title="bbox 187 3784 1784 3853; baseline 0.003 -16"><span class='ocrx_word' id='word_1_260' title='bbox 187 3784 454 3853; x_wconf 85' lang='lat' dir='ltr'><strong>judicium</strong></span> <span class='ocrx_word' id='word_1_261' title='bbox 497 3784 813 3838; x_wconf 83' lang='lat' dir='ltr'><strong>canonicam</strong></span> <span class='ocrx_word' id='word_1_262' title='bbox 842 3784 863 3814; x_wconf 86' lang='grc'><em>³</em></span> <span class='ocrx_word' id='word_1_263' title='bbox 906 3785 960 3837; x_wconf 92' lang='lat' dir='ltr'><strong>in</strong></span> <span class='ocrx_word' id='word_1_264' title='bbox 1001 3786 1321 3853; x_wconf 85' lang='lat' dir='ltr'><strong>jamdictum</strong></span> <span class='ocrx_word' id='word_1_265' title='bbox 1362 3787 1682 3840; x_wconf 91' lang='lat' dir='ltr'><strong>Balduinum</strong></span> <span class='ocrx_word' id='word_1_266' title='bbox 1728 3796 1784 3842; x_wconf 92' lang='lat' dir='ltr'><strong>et</strong></span> 
     </span>
    </p>
   </div>
   <div class='ocr_carea' id='block_1_41' title="bbox 191 3874 1781 3945">
    <p class='ocr_par' dir='ltr' id='par_1_41' title="bbox 191 3874 1781 3945">
     <span class='ocr_line' id='line_1_41' title="bbox 191 3874 1781 3945; baseline 0.002 -18"><span class='ocrx_word' id='word_1_267' title='bbox 191 3874 402 3939; x_wconf 84' lang='lat' dir='ltr'><strong>Judith,</strong></span> <span class='ocrx_word' id='word_1_268' title='bbox 429 3889 549 3944; x_wconf 70' lang='lat' dir='ltr'><strong>quas</strong></span> <span class='ocrx_word' id='word_1_269' title='bbox 568 3889 691 3929; x_wconf 92' lang='lat' dir='ltr'><strong>cum</strong></span> <span class='ocrx_word' id='word_1_270' title='bbox 721 3874 838 3929; x_wconf 90' lang='lat' dir='ltr'><strong>fure</strong></span> <span class='ocrx_word' id='word_1_271' title='bbox 866 3876 1112 3929; x_wconf 86' lang='lat' dir='ltr'><strong>cucurrit</strong></span> <span class='ocrx_word' id='word_1_272' title='bbox 1132 3883 1189 3929; x_wconf 90' lang='lat' dir='ltr'><strong>et</strong></span> <span class='ocrx_word' id='word_1_273' title='bbox 1219 3875 1449 3930; x_wconf 85' lang='lat' dir='ltr'><strong>adulteri</strong></span> <span class='ocrx_word' id='word_1_274' title='bbox 1477 3877 1781 3945; x_wconf 84' lang='lat' dir='ltr'><strong>portionem</strong></span> 
     </span>
    </p>
   </div>
   <div class='ocr_carea' id='block_1_42' title="bbox 194 3962 1781 4034">
    <p class='ocr_par' dir='ltr' id='par_1_42' title="bbox 194 3962 1781 4034">
     <span class='ocr_line' id='line_1_42' title="bbox 194 3962 1781 4034; baseline -0.002 -13"><span class='ocrx_word' id='word_1_275' title='bbox 194 3980 259 4022; x_wconf 88' lang='lat' dir='ltr'><strong>se</strong></span> <span class='ocrx_word' id='word_1_276' title='bbox 291 3963 436 4028; x_wconf 88' lang='lat' dir='ltr'><strong>fecit,</strong></span> <span class='ocrx_word' id='word_1_277' title='bbox 469 3965 766 4018; x_wconf 91' lang='lat' dir='ltr'><strong>secundum</strong></span> <span class='ocrx_word' id='word_1_278' title='bbox 797 3962 974 4017; x_wconf 89' lang='lat' dir='ltr'><strong>edicta</strong></span> <span class='ocrx_word' id='word_1_279' title='bbox 1006 3963 1149 4018; x_wconf 90' lang='lat' dir='ltr'><strong>beati</strong></span> <span class='ocrx_word' id='word_1_280' title='bbox 1175 3963 1420 4034; x_wconf 72' lang='lat' dir='ltr'><strong>Gregorii</strong></span> <span class='ocrx_word' id='word_1_281' title='bbox 1456 3982 1474 4014; x_wconf 85' lang='grc'><em>‹</em></span> <span class='ocrx_word' id='word_1_282' title='bbox 1503 3973 1564 4018; x_wconf 92' lang='lat' dir='ltr'><strong>ut</strong></span> <span class='ocrx_word' id='word_1_283' title='bbox 1587 3965 1633 4018; x_wconf 90' lang='lat' dir='ltr'><strong>si</strong></span> <span class='ocrx_word' id='word_1_284' title='bbox 1660 3966 1781 4033; x_wconf 90' lang='lat' dir='ltr'><strong>quis</strong></span> 
     </span>
    </p>
   </div>
   <div class='ocr_carea' id='block_1_43' title="bbox 195 4054 1783 4120">
    <p class='ocr_par' dir='ltr' id='par_1_43' title="bbox 195 4054 1783 4120">
     <span class='ocr_line' id='line_1_43' title="bbox 195 4054 1783 4120; baseline 0.004 -15"><span class='ocrx_word' id='word_1_285' title='bbox 195 4054 415 4109; x_wconf 85' lang='lat' dir='ltr'><strong>viduam</strong></span> <span class='ocrx_word' id='word_1_286' title='bbox 460 4056 513 4108; x_wconf 89' lang='lat' dir='ltr'><strong>in</strong></span> <span class='ocrx_word' id='word_1_287' title='bbox 554 4069 776 4109; x_wconf 80' lang='lat' dir='ltr'><strong>uxorem</strong></span> <span class='ocrx_word' id='word_1_288' title='bbox 813 4054 1022 4110; x_wconf 88' lang='lat' dir='ltr'><strong>furatus</strong></span> <span class='ocrx_word' id='word_1_289' title='bbox 1051 4054 1235 4120; x_wconf 88' lang='lat' dir='ltr'><strong>fuerit,</strong></span> <span class='ocrx_word' id='word_1_290' title='bbox 1284 4063 1340 4110; x_wconf 89' lang='lat' dir='ltr'><strong>et</strong></span> <span class='ocrx_word' id='word_1_291' title='bbox 1382 4057 1783 4112; x_wconf 87' lang='lat' dir='ltr'><strong>consentientes</strong></span> 
     </span>
    </p>
   </div>
   <div class='ocr_carea' id='block_1_44' title="bbox 191 4143 1783 4216">
    <p class='ocr_par' dir='ltr' id='par_1_44' title="bbox 191 4143 1783 4216">
     <span class='ocr_line' id='line_1_44' title="bbox 191 4143 1783 4216; baseline 0.002 -17"><span class='ocrx_word' id='word_1_292' title='bbox 191 4145 270 4209; x_wconf 89' lang='lat' dir='ltr'><strong>ei,</strong></span> <span class='ocrx_word' id='word_1_293' title='bbox 300 4143 586 4198; x_wconf 88' lang='lat' dir='ltr'><strong>anathema</strong></span> <span class='ocrx_word' id='word_1_294' title='bbox 614 4145 743 4209; x_wconf 91' lang='lat' dir='ltr'><strong>sint,</strong></span> <span class='ocrx_word' id='word_1_295' title='bbox 775 4163 793 4197; x_wconf 74' lang='grc' dir='ltr'><strong><em>ι</em></strong></span> <span class='ocrx_word' id='word_1_296' title='bbox 827 4146 1070 4215; x_wconf 89' lang='lat' dir='ltr'><strong>depromi</strong></span> <span class='ocrx_word' id='word_1_297' title='bbox 1111 4147 1434 4201; x_wconf 89' lang='lat' dir='ltr'><strong>sententiam</strong></span> <span class='ocrx_word' id='word_1_298' title='bbox 1477 4148 1546 4201; x_wconf 88' lang='lat' dir='ltr'><strong>ab</strong></span> <span class='ocrx_word' id='word_1_299' title='bbox 1575 4148 1783 4216; x_wconf 87' lang='lat' dir='ltr'><strong>episco-</strong></span> 
     </span>
    </p>
   </div>
   <div class='ocr_carea' id='block_1_45' title="bbox 169 4233 1781 4306">
    <p class='ocr_par' dir='ltr' id='par_1_45' title="bbox 169 4233 1781 4306">
     <span class='ocr_line' id='line_1_45' title="bbox 169 4233 1781 4306; baseline 0.003 -20"><span class='ocrx_word' id='word_1_300' title='bbox 169 4233 283 4303; x_wconf 83' lang='lat' dir='ltr'><strong>pis</strong></span> <span class='ocrx_word' id='word_1_301' title='bbox 311 4233 485 4302; x_wconf 87' lang='lat' dir='ltr'><strong>petiit.</strong></span> <span class='ocrx_word' id='word_1_302' title='bbox 520 4234 805 4287; x_wconf 82' lang='lat' dir='ltr'><strong>Abbatiam</strong></span> <span class='ocrx_word' id='word_1_303' title='bbox 837 4248 1054 4304; x_wconf 88' lang='lat' dir='ltr'><strong>quoque</strong></span> <span class='ocrx_word' id='word_1_304' title='bbox 1097 4237 1272 4290; x_wconf 90' lang='lat' dir='ltr'><strong>sancti</strong></span> <span class='ocrx_word' id='word_1_305' title='bbox 1323 4235 1570 4300; x_wconf 84' lang='lat' dir='ltr'><strong>Martini,</strong></span> <span class='ocrx_word' id='word_1_306' title='bbox 1617 4252 1781 4306; x_wconf 86' lang='lat' dir='ltr'><strong>quam</strong></span> 
     </span>
    </p>
   </div>
   <div class='ocr_carea' id='block_1_46' title="bbox 194 4321 1778 4394">
    <p class='ocr_par' dir='ltr' id='par_1_46' title="bbox 194 4321 1778 4394">
     <span class='ocr_line' id='line_1_46' title="bbox 194 4321 1778 4394; baseline 0.001 -15"><span class='ocrx_word' id='word_1_307' title='bbox 194 4321 502 4379; x_wconf 81' lang='lat' dir='ltr'><strong>inconsulte</strong></span> <span class='ocrx_word' id='word_1_308' title='bbox 527 4325 842 4394; x_wconf 75' lang='lat' dir='ltr'><strong>praescripto</strong></span> <span class='ocrx_word' id='word_1_309' title='bbox 867 4324 978 4380; x_wconf 85' lang='lat' dir='ltr'><strong>filio</strong></span> <span class='ocrx_word' id='word_1_310' title='bbox 1006 4340 1106 4381; x_wconf 90' lang='lat' dir='ltr'><strong>suo</strong></span> <span class='ocrx_word' id='word_1_311' title='bbox 1132 4325 1443 4380; x_wconf 86' lang='lat' dir='ltr'><strong>llludowico</strong></span> <span class='ocrx_word' id='word_1_312' title='bbox 1465 4327 1778 4393; x_wconf 83' lang='lat' dir='ltr'><strong>donaverat,</strong></span> 
     </span>
    </p>
   </div>
   <div class='ocr_carea' id='block_1_47' title="bbox 193 4412 1778 4485">
    <p class='ocr_par' dir='ltr' id='par_1_47' title="bbox 193 4412 1778 4485">
     <span class='ocr_line' id='line_1_47' title="bbox 193 4412 1778 4485; baseline 0.004 -18"><span class='ocrx_word' id='word_1_313' title='bbox 193 4429 304 4468; x_wconf 81' lang='lat' dir='ltr'><strong>non</strong></span> <span class='ocrx_word' id='word_1_314' title='bbox 337 4412 469 4468; x_wconf 89' lang='lat' dir='ltr'><strong>satis</strong></span> <span class='ocrx_word' id='word_1_315' title='bbox 496 4413 738 4468; x_wconf 88' lang='lat' dir='ltr'><strong>consulte</strong></span> <span class='ocrx_word' id='word_1_316' title='bbox 769 4413 1064 4480; x_wconf 89' lang='lat' dir='ltr'><strong>Hucberto,</strong></span> <span class='ocrx_word' id='word_1_317' title='bbox 1109 4414 1308 4470; x_wconf 89' lang='lat' dir='ltr'><strong>clerico</strong></span> <span class='ocrx_word' id='word_1_318' title='bbox 1333 4414 1638 4485; x_wconf 76' lang='lat' dir='ltr'><strong>conjugato,</strong></span> <span class='ocrx_word' id='word_1_319' title='bbox 1678 4418 1778 4473; x_wconf 88' lang='lat' dir='ltr'><strong>do-</strong></span> 
     </span>
    </p>
   </div>
   <div class='ocr_carea' id='block_1_48' title="bbox 196 4493 1777 4576">
    <p class='ocr_par' dir='ltr' id='par_1_48' title="bbox 196 4493 1777 4576">
     <span class='ocr_line' id='line_1_48' title="bbox 196 4493 1777 4576; baseline 0.003 -19"><span class='ocrx_word' id='word_1_320' title='bbox 196 4504 366 4557; x_wconf 85' lang='lat' dir='ltr'><strong>navit.</strong></span> <span class='ocrx_word' id='word_1_321' title='bbox 397 4503 632 4573; x_wconf 89' lang='lat' dir='ltr'><strong>lndeque</strong></span> <span class='ocrx_word' id='word_1_322' title='bbox 653 4503 1021 4561; x_wconf 86' lang='lat' dir='ltr'><strong>Silvanectum</strong></span> <span class='ocrx_word' id='word_1_323' title='bbox 1049 4507 1308 4576; x_wconf 77' lang='lat' dir='ltr'><strong>perrexit,</strong></span> <span class='ocrx_word' id='word_1_324' title='bbox 1328 4493 1572 4562; x_wconf 43' lang='lat' dir='ltr'><strong>ubi&#39;dum</strong></span> <span class='ocrx_word' id='word_1_325' title='bbox 1600 4521 1777 4562; x_wconf 90' lang='lat' dir='ltr'><strong>mora-</strong></span> 
     </span>
    </p>
   </div>
   <div class='ocr_carea' id='block_1_49' title="bbox 195 4597 1772 4666">
    <p class='ocr_par' dir='ltr' id='par_1_49' title="bbox 195 4597 1772 4666">
     <span class='ocr_line' id='line_1_49' title="bbox 195 4597 1772 4666; baseline 0.004 -20"><span class='ocrx_word' id='word_1_326' title='bbox 195 4601 371 4658; x_wconf 84' lang='lat' dir='ltr'><strong>retur,</strong></span> <span class='ocrx_word' id='word_1_327' title='bbox 415 4604 736 4664; x_wconf 80' lang='lat' dir='ltr'><strong>exspectans</strong></span> <span class='ocrx_word' id='word_1_328' title='bbox 781 4604 841 4650; x_wconf 92' lang='lat' dir='ltr'><strong>ut</strong></span> <span class='ocrx_word' id='word_1_329' title='bbox 883 4597 951 4652; x_wconf 90' lang='lat' dir='ltr'><strong>ad</strong></span> <span class='ocrx_word' id='word_1_330' title='bbox 997 4611 1118 4652; x_wconf 90' lang='lat' dir='ltr'><strong>eum</strong></span> <span class='ocrx_word' id='word_1_331' title='bbox 1167 4598 1393 4666; x_wconf 90' lang='lat' dir='ltr'><strong>populus</strong></span> <span class='ocrx_word' id='word_1_332' title='bbox 1431 4599 1772 4665; x_wconf 89' lang='lat' dir='ltr'><strong>conveniret,</strong></span> 
     </span>
    </p>
   </div>
   <div class='ocr_carea' id='block_1_50' title="bbox 196 4682 1798 4761">
    <p class='ocr_par' dir='ltr' id='par_1_50' title="bbox 196 4682 1798 4761">
     <span class='ocr_line' id='line_1_50' title="bbox 196 4682 1798 4761; baseline 0.007 -26"><span class='ocrx_word' id='word_1_333' title='bbox 196 4694 464 4752; x_wconf 84' lang='lat' dir='ltr'><strong>quatenus</strong></span> <span class='ocrx_word' id='word_1_334' title='bbox 511 4686 730 4742; x_wconf 89' lang='lat' dir='ltr'><strong>aciebus</strong></span> <span class='ocrx_word' id='word_1_335' title='bbox 777 4687 1052 4756; x_wconf 82' lang='lat' dir='ltr'><strong>dispositis</strong></span> <span class='ocrx_word' id='word_1_336' title='bbox 1092 4704 1160 4744; x_wconf 77' lang='lat' dir='ltr'><strong>ex</strong></span> <span class='ocrx_word' id='word_1_337' title='bbox 1199 4690 1444 4761; x_wconf 86' lang='lat' dir='ltr'><strong>utrisque</strong></span> <span class='ocrx_word' id='word_1_338' title='bbox 1485 4691 1600 4745; x_wconf 89' lang='lat' dir='ltr'><strong>suis</strong></span> <span class='ocrx_word' id='word_1_339' title='bbox 1644 4682 1798 4760; x_wconf 82' lang='lat' dir='ltr'><strong>ripis.</strong></span> 
     </span>
    </p>
   </div>
   <div class='ocr_carea' id='block_1_51' title="bbox 1802 4547 1857 4607">
    <p class='ocr_par' dir='ltr' id='par_1_51' title="bbox 1802 4547 1857 4607">
     <span class='ocr_line' id='line_1_51' title="bbox 1802 4547 1857 4607; baseline 0 0"><span class='ocrx_word' id='word_1_340' title='bbox 1802 4547 1857 4607; x_wconf 89' lang='lat' dir='ltr'><strong><em>D</em></strong></span> 
     </span>
    </p>
   </div>
   <div class='ocr_carea' id='block_1_52' title="bbox 1887 629 3466 700">
    <p class='ocr_par' dir='ltr' id='par_1_52' title="bbox 1887 629 3466 700">
     <span class='ocr_line' id='line_1_52' title="bbox 1887 629 3466 700; baseline 0.001 -17"><span class='ocrx_word' id='word_1_341' title='bbox 1887 629 2304 693; x_wconf 78' lang='lat' dir='ltr'><strong>custodirentur,</strong></span> <span class='ocrx_word' id='word_1_342' title='bbox 2337 647 2406 685; x_wconf 91' lang='lat' dir='ltr'><strong>ne</strong></span> <span class='ocrx_word' id='word_1_343' title='bbox 2427 631 2744 686; x_wconf 81' lang='lat' dir='ltr'><strong>Nortmanni</strong></span> <span class='ocrx_word' id='word_1_344' title='bbox 2766 631 2818 685; x_wconf 92' lang='lat' dir='ltr'><strong>iu</strong></span> <span class='ocrx_word' id='word_1_345' title='bbox 2843 630 3080 700; x_wconf 72' lang='lat' dir='ltr'><strong>praedam</strong></span> <span class='ocrx_word' id='word_1_346' title='bbox 3107 630 3185 685; x_wconf 85' lang='lat' dir='ltr'><strong>ire</strong></span> <span class='ocrx_word' id='word_1_347' title='bbox 3203 629 3466 694; x_wconf 85' lang='lat' dir='ltr'><strong>valerent,</strong></span> 
     </span>
    </p>
   </div>
   <div class='ocr_carea' id='block_1_53' title="bbox 1887 719 3469 790">
    <p class='ocr_par' dir='ltr' id='par_1_53' title="bbox 1887 719 3469 790">
     <span class='ocr_line' id='line_1_53' title="bbox 1887 719 3469 790; baseline 0 -16"><span class='ocrx_word' id='word_1_348' title='bbox 1887 719 2144 774; x_wconf 89' lang='lat' dir='ltr'><strong>nuncium</strong></span> <span class='ocrx_word' id='word_1_349' title='bbox 2174 722 2402 789; x_wconf 83' lang='lat' dir='ltr'><strong>accepit,</strong></span> <span class='ocrx_word' id='word_1_350' title='bbox 2434 722 2558 790; x_wconf 85' lang='lat' dir='ltr'><strong>quia</strong></span> <span class='ocrx_word' id='word_1_351' title='bbox 2589 722 2859 777; x_wconf 85' lang='lat' dir='ltr'><strong>Danorum</strong></span> <span class='ocrx_word' id='word_1_352' title='bbox 2895 720 3052 776; x_wconf 88' lang='lat' dir='ltr'><strong>electi</strong></span> <span class='ocrx_word' id='word_1_353' title='bbox 3082 720 3150 776; x_wconf 90' lang='lat' dir='ltr'><strong>de</strong></span> <span class='ocrx_word' id='word_1_354' title='bbox 3184 721 3382 788; x_wconf 89' lang='lat' dir='ltr'><strong>bisqui</strong></span> <span class='ocrx_word' id='word_1_355' title='bbox 3411 720 3469 774; x_wconf 90' lang='lat' dir='ltr'><strong>in</strong></span> 
     </span>
    </p>
   </div>
   <div class='ocr_carea' id='block_1_54' title="bbox 1886 808 3469 880">
    <p class='ocr_par' dir='ltr' id='par_1_54' title="bbox 1886 808 3469 880">
     <span class='ocr_line' id='line_1_54' title="bbox 1886 808 3469 880; baseline 0.001 -16"><span class='ocrx_word' id='word_1_356' title='bbox 1886 808 2128 864; x_wconf 86' lang='lat' dir='ltr'><strong>Fossatis</strong></span> <span class='ocrx_word' id='word_1_357' title='bbox 2174 810 2508 871; x_wconf 85' lang='lat' dir='ltr'><strong>resederant,</strong></span> <span class='ocrx_word' id='word_1_358' title='bbox 2554 826 2676 865; x_wconf 93' lang='lat' dir='ltr'><strong>cum</strong></span> <span class='ocrx_word' id='word_1_359' title='bbox 2731 810 2910 880; x_wconf 85' lang='lat' dir='ltr'><strong>parvis</strong></span> <span class='ocrx_word' id='word_1_360' title='bbox 2958 810 3186 865; x_wconf 88' lang='lat' dir='ltr'><strong>navibus</strong></span> <span class='ocrx_word' id='word_1_361' title='bbox 3230 808 3469 866; x_wconf 82' lang='lat' dir='ltr'><strong>Melden—</strong></span> 
     </span>
    </p>
   </div>
   <div class='ocr_carea' id='block_1_55' title="bbox 1888 896 3470 971">
    <p class='ocr_par' dir='ltr' id='par_1_55' title="bbox 1888 896 3470 971">
     <span class='ocr_line' id='line_1_55' title="bbox 1888 896 3470 971; baseline 0 -18"><span class='ocrx_word' id='word_1_362' title='bbox 1888 899 2028 954; x_wconf 90' lang='lat' dir='ltr'><strong>sium</strong></span> <span class='ocrx_word' id='word_1_363' title='bbox 2056 896 2077 936; x_wconf 67' lang='grc' dir='ltr'>ί</span> <span class='ocrx_word' id='word_1_364' title='bbox 2112 898 2382 953; x_wconf 87' lang='lat' dir='ltr'><strong>civitatem</strong></span> <span class='ocrx_word' id='word_1_365' title='bbox 2414 902 2646 955; x_wconf 87' lang='lat' dir='ltr'><strong>adirent.</strong></span> <span class='ocrx_word' id='word_1_366' title='bbox 2673 903 2790 970; x_wconf 89' lang='lat' dir='ltr'><strong>Ipse</strong></span> <span class='ocrx_word' id='word_1_367' title='bbox 2836 911 3015 956; x_wconf 88' lang='lat' dir='ltr'><strong>autem</strong></span> <span class='ocrx_word' id='word_1_368' title='bbox 3062 916 3189 956; x_wconf 92' lang='lat' dir='ltr'><strong>cum</strong></span> <span class='ocrx_word' id='word_1_369' title='bbox 3225 901 3306 957; x_wconf 87' lang='lat' dir='ltr'><strong>eis</strong></span> <span class='ocrx_word' id='word_1_370' title='bbox 3333 915 3470 971; x_wconf 89' lang='lat' dir='ltr'><strong>quos</strong></span> 
     </span>
    </p>
   </div>
   <div class='ocr_carea' id='block_1_56' title="bbox 1888 990 3468 1063">
    <p class='ocr_par' dir='ltr' id='par_1_56' title="bbox 1888 990 3468 1063">
     <span class='ocr_line' id='line_1_56' title="bbox 1888 990 3468 1063; baseline 0.001 -17"><span class='ocrx_word' id='word_1_371' title='bbox 1888 1005 2070 1046; x_wconf 90' lang='lat' dir='ltr'><strong>secum</strong></span> <span class='ocrx_word' id='word_1_372' title='bbox 2109 991 2297 1044; x_wconf 87' lang='lat' dir='ltr'><strong>habuit</strong></span> <span class='ocrx_word' id='word_1_373' title='bbox 2330 990 2420 1044; x_wconf 89' lang='lat' dir='ltr'><strong>illo</strong></span> <span class='ocrx_word' id='word_1_374' title='bbox 2458 1006 2682 1062; x_wconf 87' lang='lat' dir='ltr'><strong>pergere</strong></span> <span class='ocrx_word' id='word_1_375' title='bbox 2721 994 3041 1058; x_wconf 87' lang='lat' dir='ltr'><strong>maturavit;</strong></span> <span class='ocrx_word' id='word_1_376' title='bbox 3087 1001 3142 1048; x_wconf 93' lang='lat' dir='ltr'><strong>et</strong></span> <span class='ocrx_word' id='word_1_377' title='bbox 3185 993 3468 1063; x_wconf 83' lang='lat' dir='ltr'><strong>quoniam,</strong></span> 
     </span>
    </p>
   </div>
   <div class='ocr_carea' id='block_1_57' title="bbox 1888 1078 3470 1150">
    <p class='ocr_par' dir='ltr' id='par_1_57' title="bbox 1888 1078 3470 1150">
     <span class='ocr_line' id='line_1_57' title="bbox 1888 1078 3470 1150; baseline 0.001 -16"><span class='ocrx_word' id='word_1_378' title='bbox 1888 1079 2142 1150; x_wconf 89' lang='lat' dir='ltr'><strong>pontibus</strong></span> <span class='ocrx_word' id='word_1_379' title='bbox 2161 1093 2196 1134; x_wconf 87' lang='lat' dir='ltr'><strong>a</strong></span> <span class='ocrx_word' id='word_1_380' title='bbox 2218 1078 2564 1134; x_wconf 85' lang='lat' dir='ltr'><strong>Nortmannis</strong></span> <span class='ocrx_word' id='word_1_381' title='bbox 2590 1081 2880 1136; x_wconf 87' lang='lat' dir='ltr'><strong>destructis</strong></span> <span class='ocrx_word' id='word_1_382' title='bbox 2908 1091 2964 1137; x_wconf 90' lang='lat' dir='ltr'><strong>et</strong></span> <span class='ocrx_word' id='word_1_383' title='bbox 2991 1083 3220 1138; x_wconf 83' lang='lat' dir='ltr'><strong>navibus</strong></span> <span class='ocrx_word' id='word_1_384' title='bbox 3244 1096 3470 1150; x_wconf 89' lang='lat' dir='ltr'><strong>occupa-</strong></span> 
     </span>
    </p>
   </div>
   <div class='ocr_carea' id='block_1_58' title="bbox 1889 1168 3466 1237">
    <p class='ocr_par' dir='ltr' id='par_1_58' title="bbox 1889 1168 3466 1237">
     <span class='ocr_line' id='line_1_58' title="bbox 1889 1168 3466 1237; baseline 0.003 -15"><span class='ocrx_word' id='word_1_385' title='bbox 1889 1169 1976 1232; x_wconf 87' lang='lat' dir='ltr'><strong>tis,</strong></span> <span class='ocrx_word' id='word_1_386' title='bbox 2011 1182 2104 1224; x_wconf 88' lang='lat' dir='ltr'><strong>eos</strong></span> <span class='ocrx_word' id='word_1_387' title='bbox 2132 1168 2282 1224; x_wconf 90' lang='lat' dir='ltr'><strong>adire</strong></span> <span class='ocrx_word' id='word_1_388' title='bbox 2307 1184 2414 1223; x_wconf 88' lang='lat' dir='ltr'><strong>non</strong></span> <span class='ocrx_word' id='word_1_389' title='bbox 2445 1178 2678 1237; x_wconf 89' lang='lat' dir='ltr'><strong>poterat,</strong></span> <span class='ocrx_word' id='word_1_390' title='bbox 2714 1171 3023 1226; x_wconf 88' lang='lat' dir='ltr'><strong>necessario</strong></span> <span class='ocrx_word' id='word_1_391' title='bbox 3057 1187 3188 1226; x_wconf 87' lang='lat' dir='ltr'><strong>usus</strong></span> <span class='ocrx_word' id='word_1_392' title='bbox 3215 1171 3466 1236; x_wconf 84' lang='lat' dir='ltr'><strong>consilio,</strong></span> 
     </span>
    </p>
   </div>
   <div class='ocr_carea' id='block_1_59' title="bbox 1886 1253 3472 1328">
    <p class='ocr_par' dir='ltr' id='par_1_59' title="bbox 1886 1253 3472 1328">
     <span class='ocr_line' id='line_1_59' title="bbox 1886 1253 3472 1328; baseline 0.003 -17"><span class='ocrx_word' id='word_1_393' title='bbox 1886 1253 2106 1327; x_wconf 85' lang='lat' dir='ltr'><strong>pontem</strong></span> <span class='ocrx_word' id='word_1_394' title='bbox 2152 1259 2219 1312; x_wconf 89' lang='lat' dir='ltr'><strong>ad</strong></span> <span class='ocrx_word' id='word_1_395' title='bbox 2268 1259 2498 1314; x_wconf 88' lang='lat' dir='ltr'><strong>insulam</strong></span> <span class='ocrx_word' id='word_1_396' title='bbox 2544 1275 2700 1314; x_wconf 83' lang='lat' dir='ltr'><strong>secus</strong></span> <span class='ocrx_word' id='word_1_397' title='bbox 2739 1259 3046 1326; x_wconf 88' lang='lat' dir='ltr'><strong>Trejectum</strong></span> <span class='ocrx_word' id='word_1_398' title='bbox 3080 1271 3105 1310; x_wconf 71' lang='lat' dir='ltr'><strong>Ii</strong></span> <span class='ocrx_word' id='word_1_399' title='bbox 3155 1261 3365 1328; x_wconf 82' lang='lat' dir='ltr'><strong>reficit,</strong></span> <span class='ocrx_word' id='word_1_400' title='bbox 3414 1269 3472 1316; x_wconf 85' lang='lat' dir='ltr'><strong>et</strong></span> 
     </span>
    </p>
   </div>
   <div class='ocr_carea' id='block_1_60' title="bbox 1889 1351 3472 1418">
    <p class='ocr_par' dir='ltr' id='par_1_60' title="bbox 1889 1351 3472 1418">
     <span class='ocr_line' id='line_1_60' title="bbox 1889 1351 3472 1418; baseline 0.003 -14"><span class='ocrx_word' id='word_1_401' title='bbox 1889 1351 2237 1406; x_wconf 84' lang='lat' dir='ltr'><strong>Nortmannis</strong></span> <span class='ocrx_word' id='word_1_402' title='bbox 2266 1354 2622 1409; x_wconf 79' lang='lat' dir='ltr'><strong>descendendi</strong></span> <span class='ocrx_word' id='word_1_403' title='bbox 2652 1354 2857 1408; x_wconf 87' lang='lat' dir='ltr'><strong>aditum</strong></span> <span class='ocrx_word' id='word_1_404' title='bbox 2902 1352 3241 1418; x_wconf 88' lang='lat' dir='ltr'><strong>intercludit;</strong></span> <span class='ocrx_word' id='word_1_405' title='bbox 3284 1367 3472 1409; x_wconf 79' lang='lat' dir='ltr'><strong>scaras</strong></span> 
     </span>
    </p>
   </div>
   <div class='ocr_carea' id='block_1_61' title="bbox 1887 1442 3469 1514">
    <p class='ocr_par' dir='ltr' id='par_1_61' title="bbox 1887 1442 3469 1514">
     <span class='ocr_line' id='line_1_61' title="bbox 1887 1442 3469 1514; baseline 0.001 -18"><span class='ocrx_word' id='word_1_406' title='bbox 1887 1442 2239 1497; x_wconf 87' lang='lat' dir='ltr'><strong>nihilominus</strong></span> <span class='ocrx_word' id='word_1_407' title='bbox 2263 1458 2331 1496; x_wconf 79' lang='lat' dir='ltr'><strong>ex</strong></span> <span class='ocrx_word' id='word_1_408' title='bbox 2362 1453 2593 1512; x_wconf 88' lang='lat' dir='ltr'><strong>utraque</strong></span> <span class='ocrx_word' id='word_1_409' title='bbox 2629 1444 2745 1514; x_wconf 88' lang='lat' dir='ltr'><strong>ripa</strong></span> <span class='ocrx_word' id='word_1_410' title='bbox 2786 1443 3043 1498; x_wconf 75' lang='lat' dir='ltr'><strong>Matronae</strong></span> <span class='ocrx_word' id='word_1_411' title='bbox 3071 1445 3138 1498; x_wconf 88' lang='lat' dir='ltr'><strong>ad</strong></span> <span class='ocrx_word' id='word_1_412' title='bbox 3169 1443 3469 1498; x_wconf 86' lang='lat' dir='ltr'><strong>custodiam</strong></span> 
     </span>
    </p>
   </div>
   <div class='ocr_carea' id='block_1_62' title="bbox 1887 1531 3470 1600">
    <p class='ocr_par' dir='ltr' id='par_1_62' title="bbox 1887 1531 3470 1600">
     <span class='ocr_line' id='line_1_62' title="bbox 1887 1531 3470 1600; baseline 0.001 -14"><span class='ocrx_word' id='word_1_413' title='bbox 1887 1531 2124 1600; x_wconf 90' lang='lat' dir='ltr'><strong>deputat.</strong></span> <span class='ocrx_word' id='word_1_414' title='bbox 2169 1531 2283 1598; x_wconf 82' lang='lat' dir='ltr'><strong>Qua</strong></span> <span class='ocrx_word' id='word_1_415' title='bbox 2312 1531 2380 1586; x_wconf 86' lang='lat' dir='ltr'><strong>de</strong></span> <span class='ocrx_word' id='word_1_416' title='bbox 2409 1550 2466 1586; x_wconf 91' lang='lat' dir='ltr'><strong>re</strong></span> <span class='ocrx_word' id='word_1_417' title='bbox 2495 1533 2813 1587; x_wconf 85' lang='lat' dir='ltr'><strong>Nortmanni</strong></span> <span class='ocrx_word' id='word_1_418' title='bbox 2843 1533 3002 1588; x_wconf 89' lang='lat' dir='ltr'><strong>valde</strong></span> <span class='ocrx_word' id='word_1_419' title='bbox 3028 1532 3331 1597; x_wconf 89' lang='lat' dir='ltr'><strong>constricti,</strong></span> <span class='ocrx_word' id='word_1_420' title='bbox 3367 1532 3470 1587; x_wconf 87' lang='lat' dir='ltr'><strong>ob-</strong></span> 
     </span>
    </p>
   </div>
   <div class='ocr_carea' id='block_1_63' title="bbox 1887 1603 3697 1694">
    <p class='ocr_par' dir='ltr' id='par_1_63' title="bbox 1887 1603 3697 1694">
     <span class='ocr_line' id='line_1_63' title="bbox 1887 1603 3697 1694; baseline -0.003 -12"><span class='ocrx_word' id='word_1_421' title='bbox 1887 1626 2031 1682; x_wconf 86' lang='lat' dir='ltr'><strong>sides</strong></span> <span class='ocrx_word' id='word_1_422' title='bbox 2055 1625 2255 1679; x_wconf 89' lang='lat' dir='ltr'><strong>electos</strong></span> <span class='ocrx_word' id='word_1_423' title='bbox 2285 1634 2339 1678; x_wconf 94' lang='lat' dir='ltr'><strong>et</strong></span> <span class='ocrx_word' id='word_1_424' title='bbox 2366 1624 2560 1679; x_wconf 81' lang='lat' dir='ltr'><strong>Carolo</strong></span> <span class='ocrx_word' id='word_1_425' title='bbox 2586 1625 2780 1680; x_wconf 84' lang='lat' dir='ltr'><strong>missos</strong></span> <span class='ocrx_word' id='word_1_426' title='bbox 2809 1639 2872 1679; x_wconf 89' lang='lat' dir='ltr'><strong>ea</strong></span> <span class='ocrx_word' id='word_1_427' title='bbox 2903 1624 3218 1678; x_wconf 87' lang='lat' dir='ltr'><strong>conditione</strong></span> <span class='ocrx_word' id='word_1_428' title='bbox 3238 1624 3479 1687; x_wconf 74' lang='lat' dir='ltr'><strong>donant,</strong></span> <span class='ocrx_word' id='word_1_429' title='bbox 3689 1603 3697 1623; x_wconf 46' lang='grc'><strong><em>⁵</em></strong></span> 
     </span>
    </p>
   </div>
   <div class='ocr_carea' id='block_1_64' title="bbox 1888 1713 3470 1784">
    <p class='ocr_par' dir='ltr' id='par_1_64' title="bbox 1888 1713 3470 1784">
     <span class='ocr_line' id='line_1_64' title="bbox 1888 1713 3470 1784; baseline -0.001 -15"><span class='ocrx_word' id='word_1_430' title='bbox 1888 1726 1947 1770; x_wconf 95' lang='lat' dir='ltr'><strong>ut</strong></span> <span class='ocrx_word' id='word_1_431' title='bbox 1974 1730 2163 1770; x_wconf 90' lang='lat' dir='ltr'><strong>omnes</strong></span> <span class='ocrx_word' id='word_1_432' title='bbox 2190 1715 2432 1784; x_wconf 82' lang='lat' dir='ltr'><strong>captivos</strong></span> <span class='ocrx_word' id='word_1_433' title='bbox 2463 1729 2600 1783; x_wconf 74' lang='lat' dir='ltr'><strong>quos</strong></span> <span class='ocrx_word' id='word_1_434' title='bbox 2633 1721 2890 1782; x_wconf 88' lang='lat' dir='ltr'><strong>ceperant</strong></span> <span class='ocrx_word' id='word_1_435' title='bbox 2935 1721 3224 1782; x_wconf 88' lang='lat' dir='ltr'><strong>postquam</strong></span> <span class='ocrx_word' id='word_1_436' title='bbox 3269 1713 3470 1769; x_wconf 82' lang='lat' dir='ltr'><strong>Matro-</strong></span> 
     </span>
    </p>
   </div>
   <div class='ocr_carea' id='block_1_65' title="bbox 1888 1803 3471 1872">
    <p class='ocr_par' dir='ltr' id='par_1_65' title="bbox 1888 1803 3471 1872">
     <span class='ocr_line' id='line_1_65' title="bbox 1888 1803 3471 1872; baseline -0.001 -13"><span class='ocrx_word' id='word_1_437' title='bbox 1888 1821 2014 1860; x_wconf 87' lang='lat' dir='ltr'><strong>nam</strong></span> <span class='ocrx_word' id='word_1_438' title='bbox 2042 1807 2399 1868; x_wconf 86' lang='lat' dir='ltr'><strong>intraverant,</strong></span> <span class='ocrx_word' id='word_1_439' title='bbox 2427 1806 2544 1859; x_wconf 84' lang='lat' dir='ltr'><strong>sine</strong></span> <span class='ocrx_word' id='word_1_440' title='bbox 2569 1819 2718 1859; x_wconf 90' lang='lat' dir='ltr'><strong>mora</strong></span> <span class='ocrx_word' id='word_1_441' title='bbox 2745 1804 2921 1872; x_wconf 89' lang='lat' dir='ltr'><strong>aliqua</strong></span> <span class='ocrx_word' id='word_1_442' title='bbox 2954 1803 3263 1867; x_wconf 89' lang='lat' dir='ltr'><strong>redderent,</strong></span> <span class='ocrx_word' id='word_1_443' title='bbox 3293 1813 3350 1858; x_wconf 92' lang='lat' dir='ltr'><strong>et</strong></span> <span class='ocrx_word' id='word_1_444' title='bbox 3377 1813 3471 1866; x_wconf 87' lang='lat' dir='ltr'><strong>aut</strong></span> 
     </span>
    </p>
   </div>
   <div class='ocr_carea' id='block_1_66' title="bbox 1887 1892 3472 1962">
    <p class='ocr_par' dir='ltr' id='par_1_66' title="bbox 1887 1892 3472 1962">
     <span class='ocr_line' id='line_1_66' title="bbox 1887 1892 3472 1962; baseline -0.002 -11"><span class='ocrx_word' id='word_1_445' title='bbox 1887 1911 2010 1951; x_wconf 89' lang='lat' dir='ltr'><strong>cum</strong></span> <span class='ocrx_word' id='word_1_446' title='bbox 2045 1895 2169 1951; x_wconf 89' lang='lat' dir='ltr'><strong>aliis</strong></span> <span class='ocrx_word' id='word_1_447' title='bbox 2198 1895 2546 1950; x_wconf 87' lang='lat' dir='ltr'><strong>Nortmannis</strong></span> <span class='ocrx_word' id='word_1_448' title='bbox 2587 1895 2882 1948; x_wconf 84' lang='lat' dir='ltr'><strong>constituto</strong></span> <span class='ocrx_word' id='word_1_449' title='bbox 2926 1893 3014 1948; x_wconf 89' lang='lat' dir='ltr'><strong>die</strong></span> <span class='ocrx_word' id='word_1_450' title='bbox 3057 1892 3240 1962; x_wconf 86' lang='lat' dir='ltr'><strong>placiti</strong></span> <span class='ocrx_word' id='word_1_451' title='bbox 3290 1909 3321 1947; x_wconf 87' lang='lat' dir='ltr'><strong>a</strong></span> <span class='ocrx_word' id='word_1_452' title='bbox 3371 1892 3472 1948; x_wconf 83' lang='lat' dir='ltr'><strong>Se-</strong></span> 
     </span>
    </p>
   </div>
   <div class='ocr_carea' id='block_1_67' title="bbox 1886 1983 3473 2054">
    <p class='ocr_par' dir='ltr' id='par_1_67' title="bbox 1886 1983 3473 2054">
     <span class='ocr_line' id='line_1_67' title="bbox 1886 1983 3473 2054; baseline -0.001 -14"><span class='ocrx_word' id='word_1_453' title='bbox 1886 2000 2065 2054; x_wconf 83' lang='lat' dir='ltr'><strong>quana</strong></span> <span class='ocrx_word' id='word_1_454' title='bbox 2100 1985 2414 2041; x_wconf 85' lang='lat' dir='ltr'><strong>recedentes</strong></span> <span class='ocrx_word' id='word_1_455' title='bbox 2444 1999 2593 2038; x_wconf 88' lang='lat' dir='ltr'><strong>mare</strong></span> <span class='ocrx_word' id='word_1_456' title='bbox 2615 1993 2880 2053; x_wconf 78' lang='lat' dir='ltr'><strong>peterent,</strong></span> <span class='ocrx_word' id='word_1_457' title='bbox 2905 1995 3000 2038; x_wconf 90' lang='lat' dir='ltr'><strong>aut</strong></span> <span class='ocrx_word' id='word_1_458' title='bbox 3033 1984 3078 2038; x_wconf 89' lang='lat' dir='ltr'><strong>si</strong></span> <span class='ocrx_word' id='word_1_459' title='bbox 3115 1983 3205 2037; x_wconf 85' lang='lat' dir='ltr'><strong>alii</strong></span> <span class='ocrx_word' id='word_1_460' title='bbox 3229 1998 3355 2038; x_wconf 85' lang='lat' dir='ltr'><strong>cum</strong></span> <span class='ocrx_word' id='word_1_461' title='bbox 3390 1983 3473 2039; x_wconf 82' lang='lat' dir='ltr'><strong>eis</strong></span> 
     </span>
    </p>
   </div>
   <div class='ocr_carea' id='block_1_68' title="bbox 1887 2072 3471 2139">
    <p class='ocr_par' dir='ltr' id='par_1_68' title="bbox 1887 2072 3471 2139">
     <span class='ocr_line' id='line_1_68' title="bbox 1887 2072 3471 2139; baseline -0.004 -6"><span class='ocrx_word' id='word_1_462' title='bbox 1887 2073 2065 2133; x_wconf 78' lang='lat' dir='ltr'><strong>redire</strong></span> <span class='ocrx_word' id='word_1_463' title='bbox 2092 2092 2197 2132; x_wconf 90' lang='lat' dir='ltr'><strong>non</strong></span> <span class='ocrx_word' id='word_1_464' title='bbox 2225 2077 2442 2139; x_wconf 85' lang='lat' dir='ltr'><strong>vellent,</strong></span> <span class='ocrx_word' id='word_1_465' title='bbox 2476 2090 2579 2128; x_wconf 85' lang='lat' dir='ltr'><strong>una</strong></span> <span class='ocrx_word' id='word_1_466' title='bbox 2610 2089 2732 2128; x_wconf 90' lang='lat' dir='ltr'><strong>cum</strong></span> <span class='ocrx_word' id='word_1_467' title='bbox 2777 2073 3020 2128; x_wconf 80' lang='lat' dir='ltr'><strong>exercitu</strong></span> <span class='ocrx_word' id='word_1_468' title='bbox 3066 2072 3244 2128; x_wconf 87' lang='lat' dir='ltr'><strong>Caroli</strong></span> <span class='ocrx_word' id='word_1_469' title='bbox 3296 2081 3471 2127; x_wconf 86' lang='lat' dir='ltr'><strong>retra-</strong></span> 
     </span>
    </p>
   </div>
   <div class='ocr_carea' id='block_1_69' title="bbox 1885 2161 3469 2234">
    <p class='ocr_par' dir='ltr' id='par_1_69' title="bbox 1885 2161 3469 2234">
     <span class='ocr_line' id='line_1_69' title="bbox 1885 2161 3469 2234; baseline -0.005 -10"><span class='ocrx_word' id='word_1_470' title='bbox 1885 2175 2096 2224; x_wconf 88' lang='lat' dir='ltr'><strong>ctantes</strong></span> <span class='ocrx_word' id='word_1_471' title='bbox 2141 2168 2222 2221; x_wconf 90' lang='lat' dir='ltr'><strong>ire</strong></span> <span class='ocrx_word' id='word_1_472' title='bbox 2264 2166 2406 2222; x_wconf 90' lang='lat' dir='ltr'><strong>bello</strong></span> <span class='ocrx_word' id='word_1_473' title='bbox 2449 2172 2795 2234; x_wconf 83' lang='lat' dir='ltr'><strong>appeterent;</strong></span> <span class='ocrx_word' id='word_1_474' title='bbox 2843 2163 3048 2230; x_wconf 86' lang='lat' dir='ltr'><strong>sicque,</strong></span> <span class='ocrx_word' id='word_1_475' title='bbox 3103 2161 3244 2217; x_wconf 81' lang='lat' dir='ltr'><strong>datis</strong></span> <span class='ocrx_word' id='word_1_476' title='bbox 3281 2161 3469 2216; x_wconf 85' lang='lat' dir='ltr'><strong>decem</strong></span> 
     </span>
    </p>
   </div>
   <div class='ocr_carea' id='block_1_70' title="bbox 1867 2254 3474 2324">
    <p class='ocr_par' dir='ltr' id='par_1_70' title="bbox 1867 2254 3474 2324">
     <span class='ocr_line' id='line_1_70' title="bbox 1867 2254 3474 2324; baseline -0.004 -10"><span class='ocrx_word' id='word_1_477' title='bbox 1867 2259 2182 2317; x_wconf 84' lang='lat' dir='ltr'><strong>obsidibus.</strong></span> <span class='ocrx_word' id='word_1_478' title='bbox 2239 2268 2366 2312; x_wconf 88' lang='lat' dir='ltr'><strong>sunt</strong></span> <span class='ocrx_word' id='word_1_479' title='bbox 2409 2259 2476 2310; x_wconf 88' lang='lat' dir='ltr'><strong>ad</strong></span> <span class='ocrx_word' id='word_1_480' title='bbox 2527 2271 2656 2310; x_wconf 89' lang='lat' dir='ltr'><strong>suos</strong></span> <span class='ocrx_word' id='word_1_481' title='bbox 2701 2255 2882 2310; x_wconf 84' lang='lat' dir='ltr'><strong>redire</strong></span> <span class='ocrx_word' id='word_1_482' title='bbox 2926 2255 3196 2324; x_wconf 80' lang='lat' dir='ltr'><strong>permissi.</strong></span> <span class='ocrx_word' id='word_1_483' title='bbox 3241 2254 3307 2308; x_wconf 87' lang='lat' dir='ltr'><strong>Et</strong></span> <span class='ocrx_word' id='word_1_484' title='bbox 3351 2263 3474 2324; x_wconf 83' lang='lat' dir='ltr'><strong>post</strong></span> 
     </span>
    </p>
   </div>
   <div class='ocr_carea' id='block_1_71' title="bbox 1885 2341 3470 2417">
    <p class='ocr_par' dir='ltr' id='par_1_71' title="bbox 1885 2341 3470 2417">
     <span class='ocr_line' id='line_1_71' title="bbox 1885 2341 3470 2417; baseline -0.004 -14"><span class='ocrx_word' id='word_1_485' title='bbox 1885 2349 2074 2417; x_wconf 85' lang='lat' dir='ltr'><strong>viginti</strong></span> <span class='ocrx_word' id='word_1_486' title='bbox 2101 2348 2320 2403; x_wconf 87' lang='lat' dir='ltr'><strong>circiter</strong></span> <span class='ocrx_word' id='word_1_487' title='bbox 2347 2347 2462 2400; x_wconf 90' lang='lat' dir='ltr'><strong>dies</strong></span> <span class='ocrx_word' id='word_1_488' title='bbox 2493 2346 2606 2414; x_wconf 88' lang='lat' dir='ltr'><strong>ipse</strong></span> <span class='ocrx_word' id='word_1_489' title='bbox 2631 2344 2926 2400; x_wconf 83' lang='lat' dir='ltr'><strong>Welandns</strong></span> <span class='ocrx_word' id='word_1_490' title='bbox 2963 2344 3030 2396; x_wconf 85' lang='lat' dir='ltr'><strong>ad</strong></span> <span class='ocrx_word' id='word_1_491' title='bbox 3076 2341 3330 2398; x_wconf 85' lang='lat' dir='ltr'><strong>Carolum</strong></span> <span class='ocrx_word' id='word_1_492' title='bbox 3377 2356 3470 2396; x_wconf 86' lang='lat' dir='ltr'><strong>ve-</strong></span> 
     </span>
    </p>
   </div>
   <div class='ocr_carea' id='block_1_72' title="bbox 1886 2431 3472 2499">
    <p class='ocr_par' dir='ltr' id='par_1_72' title="bbox 1886 2431 3472 2499">
     <span class='ocr_line' id='line_1_72' title="bbox 1886 2431 3472 2499; baseline -0.005 -7"><span class='ocrx_word' id='word_1_493' title='bbox 1886 2439 2061 2499; x_wconf 89' lang='lat' dir='ltr'><strong>niens,</strong></span> <span class='ocrx_word' id='word_1_494' title='bbox 2092 2436 2167 2488; x_wconf 91' lang='lat' dir='ltr'><strong>illi</strong></span> <span class='ocrx_word' id='word_1_495' title='bbox 2197 2451 2258 2489; x_wconf 89' lang='lat' dir='ltr'><strong>se</strong></span> <span class='ocrx_word' id='word_1_496' title='bbox 2283 2433 2715 2495; x_wconf 84' lang='lat' dir='ltr'><strong>commendavit,</strong></span> <span class='ocrx_word' id='word_1_497' title='bbox 2749 2441 2804 2486; x_wconf 88' lang='lat' dir='ltr'><strong>et</strong></span> <span class='ocrx_word' id='word_1_498' title='bbox 2840 2440 3183 2486; x_wconf 85' lang='lat' dir='ltr'><strong>sacramenta</strong></span> <span class='ocrx_word' id='word_1_499' title='bbox 3221 2445 3348 2485; x_wconf 85' lang='lat' dir='ltr'><strong>eum</strong></span> <span class='ocrx_word' id='word_1_500' title='bbox 3388 2431 3472 2484; x_wconf 84' lang='lat' dir='ltr'><strong>eis</strong></span> 
     </span>
    </p>
   </div>
   <div class='ocr_carea' id='block_1_73' title="bbox 1885 2519 3472 2595">
    <p class='ocr_par' dir='ltr' id='par_1_73' title="bbox 1885 2519 3472 2595">
     <span class='ocr_line' id='line_1_73' title="bbox 1885 2519 3472 2595; baseline -0.001 -17"><span class='ocrx_word' id='word_1_501' title='bbox 1885 2541 2022 2595; x_wconf 91' lang='lat' dir='ltr'><strong>quos</strong></span> <span class='ocrx_word' id='word_1_502' title='bbox 2047 2539 2228 2579; x_wconf 89' lang='lat' dir='ltr'><strong>secum</strong></span> <span class='ocrx_word' id='word_1_503' title='bbox 2258 2523 2444 2577; x_wconf 84' lang='lat' dir='ltr'><strong>habuit</strong></span> <span class='ocrx_word' id='word_1_504' title='bbox 2467 2522 2650 2576; x_wconf 87' lang='lat' dir='ltr'><strong>statim</strong></span> <span class='ocrx_word' id='word_1_505' title='bbox 2679 2521 2928 2589; x_wconf 71' lang='lat' dir='ltr'><strong>przebuit.</strong></span> <span class='ocrx_word' id='word_1_506' title='bbox 2955 2520 3190 2588; x_wconf 85' lang='lat' dir='ltr'><strong>Indeque</strong></span> <span class='ocrx_word' id='word_1_507' title='bbox 3212 2519 3280 2574; x_wconf 87' lang='lat' dir='ltr'><strong>ad</strong></span> <span class='ocrx_word' id='word_1_508' title='bbox 3304 2535 3472 2576; x_wconf 80' lang='lat' dir='ltr'><strong>naves</strong></span> 
     </span>
    </p>
   </div>
   <div class='ocr_carea' id='block_1_74' title="bbox 1887 2609 3469 2685">
    <p class='ocr_par' dir='ltr' id='par_1_74' title="bbox 1887 2609 3469 2685">
     <span class='ocr_line' id='line_1_74' title="bbox 1887 2609 3469 2685; baseline -0.004 -17"><span class='ocrx_word' id='word_1_509' title='bbox 1887 2626 2186 2685; x_wconf 82' lang='lat' dir='ltr'><strong>regressus,</strong></span> <span class='ocrx_word' id='word_1_510' title='bbox 2234 2626 2358 2666; x_wconf 87' lang='lat' dir='ltr'><strong>cum</strong></span> <span class='ocrx_word' id='word_1_511' title='bbox 2409 2611 2555 2665; x_wconf 77' lang='lat' dir='ltr'><strong>oiuui</strong></span> <span class='ocrx_word' id='word_1_512' title='bbox 2605 2611 2879 2664; x_wconf 85' lang='lat' dir='ltr'><strong>Danorum</strong></span> <span class='ocrx_word' id='word_1_513' title='bbox 2926 2609 3143 2679; x_wconf 84' lang='lat' dir='ltr'><strong>navigio</strong></span> <span class='ocrx_word' id='word_1_514' title='bbox 3187 2622 3356 2678; x_wconf 88' lang='lat' dir='ltr'><strong>usque</strong></span> <span class='ocrx_word' id='word_1_515' title='bbox 3401 2612 3469 2662; x_wconf 89' lang='lat' dir='ltr'><strong>ad</strong></span> 
     </span>
    </p>
   </div>
   <div class='ocr_carea' id='block_1_75' title="bbox 1884 2697 3472 2765">
    <p class='ocr_par' dir='ltr' id='par_1_75' title="bbox 1884 2697 3472 2765">
     <span class='ocr_line' id='line_1_75' title="bbox 1884 2697 3472 2765; baseline -0.005 -6"><span class='ocrx_word' id='word_1_516' title='bbox 1884 2704 2218 2759; x_wconf 84' lang='lat' dir='ltr'><strong>Gcmeticum</strong></span> <span class='ocrx_word' id='word_1_517' title='bbox 2246 2702 2300 2765; x_wconf 64' lang='grc' dir='ltr'><strong>δ,</strong></span> <span class='ocrx_word' id='word_1_518' title='bbox 2332 2702 2422 2754; x_wconf 89' lang='lat' dir='ltr'><strong>ubi</strong></span> <span class='ocrx_word' id='word_1_519' title='bbox 2463 2701 2674 2754; x_wconf 90' lang='lat' dir='ltr'><strong>illorum</strong></span> <span class='ocrx_word' id='word_1_520' title='bbox 2705 2715 2870 2754; x_wconf 81' lang='lat' dir='ltr'><strong>naves</strong></span> <span class='ocrx_word' id='word_1_521' title='bbox 2899 2706 3208 2753; x_wconf 86' lang='lat' dir='ltr'><strong>statuerunt</strong></span> <span class='ocrx_word' id='word_1_522' title='bbox 3247 2697 3472 2754; x_wconf 76' lang='lat' dir='ltr'><strong>reticere</strong></span> 
     </span>
    </p>
   </div>
   <div class='ocr_carea' id='block_1_76' title="bbox 1883 2788 3469 2861">
    <p class='ocr_par' dir='ltr' id='par_1_76' title="bbox 1883 2788 3469 2861">
     <span class='ocr_line' id='line_1_76' title="bbox 1883 2788 3469 2861; baseline -0.004 -13"><span class='ocrx_word' id='word_1_523' title='bbox 1883 2804 1939 2848; x_wconf 91' lang='lat' dir='ltr'><strong>et</strong></span> <span class='ocrx_word' id='word_1_524' title='bbox 1977 2792 2194 2848; x_wconf 86' lang='lat' dir='ltr'><strong>vernale</strong></span> <span class='ocrx_word' id='word_1_525' title='bbox 2232 2792 2614 2861; x_wconf 67' lang='lat' dir='ltr'><strong>aequinoctium</strong></span> <span class='ocrx_word' id='word_1_526' title='bbox 2646 2799 2987 2859; x_wconf 75' lang='lat' dir='ltr'><strong>exspectare,</strong></span> <span class='ocrx_word' id='word_1_527' title='bbox 3020 2789 3318 2845; x_wconf 84' lang='lat' dir='ltr'><strong>descendit.</strong></span> <span class='ocrx_word' id='word_1_528' title='bbox 3364 2788 3469 2842; x_wconf 77' lang='lat' dir='ltr'><strong>Re-</strong></span> 
     </span>
    </p>
   </div>
   <div class='ocr_carea' id='block_1_77' title="bbox 1885 2878 3470 2948">
    <p class='ocr_par' dir='ltr' id='par_1_77' title="bbox 1885 2878 3470 2948">
     <span class='ocr_line' id='line_1_77' title="bbox 1885 2878 3470 2948; baseline -0.003 -11"><span class='ocrx_word' id='word_1_529' title='bbox 1885 2882 2041 2937; x_wconf 86' lang='lat' dir='ltr'><strong>fectis</strong></span> <span class='ocrx_word' id='word_1_530' title='bbox 2063 2880 2310 2945; x_wconf 83' lang='lat' dir='ltr'><strong>navibus,</strong></span> <span class='ocrx_word' id='word_1_531' title='bbox 2339 2880 2470 2934; x_wconf 88' lang='lat' dir='ltr'><strong>Dani</strong></span> <span class='ocrx_word' id='word_1_532' title='bbox 2502 2895 2652 2934; x_wconf 84' lang='lat' dir='ltr'><strong>mare</strong></span> <span class='ocrx_word' id='word_1_533' title='bbox 2673 2889 2918 2948; x_wconf 84' lang='lat' dir='ltr'><strong>petentes</strong></span> <span class='ocrx_word' id='word_1_534' title='bbox 2943 2894 3039 2948; x_wconf 88' lang='lat' dir='ltr'><strong>per</strong></span> <span class='ocrx_word' id='word_1_535' title='bbox 3059 2879 3244 2948; x_wconf 83' lang='lat' dir='ltr'><strong>plures</strong></span> <span class='ocrx_word' id='word_1_536' title='bbox 3265 2878 3470 2933; x_wconf 85' lang='lat' dir='ltr'><strong>classes</strong></span> 
     </span>
    </p>
   </div>
   <div class='ocr_carea' id='block_1_78' title="bbox 1881 2970 3469 3042">
    <p class='ocr_par' dir='ltr' id='par_1_78' title="bbox 1881 2970 3469 3042">
     <span class='ocr_line' id='line_1_78' title="bbox 1881 2970 3469 3042; baseline -0.004 -13"><span class='ocrx_word' id='word_1_537' title='bbox 1881 2989 1942 3029; x_wconf 80' lang='lat' dir='ltr'><strong>se</strong></span> <span class='ocrx_word' id='word_1_538' title='bbox 1966 2972 2234 3036; x_wconf 86' lang='lat' dir='ltr'><strong>dividunt,</strong></span> <span class='ocrx_word' id='word_1_539' title='bbox 2283 2981 2339 3027; x_wconf 91' lang='lat' dir='ltr'><strong>et</strong></span> <span class='ocrx_word' id='word_1_540' title='bbox 2379 2981 2540 3042; x_wconf 89' lang='lat' dir='ltr'><strong>prout</strong></span> <span class='ocrx_word' id='word_1_541' title='bbox 2577 2971 2774 3039; x_wconf 87' lang='lat' dir='ltr'><strong>cuique</strong></span> <span class='ocrx_word' id='word_1_542' title='bbox 2802 2971 2977 3028; x_wconf 85' lang='lat' dir='ltr'><strong>visum</strong></span> <span class='ocrx_word' id='word_1_543' title='bbox 3003 2979 3109 3034; x_wconf 82' lang='lat' dir='ltr'><strong>est,</strong></span> <span class='ocrx_word' id='word_1_544' title='bbox 3156 2970 3469 3026; x_wconf 79' lang='lat' dir='ltr'><strong>in-diversa</strong></span> 
     </span>
    </p>
   </div>
   <div class='ocr_carea' id='block_1_79' title="bbox 1882 3061 3466 3132">
    <p class='ocr_par' dir='ltr' id='par_1_79' title="bbox 1882 3061 3466 3132">
     <span class='ocr_line' id='line_1_79' title="bbox 1882 3061 3466 3132; baseline -0.001 -16"><span class='ocrx_word' id='word_1_545' title='bbox 1882 3064 2186 3126; x_wconf 83' lang='lat' dir='ltr'><strong>veliticant,</strong></span> <span class='ocrx_word' id='word_1_546' title='bbox 2219 3064 2390 3132; x_wconf 80' lang='lat' dir='ltr'><strong>major</strong></span> <span class='ocrx_word' id='word_1_547' title='bbox 2433 3072 2612 3117; x_wconf 89' lang='lat' dir='ltr'><strong>autem</strong></span> <span class='ocrx_word' id='word_1_548' title='bbox 2657 3078 2784 3131; x_wconf 90' lang='lat' dir='ltr'><strong>pars</strong></span> <span class='ocrx_word' id='word_1_549' title='bbox 2830 3062 3155 3127; x_wconf 83' lang='lat' dir='ltr'><strong>Britannos,</strong></span> <span class='ocrx_word' id='word_1_550' title='bbox 3187 3062 3280 3131; x_wconf 88' lang='lat' dir='ltr'><strong>qui</strong></span> <span class='ocrx_word' id='word_1_551' title='bbox 3311 3061 3466 3116; x_wconf 75' lang='lat' dir='ltr'><strong>Salo—</strong></span> 
     </span>
    </p>
   </div>
   <div class='ocr_carea' id='block_1_80' title="bbox 1883 3158 3466 3229">
    <p class='ocr_par' dir='ltr' id='par_1_80' title="bbox 1883 3158 3466 3229">
     <span class='ocr_line' id='line_1_80' title="bbox 1883 3158 3466 3229; baseline -0.001 -17"><span class='ocrx_word' id='word_1_552' title='bbox 1883 3173 2045 3213; x_wconf 85' lang='lat' dir='ltr'><strong>mone</strong></span> <span class='ocrx_word' id='word_1_553' title='bbox 2073 3159 2209 3214; x_wconf 90' lang='lat' dir='ltr'><strong>duce</strong></span> <span class='ocrx_word' id='word_1_554' title='bbox 2236 3159 2484 3213; x_wconf 86' lang='lat' dir='ltr'><strong>habitant</strong></span> <span class='ocrx_word' id='word_1_555' title='bbox 2513 3159 2567 3212; x_wconf 92' lang='lat' dir='ltr'><strong>in</strong></span> <span class='ocrx_word' id='word_1_556' title='bbox 2596 3158 2856 3222; x_wconf 80' lang='lat' dir='ltr'><strong>Niustria,</strong></span> <span class='ocrx_word' id='word_1_557' title='bbox 2884 3161 3051 3227; x_wconf 88' lang='lat' dir='ltr'><strong>petit;</strong></span> <span class='ocrx_word' id='word_1_558' title='bbox 3091 3159 3289 3229; x_wconf 86' lang='lat' dir='ltr'><strong>quibus</strong></span> <span class='ocrx_word' id='word_1_559' title='bbox 3313 3167 3369 3213; x_wconf 87' lang='lat' dir='ltr'><strong>et</strong></span> <span class='ocrx_word' id='word_1_560' title='bbox 3390 3158 3466 3212; x_wconf 76' lang='lat' dir='ltr'><strong>illi</strong></span> 
     </span>
    </p>
   </div>
   <div class='ocr_carea' id='block_1_81' title="bbox 1881 3249 3466 3321">
    <p class='ocr_par' dir='ltr' id='par_1_81' title="bbox 1881 3249 3466 3321">
     <span class='ocr_line' id='line_1_81' title="bbox 1881 3249 3466 3321; baseline 0.001 -19"><span class='ocrx_word' id='word_1_561' title='bbox 1881 3249 2200 3320; x_wconf 86' lang='lat' dir='ltr'><strong>junguntur,</strong></span> <span class='ocrx_word' id='word_1_562' title='bbox 2231 3251 2322 3319; x_wconf 90' lang='lat' dir='ltr'><strong>qui</strong></span> <span class='ocrx_word' id='word_1_563' title='bbox 2354 3251 2407 3304; x_wconf 92' lang='lat' dir='ltr'><strong>in</strong></span> <span class='ocrx_word' id='word_1_564' title='bbox 2436 3249 2693 3319; x_wconf 88' lang='lat' dir='ltr'><strong>llispania</strong></span> <span class='ocrx_word' id='word_1_565' title='bbox 2722 3249 2955 3304; x_wconf 79' lang='lat' dir='ltr'><strong>fuerant.</strong></span> <span class='ocrx_word' id='word_1_566' title='bbox 2993 3251 3069 3305; x_wconf 88' lang='lat' dir='ltr'><strong>De</strong></span> <span class='ocrx_word' id='word_1_567' title='bbox 3101 3250 3300 3321; x_wconf 81' lang='lat' dir='ltr'><strong>quibus</strong></span> <span class='ocrx_word' id='word_1_568' title='bbox 3323 3249 3466 3305; x_wconf 85' lang='lat' dir='ltr'><strong>Rod—</strong></span> 
     </span>
    </p>
   </div>
   <div class='ocr_carea' id='block_1_82' title="bbox 1885 3340 3468 3411">
    <p class='ocr_par' dir='ltr' id='par_1_82' title="bbox 1885 3340 3468 3411">
     <span class='ocr_line' id='line_1_82' title="bbox 1885 3340 3468 3411; baseline -0.001 -15"><span class='ocrx_word' id='word_1_569' title='bbox 1885 3341 2072 3396; x_wconf 90' lang='lat' dir='ltr'><strong>bcrtus</strong></span> <span class='ocrx_word' id='word_1_570' title='bbox 2098 3341 2377 3396; x_wconf 76' lang='lat' dir='ltr'><strong>duodecrm</strong></span> <span class='ocrx_word' id='word_1_571' title='bbox 2413 3356 2600 3406; x_wconf 86' lang='lat' dir='ltr'><strong>naves,</strong></span> <span class='ocrx_word' id='word_1_572' title='bbox 2639 3355 2775 3411; x_wconf 88' lang='lat' dir='ltr'><strong>quas</strong></span> <span class='ocrx_word' id='word_1_573' title='bbox 2803 3341 3057 3396; x_wconf 88' lang='lat' dir='ltr'><strong>Salomon</strong></span> <span class='ocrx_word' id='word_1_574' title='bbox 3085 3341 3139 3394; x_wconf 89' lang='lat' dir='ltr'><strong>in</strong></span> <span class='ocrx_word' id='word_1_575' title='bbox 3166 3340 3468 3395; x_wconf 72' lang='lat' dir='ltr'><strong>contrarie-</strong></span> 
     </span>
    </p>
   </div>
   <div class='ocr_carea' id='block_1_83' title="bbox 1884 3418 3465 3499">
    <p class='ocr_par' dir='ltr' id='par_1_83' title="bbox 1884 3418 3465 3499">
     <span class='ocr_line' id='line_1_83' title="bbox 1884 3418 3465 3499; baseline -0.003 -14"><span class='ocrx_word' id='word_1_576' title='bbox 1884 3438 2050 3485; x_wconf 83' lang='lat' dir='ltr'><strong>tatem</strong></span> <span class='ocrx_word' id='word_1_577' title='bbox 2078 3428 2195 3498; x_wconf 87' lang='lat' dir='ltr'><strong>ejus</strong></span> <span class='ocrx_word' id='word_1_578' title='bbox 2218 3418 2420 3485; x_wconf 79' lang='lat' dir='ltr'><strong>locario</strong></span> <span class='ocrx_word' id='word_1_579' title='bbox 2451 3429 2574 3496; x_wconf 85' lang='lat' dir='ltr'><strong>jure</strong></span> <span class='ocrx_word' id='word_1_580' title='bbox 2602 3429 2958 3494; x_wconf 77' lang='lat' dir='ltr'><strong>conduxerat,</strong></span> <span class='ocrx_word' id='word_1_581' title='bbox 2993 3430 3048 3483; x_wconf 88' lang='lat' dir='ltr'><strong>in</strong></span> <span class='ocrx_word' id='word_1_582' title='bbox 3081 3428 3244 3484; x_wconf 84' lang='lat' dir='ltr'><strong>ﬂuvio</strong></span> <span class='ocrx_word' id='word_1_583' title='bbox 3283 3428 3465 3499; x_wconf 89' lang='lat' dir='ltr'><strong>Ligeri</strong></span> 
     </span>
    </p>
   </div>
   <div class='ocr_carea' id='block_1_84' title="bbox 1882 3517 3465 3591">
    <p class='ocr_par' dir='ltr' id='par_1_84' title="bbox 1882 3517 3465 3591">
     <span class='ocr_line' id='line_1_84' title="bbox 1882 3517 3465 3591; baseline -0.003 -15"><span class='ocrx_word' id='word_1_584' title='bbox 1882 3521 2047 3591; x_wconf 87' lang='lat' dir='ltr'><strong>capit,</strong></span> <span class='ocrx_word' id='word_1_585' title='bbox 2073 3534 2370 3590; x_wconf 85' lang='lat' dir='ltr'><strong>omnesque</strong></span> <span class='ocrx_word' id='word_1_586' title='bbox 2396 3520 2488 3588; x_wconf 90' lang='lat' dir='ltr'><strong>qui</strong></span> <span class='ocrx_word' id='word_1_587' title='bbox 2528 3519 2582 3573; x_wconf 92' lang='lat' dir='ltr'><strong>in</strong></span> <span class='ocrx_word' id='word_1_588' title='bbox 2622 3519 2716 3575; x_wconf 90' lang='lat' dir='ltr'><strong>illo</strong></span> <span class='ocrx_word' id='word_1_589' title='bbox 2751 3519 2903 3575; x_wconf 79' lang='lat' dir='ltr'><strong>fuere</strong></span> <span class='ocrx_word' id='word_1_590' title='bbox 2931 3519 3146 3590; x_wconf 89' lang='lat' dir='ltr'><strong>navigio</strong></span> <span class='ocrx_word' id='word_1_591' title='bbox 3172 3517 3465 3581; x_wconf 88' lang='lat' dir='ltr'><strong>interfecit,</strong></span> 
     </span>
    </p>
   </div>
   <div class='ocr_carea' id='block_1_85' title="bbox 1883 3610 3466 3682">
    <p class='ocr_par' dir='ltr' id='par_1_85' title="bbox 1883 3610 3466 3682">
     <span class='ocr_line' id='line_1_85' title="bbox 1883 3610 3466 3682; baseline -0.001 -16"><span class='ocrx_word' id='word_1_592' title='bbox 1883 3621 2081 3681; x_wconf 67' lang='lat' dir='ltr'><strong>praeter</strong></span> <span class='ocrx_word' id='word_1_593' title='bbox 2106 3627 2327 3681; x_wconf 86' lang='lat' dir='ltr'><strong>paucos,</strong></span> <span class='ocrx_word' id='word_1_594' title='bbox 2353 3613 2446 3681; x_wconf 87' lang='lat' dir='ltr'><strong>qui</strong></span> <span class='ocrx_word' id='word_1_595' title='bbox 2472 3611 2595 3682; x_wconf 79' lang='lat' dir='ltr'><strong>fuga</strong></span> <span class='ocrx_word' id='word_1_596' title='bbox 2617 3611 2756 3682; x_wconf 67' lang='lat' dir='ltr'><strong>iapsi</strong></span> <span class='ocrx_word' id='word_1_597' title='bbox 2783 3613 3134 3667; x_wconf 75' lang='lat' dir='ltr'><strong>delituerant.</strong></span> <span class='ocrx_word' id='word_1_598' title='bbox 3159 3610 3466 3666; x_wconf 76' lang='lat' dir='ltr'><strong>Rodbertus</strong></span> 
     </span>
    </p>
   </div>
   <div class='ocr_carea' id='block_1_86' title="bbox 1883 3702 3494 3770">
    <p class='ocr_par' dir='ltr' id='par_1_86' title="bbox 1883 3702 3494 3770">
     <span class='ocr_line' id='line_1_86' title="bbox 1883 3702 3494 3770; baseline -0.001 -15"><span class='ocrx_word' id='word_1_599' title='bbox 1883 3711 2060 3755; x_wconf 89' lang='lat' dir='ltr'><strong>autem</strong></span> <span class='ocrx_word' id='word_1_600' title='bbox 2091 3702 2438 3756; x_wconf 85' lang='lat' dir='ltr'><strong>Salomonem</strong></span> <span class='ocrx_word' id='word_1_601' title='bbox 2471 3703 2740 3756; x_wconf 89' lang='lat' dir='ltr'><strong>sustinere</strong></span> <span class='ocrx_word' id='word_1_602' title='bbox 2779 3716 2882 3757; x_wconf 90' lang='lat' dir='ltr'><strong>non</strong></span> <span class='ocrx_word' id='word_1_603' title='bbox 2917 3702 3124 3766; x_wconf 86' lang='lat' dir='ltr'><strong>valens,</strong></span> <span class='ocrx_word' id='word_1_604' title='bbox 3166 3715 3290 3756; x_wconf 85' lang='lat' dir='ltr'><strong>cum</strong></span> <span class='ocrx_word' id='word_1_605' title='bbox 3335 3714 3494 3770; x_wconf 51' lang='lat' dir='ltr'><strong>praem-</strong></span> 
     </span>
    </p>
   </div>
   <div class='ocr_carea' id='block_1_87' title="bbox 1884 3783 3526 3866">
    <p class='ocr_par' dir='ltr' id='par_1_87' title="bbox 1884 3783 3526 3866">
     <span class='ocr_line' id='line_1_87' title="bbox 1884 3783 3526 3866; baseline 0 -24"><span class='ocrx_word' id='word_1_606' title='bbox 1884 3789 2008 3843; x_wconf 89' lang='lat' dir='ltr'><strong>fatis</strong></span> <span class='ocrx_word' id='word_1_607' title='bbox 2032 3788 2378 3843; x_wconf 81' lang='lat' dir='ltr'><strong>Nortmannis</strong></span> <span class='ocrx_word' id='word_1_608' title='bbox 2399 3791 2489 3857; x_wconf 89' lang='lat' dir='ltr'><strong>qui</strong></span> <span class='ocrx_word' id='word_1_609' title='bbox 2515 3791 2580 3844; x_wconf 92' lang='lat' dir='ltr'><strong>de</strong></span> <span class='ocrx_word' id='word_1_610' title='bbox 2603 3789 2852 3858; x_wconf 88' lang='lat' dir='ltr'><strong>Sequana</strong></span> <span class='ocrx_word' id='word_1_611' title='bbox 2875 3790 3147 3852; x_wconf 76' lang='lat' dir='ltr'><strong>exierunt,</strong></span> <span class='ocrx_word' id='word_1_612' title='bbox 3174 3783 3526 3866; x_wconf 82' lang='lat' dir='ltr'><strong>antequam</strong></span> 
     </span>
    </p>
   </div>
   <div class='ocr_carea' id='block_1_88' title="bbox 1885 3865 3516 3943">
    <p class='ocr_par' dir='ltr' id='par_1_88' title="bbox 1885 3865 3516 3943">
     <span class='ocr_line' id='line_1_88' title="bbox 1885 3865 3516 3943; baseline 0 -12"><span class='ocrx_word' id='word_1_613' title='bbox 1885 3878 2003 3931; x_wconf 88' lang='lat' dir='ltr'><strong>illos</strong></span> <span class='ocrx_word' id='word_1_614' title='bbox 2031 3877 2284 3931; x_wconf 89' lang='lat' dir='ltr'><strong>Salomon</strong></span> <span class='ocrx_word' id='word_1_615' title='bbox 2324 3879 2426 3932; x_wconf 88' lang='lat' dir='ltr'><strong>sibi</strong></span> <span class='ocrx_word' id='word_1_616' title='bbox 2465 3880 2724 3932; x_wconf 83' lang='lat' dir='ltr'><strong>adversus</strong></span> <span class='ocrx_word' id='word_1_617' title='bbox 2753 3893 2876 3932; x_wconf 87' lang='lat' dir='ltr'><strong>eum</strong></span> <span class='ocrx_word' id='word_1_618' title='bbox 2922 3878 3279 3943; x_wconf 85' lang='lat' dir='ltr'><strong>adscisceret,</strong></span> <span class='ocrx_word' id='word_1_619' title='bbox 3325 3877 3468 3934; x_wconf 66' lang='lat' dir='ltr'><strong>ditis</strong></span> <span class='ocrx_word' id='word_1_620' title='bbox 3513 3865 3516 3869; x_wconf 60' lang='grc'><em>’</em></span> 
     </span>
    </p>
   </div>
   <div class='ocr_carea' id='block_1_89' title="bbox 1883 3963 3488 4035">
    <p class='ocr_par' dir='ltr' id='par_1_89' title="bbox 1883 3963 3488 4035">
     <span class='ocr_line' id='line_1_89' title="bbox 1883 3963 3488 4035; baseline -0.001 -15"><span class='ocrx_word' id='word_1_621' title='bbox 1883 3967 2158 4035; x_wconf 84' lang='lat' dir='ltr'><strong>utrimque</strong></span> <span class='ocrx_word' id='word_1_622' title='bbox 2181 3965 2478 4028; x_wconf 89' lang='lat' dir='ltr'><strong>obsidibus,</strong></span> <span class='ocrx_word' id='word_1_623' title='bbox 2530 3965 2584 4017; x_wconf 91' lang='lat' dir='ltr'><strong>in</strong></span> <span class='ocrx_word' id='word_1_624' title='bbox 2609 3999 2612 4002; x_wconf 67' lang='lat'><strong><em>~</em></strong></span> <span class='ocrx_word' id='word_1_625' title='bbox 2636 3979 2730 4017; x_wconf 81' lang='lat' dir='ltr'><strong>sex</strong></span> <span class='ocrx_word' id='word_1_626' title='bbox 2763 3963 2999 4018; x_wconf 87' lang='lat' dir='ltr'><strong>millibus</strong></span> <span class='ocrx_word' id='word_1_627' title='bbox 3037 3964 3247 4033; x_wconf 85' lang='lat' dir='ltr'><strong>argenti</strong></span> <span class='ocrx_word' id='word_1_628' title='bbox 3273 3973 3488 4019; x_wconf 81' lang='lat' dir='ltr'><strong>contra.</strong></span> 
     </span>
    </p>
   </div>
   <div class='ocr_carea' id='block_1_90' title="bbox 1882 4051 3492 4110">
    <p class='ocr_par' dir='ltr' id='par_1_90' title="bbox 1882 4051 3492 4110">
     <span class='ocr_line' id='line_1_90' title="bbox 1882 4051 3492 4110; baseline -0.004 0"><span class='ocrx_word' id='word_1_629' title='bbox 1882 4054 2128 4110; x_wconf 88' lang='lat' dir='ltr'><strong>eumdem</strong></span> <span class='ocrx_word' id='word_1_630' title='bbox 2155 4052 2502 4107; x_wconf 81' lang='lat' dir='ltr'><strong>Salomouent</strong></span> <span class='ocrx_word' id='word_1_631' title='bbox 2525 4052 2800 4107; x_wconf 80' lang='lat' dir='ltr'><strong>convenit.</strong></span> <span class='ocrx_word' id='word_1_632' title='bbox 2825 4051 3124 4107; x_wconf 80' lang='lat' dir='ltr'><strong>Welandus</strong></span> <span class='ocrx_word' id='word_1_633' title='bbox 3135 4065 3274 4106; x_wconf 82' lang='lat' dir='ltr'><strong>cum</strong></span> <span class='ocrx_word' id='word_1_634' title='bbox 3299 4065 3492 4104; x_wconf 75' lang='lat' dir='ltr'><strong>uxore-</strong></span> 
     </span>
    </p>
   </div>
   <div class='ocr_carea' id='block_1_91' title="bbox 1883 4139 3482 4202">
    <p class='ocr_par' dir='ltr' id='par_1_91' title="bbox 1883 4139 3482 4202">
     <span class='ocr_line' id='line_1_91' title="bbox 1883 4139 3482 4202; baseline -0.007 0"><span class='ocrx_word' id='word_1_635' title='bbox 1883 4157 1939 4202; x_wconf 90' lang='lat' dir='ltr'><strong>et</strong></span> <span class='ocrx_word' id='word_1_636' title='bbox 1971 4144 2097 4199; x_wconf 82' lang='lat' dir='ltr'><strong>filiis</strong></span> <span class='ocrx_word' id='word_1_637' title='bbox 2121 4145 2192 4200; x_wconf 91' lang='lat' dir='ltr'><strong>ad</strong></span> <span class='ocrx_word' id='word_1_638' title='bbox 2215 4143 2469 4199; x_wconf 86' lang='lat' dir='ltr'><strong>Carolum</strong></span> <span class='ocrx_word' id='word_1_639' title='bbox 2500 4142 2650 4196; x_wconf 87' lang='lat' dir='ltr'><strong>venit</strong></span> <span class='ocrx_word' id='word_1_640' title='bbox 2718 4150 2776 4195; x_wconf 91' lang='lat' dir='ltr'><strong>et</strong></span> <span class='ocrx_word' id='word_1_641' title='bbox 2819 4140 3315 4197; x_wconf 71' lang='lat' dir='ltr'><strong>Cbristianus-urm</strong></span> <span class='ocrx_word' id='word_1_642' title='bbox 3352 4139 3482 4193; x_wconf 87' lang='lat' dir='ltr'><strong>suis.</strong></span> 
     </span>
    </p>
   </div>
   <div class='ocr_carea' id='block_1_92' title="bbox 1881 4237 2130 4293">
    <p class='ocr_par' dir='ltr' id='par_1_92' title="bbox 1881 4237 2130 4293">
     <span class='ocr_line' id='line_1_92' title="bbox 1881 4237 2130 4293; baseline -0.016 0"><span class='ocrx_word' id='word_1_643' title='bbox 1881 4237 2130 4293; x_wconf 78' lang='lat' dir='ltr'><strong>efﬁcitur.</strong></span> 
     </span>
    </p>
   </div>
   <div class='ocr_carea' id='block_1_93' title="bbox 1953 4317 3463 4392">
    <p class='ocr_par' dir='ltr' id='par_1_93' title="bbox 1953 4317 3463 4392">
     <span class='ocr_line' id='line_1_93' title="bbox 1953 4317 3463 4392; baseline -0.007 -10"><span class='ocrx_word' id='word_1_644' title='bbox 1953 4318 2377 4388; x_wconf 85' lang='lat' dir='ltr'><strong>Carlomannus,</strong></span> <span class='ocrx_word' id='word_1_645' title='bbox 2408 4320 2702 4378; x_wconf 83' lang='lat' dir='ltr'><strong>llludowici</strong></span> <span class='ocrx_word' id='word_1_646' title='bbox 2753 4322 2898 4392; x_wconf 86' lang='lat' dir='ltr'><strong>regis</strong></span> <span class='ocrx_word' id='word_1_647' title='bbox 2948 4319 3263 4376; x_wconf 69' lang='lat' dir='ltr'><strong>Germanire</strong></span> <span class='ocrx_word' id='word_1_648' title='bbox 3299 4317 3463 4383; x_wconf 86' lang='lat' dir='ltr'><strong>ﬁlius,</strong></span> 
     </span>
    </p>
   </div>
   <div class='ocr_carea' id='block_1_94' title="bbox 1883 4409 3467 4486">
    <p class='ocr_par' dir='ltr' id='par_1_94' title="bbox 1883 4409 3467 4486">
     <span class='ocr_line' id='line_1_94' title="bbox 1883 4409 3467 4486; baseline -0.008 -11"><span class='ocrx_word' id='word_1_649' title='bbox 1883 4433 2142 4475; x_wconf 88' lang='lat' dir='ltr'><strong>concessa</strong></span> <span class='ocrx_word' id='word_1_650' title='bbox 2186 4417 2288 4472; x_wconf 88' lang='lat' dir='ltr'><strong>sibi</strong></span> <span class='ocrx_word' id='word_1_651' title='bbox 2335 4432 2365 4470; x_wconf 90' lang='lat' dir='ltr'><strong>a</strong></span> <span class='ocrx_word' id='word_1_652' title='bbox 2394 4423 2547 4486; x_wconf 88' lang='lat' dir='ltr'><strong>patre</strong></span> <span class='ocrx_word' id='word_1_653' title='bbox 2591 4413 2741 4483; x_wconf 87' lang='lat' dir='ltr'><strong>regni</strong></span> <span class='ocrx_word' id='word_1_654' title='bbox 2769 4413 3015 4482; x_wconf 86' lang='lat' dir='ltr'><strong>portione</strong></span> <span class='ocrx_word' id='word_1_655' title='bbox 3041 4426 3206 4479; x_wconf 85' lang='lat' dir='ltr'><strong>quam</strong></span> <span class='ocrx_word' id='word_1_656' title='bbox 3254 4409 3467 4480; x_wconf 75' lang='lat' dir='ltr'><strong>pridem</strong></span> 
     </span>
    </p>
   </div>
   <div class='ocr_carea' id='block_1_95' title="bbox 1883 4498 3470 4571">
    <p class='ocr_par' dir='ltr' id='par_1_95' title="bbox 1883 4498 3470 4571">
     <span class='ocr_line' id='line_1_95' title="bbox 1883 4498 3470 4571; baseline -0.006 -7"><span class='ocrx_word' id='word_1_657' title='bbox 1883 4510 2187 4571; x_wconf 87' lang='lat' dir='ltr'><strong>invaserat,</strong></span> <span class='ocrx_word' id='word_1_658' title='bbox 2212 4515 2267 4561; x_wconf 90' lang='lat' dir='ltr'><strong>et</strong></span> <span class='ocrx_word' id='word_1_659' title='bbox 2295 4506 2420 4560; x_wconf 89' lang='lat' dir='ltr'><strong>dato</strong></span> <span class='ocrx_word' id='word_1_660' title='bbox 2449 4513 2810 4563; x_wconf 87' lang='lat' dir='ltr'><strong>sacramento.</strong></span> <span class='ocrx_word' id='word_1_661' title='bbox 2845 4518 2912 4559; x_wconf 91' lang='lat' dir='ltr'><strong>ne</strong></span> <span class='ocrx_word' id='word_1_662' title='bbox 2937 4500 3171 4570; x_wconf 85' lang='lat' dir='ltr'><strong>amplius</strong></span> <span class='ocrx_word' id='word_1_663' title='bbox 3199 4500 3328 4557; x_wconf 83' lang='lat' dir='ltr'><strong>inde</strong></span> <span class='ocrx_word' id='word_1_664' title='bbox 3351 4498 3470 4554; x_wconf 86' lang='lat' dir='ltr'><strong>sine</strong></span> 
     </span>
    </p>
   </div>
   <div class='ocr_carea' id='block_1_96' title="bbox 1884 4590 3467 4671">
    <p class='ocr_par' dir='ltr' id='par_1_96' title="bbox 1884 4590 3467 4671">
     <span class='ocr_line' id='line_1_96' title="bbox 1884 4590 3467 4671; baseline -0.006 -18"><span class='ocrx_word' id='word_1_665' title='bbox 1884 4599 2053 4671; x_wconf 87' lang='lat' dir='ltr'><strong>patris</strong></span> <span class='ocrx_word' id='word_1_666' title='bbox 2078 4597 2353 4652; x_wconf 87' lang='lat' dir='ltr'><strong>voluntate</strong></span> <span class='ocrx_word' id='word_1_667' title='bbox 2393 4592 2735 4659; x_wconf 64' lang='lat' dir='ltr'><strong>invaderet‘,</strong></span> <span class='ocrx_word' id='word_1_668' title='bbox 2766 4609 2889 4649; x_wconf 90' lang='lat' dir='ltr'><strong>cum</strong></span> <span class='ocrx_word' id='word_1_669' title='bbox 2934 4601 3088 4663; x_wconf 87' lang='lat' dir='ltr'><strong>patre</strong></span> <span class='ocrx_word' id='word_1_670' title='bbox 3130 4590 3467 4660; x_wconf 75' lang='lat' dir='ltr'><strong>pacificatur.</strong></span> 
     </span>
    </p>
   </div>
   <div class='ocr_carea' id='block_1_97' title="bbox 1884 4676 3476 4757">
    <p class='ocr_par' dir='ltr' id='par_1_97' title="bbox 1884 4676 3476 4757">
     <span class='ocr_line' id='line_1_97' title="bbox 1884 4676 3476 4757; baseline -0.008 -12"><span class='ocrx_word' id='word_1_671' title='bbox 1884 4688 2232 4746; x_wconf 81' lang='lat' dir='ltr'><strong>llludowicus</strong></span> <span class='ocrx_word' id='word_1_672' title='bbox 2274 4687 2544 4757; x_wconf 76' lang='lat' dir='ltr'><strong>denique,</strong></span> <span class='ocrx_word' id='word_1_673' title='bbox 2585 4682 2958 4742; x_wconf 82' lang='lat' dir='ltr'><strong>ﬁliusCaroli</strong></span> <span class='ocrx_word' id='word_1_674' title='bbox 3013 4680 3212 4750; x_wconf 86' lang='lat' dir='ltr'><strong>regis,</strong></span> <span class='ocrx_word' id='word_1_675' title='bbox 3245 4676 3476 4735; x_wconf 85' lang='lat' dir='ltr'><strong>consilio</strong></span> 
     </span>
    </p>
   </div>
   <div class='ocr_carea' id='block_1_98' title="bbox 1425 4797 2260 4860">
    <p class='ocr_par' dir='ltr' id='par_1_98' title="bbox 1425 4797 2260 4860">
     <span class='ocr_line' id='line_1_98' title="bbox 1425 4797 2260 4860; baseline 0.002 -9"><span class='ocrx_word' id='word_1_676' title='bbox 1425 4797 1819 4860; x_wconf 78' lang='lat' dir='ltr'><strong>VARIANTES</strong></span> <span class='ocrx_word' id='word_1_677' title='bbox 1856 4798 2260 4860; x_wconf 82' lang='lat' dir='ltr'><strong>LECTIONES.</strong></span> 
     </span>
    </p>
   </div>
   <div class='ocr_carea' id='block_1_99' title="bbox 275 4904 2228 4974">
    <p class='ocr_par' dir='ltr' id='par_1_99' title="bbox 275 4904 2228 4974">
     <span class='ocr_line' id='line_1_99' title="bbox 275 4904 2228 4974; baseline -0.003 -9"><span class='ocrx_word' id='word_1_678' title='bbox 275 4912 291 4941; x_wconf 87' lang='grc'>¹</span> <span class='ocrx_word' id='word_1_679' title='bbox 327 4905 768 4974; x_wconf 82' lang='lat' dir='ltr'><strong>rothardumCh.</strong></span> <span class='ocrx_word' id='word_1_680' title='bbox 845 4907 866 4936; x_wconf 83' lang='grc'>¹</span> <span class='ocrx_word' id='word_1_681' title='bbox 908 4905 1043 4960; x_wconf 90' lang='lat' dir='ltr'><strong>romi</strong></span> <span class='ocrx_word' id='word_1_682' title='bbox 1073 4904 1173 4959; x_wconf 78' lang='lat' dir='ltr'><strong>Cn.</strong></span> <span class='ocrx_word' id='word_1_683' title='bbox 1248 4907 1269 4938; x_wconf 89' lang='grc'>³</span> <span class='ocrx_word' id='word_1_684' title='bbox 1302 4906 1621 4962; x_wconf 88' lang='lat' dir='ltr'><strong>canonicum</strong></span> <span class='ocrx_word' id='word_1_685' title='bbox 1650 4905 1747 4962; x_wconf 83' lang='lat' dir='ltr'><strong>Ch.</strong></span> <span class='ocrx_word' id='word_1_686' title='bbox 1826 4910 1847 4941; x_wconf 71' lang='grc' dir='ltr'>δ</span> <span class='ocrx_word' id='word_1_687' title='bbox 1874 4908 2130 4964; x_wconf 86' lang='lat' dir='ltr'><strong>evaderet</strong></span> <span class='ocrx_word' id='word_1_688' title='bbox 2160 4904 2228 4960; x_wconf 77' lang='lat' dir='ltr'><strong>ﬂ.</strong></span> 
     </span>
    </p>
   </div>
   <div class='ocr_carea' id='block_1_100' title="bbox 1728 5025 1966 5086">
    <p class='ocr_par' dir='ltr' id='par_1_100' title="bbox 1728 5025 1966 5086">
     <span class='ocr_line' id='line_1_100' title="bbox 1728 5025 1966 5086; baseline -0.004 -5"><span class='ocrx_word' id='word_1_689' title='bbox 1728 5025 1966 5086; x_wconf 62' lang='lat' dir='ltr'><strong>NOT/E.</strong></span> 
     </span>
    </p>
   </div>
   <div class='ocr_carea' id='block_1_101' title="bbox 194 5135 1782 5213">
    <p class='ocr_par' dir='ltr' id='par_1_101' title="bbox 194 5135 1782 5213">
     <span class='ocr_line' id='line_1_101' title="bbox 194 5135 1782 5213; baseline -0.005 -16"><span class='ocrx_word' id='word_1_690' title='bbox 194 5149 466 5213; x_wconf 81' lang='lat' dir='ltr'><strong>causatus,</strong></span> <span class='ocrx_word' id='word_1_691' title='bbox 501 5137 629 5193; x_wconf 89' lang='lat' dir='ltr'><strong>licet</strong></span> <span class='ocrx_word' id='word_1_692' title='bbox 655 5135 876 5213; x_wconf 68' lang='lat' dir='ltr'><strong>triginta</strong></span> <span class='ocrx_word' id='word_1_693' title='bbox 903 5138 1132 5213; x_wconf 81' lang='lat' dir='ltr'><strong>duorum</strong></span> <span class='ocrx_word' id='word_1_694' title='bbox 1162 5139 1538 5213; x_wconf 80' lang='lat' dir='ltr'><strong>episcoporum</strong></span> <span class='ocrx_word' id='word_1_695' title='bbox 1567 5136 1782 5213; x_wconf 70' lang='lat' dir='ltr'><strong>judicio</strong></span> 
     </span>
    </p>
   </div>
   <div class='ocr_carea' id='block_1_102' title="bbox 194 5206 1775 5281">
    <p class='ocr_par' dir='ltr' id='par_1_102' title="bbox 194 5206 1775 5281">
     <span class='ocr_line' id='line_1_102' title="bbox 194 5206 1775 5281; baseline -0.001 -15"><span class='ocrx_word' id='word_1_696' title='bbox 194 5211 310 5281; x_wconf 81' lang='lat' dir='ltr'><strong>eius</strong></span> <span class='ocrx_word' id='word_1_697' title='bbox 334 5207 710 5266; x_wconf 83' lang='lat' dir='ltr'><strong>exauctoratio</strong></span> <span class='ocrx_word' id='word_1_698' title='bbox 735 5206 954 5281; x_wconf 66' lang='lat' dir='ltr'><strong>decreta</strong></span> <span class='ocrx_word' id='word_1_699' title='bbox 977 5206 1210 5281; x_wconf 52' lang='lat' dir='ltr'><strong>fuisset.‘</strong></span> <span class='ocrx_word' id='word_1_700' title='bbox 1227 5211 1308 5266; x_wconf 81' lang='lat' dir='ltr'><strong>Ad</strong></span> <span class='ocrx_word' id='word_1_701' title='bbox 1343 5206 1475 5281; x_wconf 11' lang='lat' dir='ltr'><strong>haec!</strong></span> <span class='ocrx_word' id='word_1_702' title='bbox 1500 5209 1775 5281; x_wconf 75' lang='lat' dir='ltr'><strong>presbyte-</strong></span> 
     </span>
    </p>
   </div>
   <div class='ocr_carea' id='block_1_103' title="bbox 193 5275 1772 5350">
    <p class='ocr_par' dir='ltr' id='par_1_103' title="bbox 193 5275 1772 5350">
     <span class='ocr_line' id='line_1_103' title="bbox 193 5275 1772 5350; baseline -0.001 -17"><span class='ocrx_word' id='word_1_703' title='bbox 193 5275 307 5350; x_wconf 57' lang='lat' dir='ltr'><strong>rum</strong></span> <span class='ocrx_word' id='word_1_704' title='bbox 334 5281 594 5338; x_wconf 87' lang='lat' dir='ltr'><strong>alterum,</strong></span> <span class='ocrx_word' id='word_1_705' title='bbox 617 5289 774 5344; x_wconf 90' lang='lat' dir='ltr'><strong>quem</strong></span> <span class='ocrx_word' id='word_1_706' title='bbox 791 5275 1084 5350; x_wconf 78' lang='lat' dir='ltr'><strong>_Rotbadus</strong></span> <span class='ocrx_word' id='word_1_707' title='bbox 1113 5280 1374 5350; x_wconf 86' lang='lat' dir='ltr'><strong>depositio</strong></span> <span class='ocrx_word' id='word_1_708' title='bbox 1396 5275 1772 5350; x_wconf 71' lang='lat' dir='ltr'><strong>substituerat,</strong></span> 
     </span>
    </p>
   </div>
   <div class='ocr_carea' id='block_1_104' title="bbox 193 5343 1774 5425">
    <p class='ocr_par' dir='ltr' id='par_1_104' title="bbox 193 5343 1774 5425">
     <span class='ocr_line' id='line_1_104' title="bbox 193 5343 1774 5425; baseline 0.002 -24"><span class='ocrx_word' id='word_1_709' title='bbox 193 5347 514 5425; x_wconf 75' lang='lat' dir='ltr'><strong>Hincmarus</strong></span> <span class='ocrx_word' id='word_1_710' title='bbox 535 5343 915 5425; x_wconf 52' lang='lat' dir='ltr'><strong>communione</strong></span> <span class='ocrx_word' id='word_1_711' title='bbox 941 5343 1200 5425; x_wconf 56' lang='lat' dir='ltr'><strong>privavit}</strong></span> <span class='ocrx_word' id='word_1_712' title='bbox 1235 5350 1381 5425; x_wconf 80' lang='lat' dir='ltr'><strong>illum</strong></span> <span class='ocrx_word' id='word_1_713' title='bbox 1405 5361 1566 5425; x_wconf 65' lang='lat' dir='ltr'><strong>vero,</strong></span> <span class='ocrx_word' id='word_1_714' title='bbox 1589 5348 1678 5416; x_wconf 92' lang='lat' dir='ltr'><strong>qui</strong></span> <span class='ocrx_word' id='word_1_715' title='bbox 1702 5343 1774 5404; x_wconf 88' lang='lat' dir='ltr'><strong>ob</strong></span> 
     </span>
    </p>
   </div>
   <div class='ocr_carea' id='block_1_105' title="bbox 192 5411 1774 5487">
    <p class='ocr_par' dir='ltr' id='par_1_105' title="bbox 192 5411 1774 5487">
     <span class='ocr_line' id='line_1_105' title="bbox 192 5411 1774 5487; baseline 0.001 -16"><span class='ocrx_word' id='word_1_716' title='bbox 192 5425 426 5487; x_wconf 88' lang='lat' dir='ltr'><strong>stuprum</strong></span> <span class='ocrx_word' id='word_1_717' title='bbox 460 5411 964 5487; x_wconf 67' lang='lat' dir='ltr'><strong>deposit_us_fue_rat&#39;,</strong></span> <span class='ocrx_word' id='word_1_718' title='bbox 995 5411 1251 5483; x_wconf 59' lang='lat' dir='ltr'><strong>ecclesiae,</strong></span> <span class='ocrx_word' id='word_1_719' title='bbox 1284 5423 1368 5478; x_wconf 89' lang='lat' dir='ltr'><strong>cui</strong></span> <span class='ocrx_word' id='word_1_720' title='bbox 1399 5411 1774 5487; x_wconf 16' lang='lat' dir='ltr'><strong>fueratg&#39;antea</strong></span> 
     </span>
    </p>
   </div>
   <div class='ocr_carea' id='block_1_106' title="bbox 184 5482 1774 5578">
    <p class='ocr_par' dir='ltr' id='par_1_106' title="bbox 184 5482 1774 5578">
     <span class='ocr_line' id='line_1_106' title="bbox 184 5482 1774 5578; baseline -0.001 -37"><span class='ocrx_word' id='word_1_721' title='bbox 184 5482 810 5578; x_wconf 40' lang='lat' dir='ltr'><strong>praepositum—restituit.</strong></span> <span class='ocrx_word' id='word_1_722' title='bbox 841 5482 1293 5578; x_wconf 58' lang='lat' dir='ltr'><strong>Iam&#39;jrregulari</strong></span> <span class='ocrx_word' id='word_1_723' title='bbox 1325 5488 1541 5578; x_wconf 76' lang='lat' dir='ltr'><strong>judicio</strong></span> <span class='ocrx_word' id='word_1_724' title='bbox 1575 5485 1774 5578; x_wconf 50' lang='lat' dir='ltr'><strong>Betim:</strong></span> 
     </span>
    </p>
   </div>
   <div class='ocr_carea' id='block_1_107' title="bbox 1421 5555 1769 5578">
    <p class='ocr_par' dir='ltr' id='par_1_107' title="bbox 1421 5555 1769 5578">
     <span class='ocr_line' id='line_1_107' title="bbox 1421 5555 1769 5578; baseline 0 0"><span class='ocrx_word' id='word_1_725' title='bbox 1421 5575 1435 5578; x_wconf 91' lang='lat'>_</span> <span class='ocrx_word' id='word_1_726' title='bbox 1492 5571 1628 5578; x_wconf 61' lang='lat'><strong>-__..</strong></span> <span class='ocrx_word' id='word_1_727' title='bbox 1673 5555 1769 5578; x_wconf 73' lang='grc' dir='ltr'><strong>ορ·</strong></span> 
     </span>
    </p>
   </div>
   <div class='ocr_carea' id='block_1_108' title="bbox 1950 5138 2228 5191">
    <p class='ocr_par' dir='ltr' id='par_1_108' title="bbox 1950 5138 2228 5191">
     <span class='ocr_line' id='line_1_108' title="bbox 1950 5138 2228 5191; baseline -0.004 1"><span class='ocrx_word' id='word_1_728' title='bbox 1950 5152 1975 5178; x_wconf 75' lang='grc' dir='ltr'>α</span> <span class='ocrx_word' id='word_1_729' title='bbox 2020 5138 2228 5191; x_wconf 79' lang='lat' dir='ltr'><strong>Maron.</strong></span> 
     </span>
    </p>
   </div>
   <div class='ocr_carea' id='block_1_109' title="bbox 1953 5207 2213 5261">
    <p class='ocr_par' dir='ltr' id='par_1_109' title="bbox 1953 5207 2213 5261">
     <span class='ocr_line' id='line_1_109' title="bbox 1953 5207 2213 5261; baseline -0.004 0"><span class='ocrx_word' id='word_1_730' title='bbox 1953 5211 1982 5248; x_wconf 73' lang='grc' dir='ltr'>δ</span> <span class='ocrx_word' id='word_1_731' title='bbox 2021 5207 2213 5261; x_wconf 69' lang='lat' dir='ltr'><strong>Srnlis.</strong></span> 
     </span>
    </p>
   </div>
   <div class='ocr_carea' id='block_1_110' title="bbox 1953 5275 2315 5336">
    <p class='ocr_par' dir='ltr' id='par_1_110' title="bbox 1953 5275 2315 5336">
     <span class='ocr_line' id='line_1_110' title="bbox 1953 5275 2315 5336; baseline 0.003 -6"><span class='ocrx_word' id='word_1_732' title='bbox 1953 5290 1974 5317; x_wconf 73' lang='grc' dir='ltr'><strong>ο</strong></span> <span class='ocrx_word' id='word_1_733' title='bbox 2019 5275 2184 5330; x_wconf 76' lang='lat' dir='ltr'><strong>Fland</strong></span> <span class='ocrx_word' id='word_1_734' title='bbox 2195 5279 2315 5336; x_wconf 64' lang='lat' dir='ltr'><strong>rim.</strong></span> 
     </span>
    </p>
   </div>
   <div class='ocr_carea' id='block_1_111' title="bbox 1949 5347 2495 5411">
    <p class='ocr_par' dir='ltr' id='par_1_111' title="bbox 1949 5347 2495 5411">
     <span class='ocr_line' id='line_1_111' title="bbox 1949 5347 2495 5411; baseline 0.002 -10"><span class='ocrx_word' id='word_1_735' title='bbox 1949 5349 1974 5388; x_wconf 70' lang='grc' dir='ltr'><strong><em>ἀ</em></strong></span> <span class='ocrx_word' id='word_1_736' title='bbox 2016 5347 2070 5401; x_wconf 90' lang='lat' dir='ltr'><strong>ld</strong></span> <span class='ocrx_word' id='word_1_737' title='bbox 2093 5354 2194 5411; x_wconf 88' lang='lat' dir='ltr'><strong>est,</strong></span> <span class='ocrx_word' id='word_1_738' title='bbox 2221 5347 2495 5409; x_wconf 69' lang='lat' dir='ltr'><strong>Juditllm.</strong></span> 
     </span>
    </p>
   </div>
   <div class='ocr_carea' id='block_1_112' title="bbox 1959 5415 2166 5469">
    <p class='ocr_par' dir='ltr' id='par_1_112' title="bbox 1959 5415 2166 5469">
     <span class='ocr_line' id='line_1_112' title="bbox 1959 5415 2166 5469; baseline -0.014 0"><span class='ocrx_word' id='word_1_739' title='bbox 1959 5431 1982 5457; x_wconf 74' lang='grc' dir='ltr'><strong>ο</strong></span> <span class='ocrx_word' id='word_1_740' title='bbox 2026 5415 2166 5469; x_wconf 80' lang='lat' dir='ltr'><strong>Oisc.</strong></span> 
     </span>
    </p>
   </div>
   <div class='ocr_carea' id='block_1_113' title="bbox 1966 5483 2251 5540">
    <p class='ocr_par' dir='ltr' id='par_1_113' title="bbox 1966 5483 2251 5540">
     <span class='ocr_line' id='line_1_113' title="bbox 1966 5483 2251 5540; baseline 0.004 -4"><span class='ocrx_word' id='word_1_741' title='bbox 1966 5488 1982 5525; x_wconf 76' lang='grc' dir='ltr'><em>ι</em></span> <span class='ocrx_word' id='word_1_742' title='bbox 2032 5483 2251 5540; x_wconf 73' lang='lat' dir='ltr'><strong>Meaux.</strong></span> 
     </span>
    </p>
   </div>
   <div class='ocr_carea' id='block_1_114' title="bbox 1963 5551 2310 5578">
    <p class='ocr_par' dir='ltr' id='par_1_114' title="bbox 1963 5551 2310 5578">
     <span class='ocr_line' id='line_1_114' title="bbox 1963 5551 2310 5578; baseline 0 0"><span class='ocrx_word' id='word_1_743' title='bbox 1963 5560 1986 5578; x_wconf 73' lang='grc' dir='ltr'><strong><em>ο</em></strong></span> <span class='ocrx_word' id='word_1_744' title='bbox 2023 5551 2279 5578; x_wconf 56' lang='grc' dir='ltr'><strong>ωηιηζηΑι--</strong></span> <span class='ocrx_word' id='word_1_745' title='bbox 2305 5576 2310 5578; x_wconf 95' lang='grc'>.</span> 
     </span>
    </p>
   </div>
   <div class='ocr_carea' id='block_1_115' title="bbox 2391 5533 3528 5578">
    <p class='ocr_par' dir='ltr' id='par_1_115' title="bbox 2391 5533 3528 5578">
     <span class='ocr_line' id='line_1_115' title="bbox 2391 5533 3528 5578; baseline -0.009 0"><span class='ocrx_word' id='word_1_746' title='bbox 2391 5547 2630 5578; x_wconf 75' lang='grc' dir='ltr'><strong>η.-Ι.Ι.-1η</strong></span> <span class='ocrx_word' id='word_1_747' title='bbox 2683 5563 2932 5578; x_wconf 68' lang='grc' dir='ltr'><strong>νη--.---</strong></span> <span class='ocrx_word' id='word_1_748' title='bbox 3027 5536 3190 5578; x_wconf 66' lang='lat' dir='ltr'><strong>ruina</strong></span> <span class='ocrx_word' id='word_1_749' title='bbox 3231 5533 3528 5572; x_wconf 56' lang='grc' dir='ltr'><strong>Τπ-ὅληιιιι...</strong></span> 
     </span>
    </p>
   </div>
  </div>
