4038 6322
544 390 679 448 ﬁll

1598 395 1692 450 AD
1724 394 1952 452 OPERA
1992 397 2321 454 HINCMARI
2359 400 2724 457 APPENDIX.

3682 401 3829 459 €213

542 503 821 575 placitum,
841 519 950 574 quo
981 503 1138 560 simul
1165 503 1386 559 redeant
1408 512 1466 559 et
1484 505 1552 560 de
1585 505 1720 574 ipso
1771 523 1937 579 regno
1983 511 2128 580 apud
2154 511 2207 571 Α
2231 511 2544 568 Lotharium
2572 524 2628 568 et
2655 527 2878 569 uxorem
2904 529 3054 568 suam
3080 515 3475 583 Theotbergam
3522 515 3826 580 acciderat,

543 610 604 649 se
635 603 887 659 tractent,
915 593 1261 650 llludowicns
1298 593 1530 660 Italiam,
1585 595 1900 653 Hlotharius
1941 599 1997 652 in
2047 613 2134 654 re-

546 699 710 754 gnum
740 699 896 740 suum
936 683 1242 738 revertitur.

618 775 844 850 Carolus
898 789 994 829 rex
1031 774 1400 829 Cenomannis
1433 775 1450 806 ¹
1477 775 1754 832 civitatem
1803 776 1934 841 adit,
1980 777 2135 831 inde.

549 881 654 936 quc
680 880 851 934 usque
889 866 956 918 ad
995 864 1384 920 monasterium
1412 866 1559 936 quod
1601 867 1924 922 lnteramnis
1952 880 1979 907 ι
2008 867 2136 921 dici-

550 968 639 1011 tur
665 957 938 1025 procedit;
989 957 1076 1011 ubi
1141 956 1420 1021 Salomon,
1477 959 1586 1014 dux
1646 958 1950 1023 Britonum,
2009 973 2134 1013 cum

547 1046 877 1115 primoribus
900 1061 1012 1101 sua:
1036 1047 1212 1117 gentis
1254 1047 1326 1102 illi
1372 1048 1592 1102 obviam
1635 1049 1802 1111 venit,
1851 1064 2019 1118 seque
2056 1049 2132 1103 illi

546 1137 971 1192 commendatet
999 1137 1313 1191 fidelitatem
1361 1137 1534 1207 jurat,
1578 1152 1875 1206 omnesque
1932 1138 2138 1206 primo-

548 1242 637 1283 res
673 1228 970 1283 Britanniae
1001 1227 1188 1296 jurare
1218 1228 1367 1292 facit,
1417 1238 1472 1283 et
1505 1244 1732 1283 censum
1783 1229 1925 1284 illius
1977 1239 2136 1285 terra:

547 1320 844 1376 secundum
868 1321 1146 1388 antiquam
1168 1321 1614 1375 consuetudinem
1645 1321 1717 1374 illi
1751 1321 2000 1376 exsolvit.
2029 1323 2128 1378 Cui

549 1409 777 1466 Carolus
806 1410 876 1464 ob
930 1409 1204 1464 lidelitatis
1249 1425 1360 1465 sum
1407 1411 1660 1464 meritum
1707 1420 1913 1478 partem
1973 1419 2135 1466 terra!

479 1537 484 1542 ρ
549 1515 671 1570 qua:
708 1500 1213 1569 lnter-duas-aquas
1260 1501 1479 1565 dicitur,
1531 1512 1588 1556 et
1629 1503 1899 1556 abbatiam
1962 1503 2136 1558 sancti

547 1588 729 1642 Albini
763 1589 790 1628 δ
824 1588 877 1642 in
902 1587 1222 1644 beneficium
1250 1591 1436 1645 donat.
1459 1590 1771 1645 Cozfridum
1796 1601 1850 1646 ct
1879 1593 2135 1648 Roricnm

549 1690 711 1752 atque
739 1683 1045 1747 Heriveum,
1069 1692 1405 1754 caeterosque
1435 1686 1525 1753 qui
1556 1686 1626 1739 ab
1653 1699 1719 1738 eo
1772 1701 1944 1754 nuper
1995 1687 2138 1740 sicut

548 1781 604 1828 et
633 1788 776 1843 saepe
805 1773 1136 1839 defecerant,
1170 1776 1382 1844 recipit.
1413 1784 1613 1830 etcum
1657 1776 1984 1845 indulgentia
2035 1778 2134 1829 I10-

2233 613 2289 658 et
2317 619 2414 674 pro
2437 604 2912 674 superindnctione
2932 607 3245 660 concubinus
3273 605 3608 669 Waldradae,
3662 621 3839 674 quam

2233 703 2421 748 contra
2445 695 2588 764 leges
2613 694 3010 752 ecclesiasﬁcas
3032 703 3089 748 et
3128 697 3426 750 mundanas
3488 696 3554 749 iis
3598 711 3841 750 nionem

2235 785 2334 839 sibi
2366 787 2653 840 asciverat.
2682 785 2739 838 ln
2769 801 2876 854 qua
2902 784 3104 856 synodo
3125 784 3331 854 prrefati
3379 784 3531 839 missi
3582 785 3832 853 corrupti

2235 878 2570 940 muneribus,
2601 876 2859 945 epistolas
2907 876 3089 931 domui
3135 876 3413 944 apostolici
3464 875 3831 938 occultantes,

2235 964 2458 1019 nihilde
2495 966 2580 1020 his
2602 981 2722 1034 qua:
2760 965 2862 1018 sibi
2905 964 3277 1019 commendata
3337 963 3580 1028 fuerunt,
3634 978 3831 1018 secun-

2235 1054 2362 1109 dum
2387 1069 2596 1109 sacram
2629 1053 3005 1108 auctoritatem
3033 1061 3279 1122 egerunt.
3312 1051 3379 1106 Ut
3408 1061 3596 1106 autem
3630 1052 3832 1121 aliquid

2234 1145 2546 1199 viderentur
2582 1145 2774 1213 egisse.
2807 1143 3188 1204 G’untharium,
3213 1141 3600 1196 Coloniensem
3621 1141 3840 1196 archie-

2237 1233 2538 1304 piscopum,
2567 1245 2622 1288 et
2650 1234 3082 1304 Theutgaudum,
3115 1233 3510 1287 Treverensem
3541 1247 3707 1301 eque
3753 1248 3835 1285 ar-

2237 1327 2658 1396 chicpiscopum,
2695 1343 2818 1382 cum
2861 1327 3069 1382 veniis‘
3105 1339 3241 1394 quas
3291 1327 3345 1380 in
3390 1325 3590 1379 eadem
3634 1324 3836 1394 synodo

2238 1419 2676 1487 subscripserunt
2699 1419 2938 1487 episcopi
2970 1418 3117 1488 regni
3141 1415 3428 1481 lllotharii,
3462 1415 3714 1470 factione
3736 1413 3836 1468 ﬂa-

2237 1512 2486 1581 ganonis,
2517 1513 2718 1565 versuti
2751 1519 2804 1564 et
2833 1509 3168 1578 cupidissimi
3198 1508 3398 1563 Italica:
3450 1508 3702 1576 regionis
3729 1506 3839 1576 epi-

2238 1602 2387 1670 sc0pi
2426 1602 2468 1665 ',
2495 1599 2722 1656 Romam
2745 1600 3150 1670 irejusserunt,
3175 1608 3238 1651 ut
3249 1597 3460 1664 judicio
3483 1595 3681 1651 domui
3709 1609 3838 1665 apo-

2239 1689 2414 1744 stolici
2443 1689 2556 1757 ipsa
2590 1703 2752 1742 causa
2785 1684 3126 1742 diﬁlniretur.
3192 1685 3435 1740 Domnus
3498 1685 3840 1753 apostolicus

2240 1786 2502 1848 quzeacta
2531 1777 2746 1832 fuerant
2785 1777 2940 1847 plene
2998 1790 3346 1846 cognoscens,
3393 1786 3452 1831 et
3497 1775 3836 1832 Rodoaldum

547 1866 773 1921 noribus
801 1867 997 1933 donat:
1029 1870 1260 1936 indeque
1313 1869 1676 1924 Cenomannis
1707 1871 2018 1932 revertitur,
2082 1877 2138 1924 et
2169 1851 2216 1915 Β
2245 1867 2496 1922 similiter
2527 1866 2549 1897 ⁸
2593 1867 2887 1934 cupiditate
2937 1867 2993 1920 in
3041 1865 3511 1935 Constantinopoli
3557 1882 3687 1921 cum
3737 1865 3838 1920 Za-

545 1957 747 2027 pascha
780 1959 989 2013 Domini
1020 1959 1280 2014 celebrat.

618 2038 918 2103 Hunfridus
947 2061 969 2087 °
1005 2090 1020 2114 ,
1066 2048 1277 2104 Gothiae
1319 2050 1578 2112 marchio,
1637 2051 1755 2105 sine
1799 2051 2132 2106 conscientia

546 2137 726 2194 Caroli
759 2139 922 2209 regis,
951 2141 1186 2196 factione
1208 2141 1368 2197 solito
1390 2158 1541 2196 more
1571 2142 1984 2205 Tolosanornm,
2041 2143 2132 2211 qui

548 2227 841 2283 comitibus
867 2229 982 2284 suis
1004 2231 1249 2285 eamdem
1297 2230 1572 2285 civitatem
1620 2231 1968 2300 supplantare
2008 2241 2138 2286 sunt

547 2318 714 2382 soliti,
745 2318 994 2375 Tolosam
1020 2319 1324 2377 Reimundo
1351 2322 1603 2391 subripit,
1631 2332 1687 2376 et
1734 2323 1836 2377 sibi
1886 2331 2130 2391 usurpat.

547 2410 774 2466 Carolus
806 2427 900 2467 rex
931 2413 997 2468 de
1019 2414 1265 2482 partibus
1311 2413 1760 2484 trans-Sequanis
1798 2414 2131 2482 regrediens,

546 2502 869 2564 Lutardum,
911 2504 1089 2574 Papia:
1131 2505 1462 2575 episcopum,
1518 2503 1588 2559 de
1634 2513 1786 2574 parte
1836 2503 2132 2558 Hludowici

546 2593 890 2664 imperatoris
917 2595 1104 2659 Italiae,
1130 2603 1185 2649 et
1207 2594 1608 2658 Gebahardum,
1654 2592 1968 2663 Spirensem
2023 2593 2136 2661 epi-

546 2697 798 2752 scopum,
837 2685 903 2739 de
929 2694 1082 2754 parte
1117 2683 1414 2740 Hludowici
1448 2683 1630 2739 fratris
1675 2685 1786 2749 sui,
1815 2684 1957 2754 regis
2003 2683 2134 2738 Ger-

546 2775 762 2840 mante,
781 2786 837 2830 et
862 2774 1221 2829 Nantharium
1254 2776 1508 2830 comitem
1558 2775 1628 2831 de
1665 2785 1821 2845 parte
1865 2774 2132 2837 Lotharii,

545 2865 762 2932 nepotis
789 2864 896 2930 sui,
925 2865 1124 2935 accipit
1155 2880 1253 2935 pro
1285 2879 1417 2934 pace
1460 2871 1735 2934 petentes;
1783 2878 1944 2933 quam
1991 2862 2134 2917 idem

531 2954 774 3010 Carolus
802 2969 1018 3024 semper
1047 2969 1272 3008 servare
1299 2953 1490 3017 voluit,
1545 2959 1805 3020 quantum
1855 2950 2132 3005 infestatio

549 3046 947 3099 contrariorum
993 3045 1096 3099 sibi
1129 3043 1394 3112 permisit.
1445 3042 1551 3097 Sed
1593 3050 1646 3096 et
1691 3041 1856 3094 alium
1908 3041 2132 3094 missum

550 3132 740 3187 fratris
763 3135 844 3188 sui
876 3133 1200 3198 llludowici,
1253 3133 1472 3187 nomine
1521 3131 1863 3202 Blitgarinm,
1914 3131 2131 3201 accipit,

2243 1960 2618 2023 charia,socio
2638 1973 2758 2024 suo,
2782 1959 3034 2028 episcopo
3055 1973 3228 2026 nuper
3241 1967 3561 2027 corruptum
3581 1958 3842 2012 damnare

2242 2049 2448 2112 volens,
2480 2049 2742 2118 synodum
2774 2048 3120 2112 convocavit;
3151 2046 3294 2115 quod
3322 2047 3569 2102 sentiens
3601 2045 3838 2102 Rodoal-

2245 2141 2366 2204 dus,
2397 2149 2558 2194 noctu
2585 2138 2708 2208 fuga
2736 2138 2920 2206 lapsus
2943 2137 3226 2208 disparuit.
3253 2136 3599 2192 Guntharius
3623 2151 3756 2191 vero
3786 2144 3840 2191 et

2244 2229 2628 2300 Theutgaudus
2657 2228 2883 2282 Romam
2912 2228 3307 2297 pervenientes,
3349 2227 3597 2296 primum
3647 2227 3703 2280 in
3749 2240 3839 2296 sy-

2243 2321 2386 2376 nodo
2406 2332 2458 2376 et
2485 2331 2668 2390 postea
2702 2322 2756 2376 in
2777 2321 3006 2377 ecclesia
3031 2322 3202 2376 sancti
3230 2321 3398 2385 Petri,
3439 2321 3589 2376 sicut
3611 2320 3842 2376 habetur

2243 2415 2298 2468 in
2326 2415 2558 2469 subditis
2589 2415 2635 2478 ί,
2662 2414 2732 2468 ab
2757 2413 3054 2483 apostolico
3079 2421 3207 2468 sunt
3233 2412 3475 2466 damnati
3505 2453 3520 2466 .

2319 2522 2338 2553 «
2372 2502 2623 2557 Nirolaus
2645 2503 2950 2572 episcopus,
2975 2517 3165 2556 servus
3185 2515 3466 2556 servom
3512 2501 3641 2562 Dei.
3688 2514 3839 2555 rere-

2243 2592 3012 2648 rentissimisetsanctissimis
3029 2591 3396 2646 confratribus
3418 2593 3652 2654 nostris,
3672 2589 3837 2647 Hinc—

2241 2697 2396 2737 maro
2424 2681 2736 2743 Rhemensi.
2762 2691 2818 2738 et
2841 2681 3112 2738 Waniloni
3129 2681 3578 2751 Rotbomagensi,
3605 2697 3703 2736 seu
3728 2695 3841 2735 om.

2242 2773 2404 2828 nibus
2425 2773 2786 2829 confratribus
2813 2775 3036 2838 nostris,
3062 2773 3490 2844 archiepiscopis
3521 2781 3581 2828 et
3630 2773 3839 2842 episco-

2239 2862 2324 2932 pis
2351 2863 2402 2914 in
2439 2877 2603 2930 regno
2628 2861 2830 2928 Caroli,
2859 2863 3081 2932 gloriosi
3113 2849 3281 2934 regis,
3308 2863 3765 2918 consistentibus.

2319 2972 2338 3003 ι
2375 2952 2565 3008 Scelus
2591 2954 2734 3022 quod
2760 2953 3053 3010 Lotharius
3081 2970 3198 3018 rex,
3225 2955 3270 3008 si
3298 2962 3480 3009 tamen
3527 2969 3625 3008 rex
3675 2968 3838 3008 vera-

2243 3044 2380 3098 citer
2413 3045 2515 3100 dici
2542 3045 2728 3114 possit,
2753 3047 2844 3115 qui
2872 3047 3020 3100 nullo
3067 3044 3271 3112 salubri
3302 3045 3571 3116 regimine
3593 3046 3842 3114 corporis

2245 3135 2514 3203 appetitus
2543 3135 2807 3200 refrenat,
2857 3137 2951 3192 sed
3003 3136 3209 3192 lubrica
3255 3137 3620 3192 enervatione
3665 3135 3844 3205 magis

549 3232 818 3296 petentem
851 3234 910 3278 ut
942 3193 1384 3286 Carloma'nuum,
1420 3223 1585 3276 filium
1625 3193 1762 3289 ejus,
1823 3193 1857 3276 at
1907 3193 2136 3277 Restitio
2163 3193 2208 3257 Ο
2240 3193 2409 3294 ipsius
2462 3227 2662 3281 illicitis
2719 3193 2954 3283 motibus
3005 3229 3170 3292 cedit,
3228 3229 3281 3282 in
3334 3228 3548 3284 duabus
3595 3193 3848 3292 feminis,

549 3312 773 3370 Winido
802 3315 1071 3369 desertum
1103 3323 1156 3368 et
1186 3329 1215 3366 a
1240 3328 1300 3368 se
1329 3312 1595 3384 fugatum,
1621 3313 1668 3368 si
1695 3311 1761 3365 ad
1791 3311 1942 3366 illum
1974 3327 2136 3367 vene-

548 3407 641 3470 rit,
673 3420 779 3460 non
807 3405 1063 3476 recipiat:
1093 3420 1253 3475 quem
1283 3420 1389 3459 non
1429 3404 1588 3474 longo
1620 3413 1744 3474 post
1779 3412 2020 3472 tempore
2041 3403 2137 3457 de-

549 3503 763 3562 ceptum
792 3503 957 3562 atque
1007 3495 1283 3548 desertum
1314 3509 1344 3546 a
1371 3493 1505 3558 suis,
1562 3495 1662 3547 sub
1705 3490 2013 3546 conditione
2053 3507 2140 3545 sa-

551 3587 817 3640 cramenti
847 3595 1004 3655 pater
1040 3602 1171 3640 suus
1199 3586 1547 3641 llludowicus
1580 3586 1804 3656 recepit,
1861 3593 1917 3640 et
1946 3599 2138 3640 secum

553 3677 798 3730 inlibera
825 3677 1069 3731 custodia
1102 3678 1290 3731 tenuit.

623 3767 852 3823 Carolus
875 3769 1067 3824 missos
1095 3770 1274 3823 domui
1327 3769 1606 3840 apostolici
1633 3767 1859 3834 Nicolai,
1913 3769 2141 3824 Rodoal-

555 3860 682 3914 dum
707 3861 726 3889 ³
747 3859 969 3922 scilicet,
992 3859 1343 3915 Portuensem
1365 3861 1698 3932 episcopum,
1723 3869 1780 3914 et
1802 3857 2135 3926 Iohannem,

555 3946 910 4004 Ficodensem
943 3949 964 3980 ³
999 3949 1027 3990 ἀ
1067 3950 1404 4020 episc0pum,
1450 3950 1583 4004 satis
1627 3948 1927 4004 honorifice
1969 3948 2138 4002 Sues-

553 4039 724 4096 sionis
754 4042 805 4095 in
847 4043 1174 4097 monasterio
1197 4043 1373 4097 sancti
1426 4041 1666 4095 Mcdardi
1715 4039 1927 4109 recipit.
1992 4039 2140 4106 Quos

551 4131 861 4202 aliquandiu
915 4148 1098 4187 secum
1129 4133 1376 4196 retinnit,
1406 4140 1460 4186 et
1494 4146 1752 4186 concessa
1794 4128 2057 4184 Balduino
2091 4141 2137 4194 ο,

549 4223 643 4292 qui
681 4225 748 4278 ad
774 4224 958 4278 limina
997 4225 1363 4294 apostolorum
1415 4224 1732 4294 confugium
1783 4224 2012 4288 fecerat,
2059 4222 2140 4276 in-

551 4315 846 4386 dulgentia,
870 4331 967 4384 pro
991 4313 1144 4383 cujus
1169 4316 1390 4369 obtentu
1424 4323 1704 4380 venerant,
1760 4331 1883 4370 cum
1936 4315 2138 4384 episto-

551 4403 618 4458 lis
649 4405 714 4460 ad
744 4405 1092 4474 apostolicam
1145 4407 1326 4460 sedem
1383 4406 1561 4460 redire
1608 4413 1917 4460 muneratos
1961 4405 2141 4460 absol-

2243 3312 2582 3385 Theotberga
2610 3316 2821 3371 scilicet
2844 3325 2900 3372 et
2947 3315 3257 3382 Waldrada,
3309 3319 3608 3381 commisit,
3651 3318 3840 3372 omni-

2240 3403 2344 3458 bus
2372 3403 2719 3460 manifestum
2750 3414 2852 3461 est.
2885 3405 2991 3461 Sed
3021 3415 3077 3463 et
3099 3407 3302 3462 dudum
3329 3408 3610 3479 episcopos
3633 3406 3845 3463 Theot-

2243 3496 2478 3566 gaudnm
2506 3504 2560 3550 et
2586 3494 2948 3552 Guntharium
2982 3498 3036 3551 in
3067 3497 3160 3551 tali
3210 3498 3356 3554 facto
3395 3513 3514 3553 eum
3565 3497 3852 3553 habuisse

2243 3595 2492 3642 auctores
2520 3595 2682 3656 atque
2711 3586 2966 3653 factores,
2989 3603 3125 3658 pene
3141 3596 3292 3644 totus
3317 3587 3469 3643 nobis
3494 3587 3652 3642 orbis
3676 3588 3844 3642 undi-

2240 3694 2346 3747 que
2369 3679 2434 3732 ad
2465 3679 2653 3732 limina
2679 3695 2773 3735 seu
2797 3681 2978 3735 sedem
3007 3679 3285 3736 confluens
3313 3679 3669 3751 apostolicam
3695 3678 3842 3734 refe-

2241 3767 2417 3832 rebat,
2449 3768 2766 3823 absentibus
2792 3783 3006 3838 quoque
3035 3769 3087 3824 id
3115 3769 3289 3838 ipsum
3322 3778 3512 3825 nostro
3550 3768 3839 3844 scribenti;-

2242 3859 2343 3913 bns
2372 3857 2714 3927 apostolatui.
2739 3858 2894 3924 Quod
2919 3873 3018 3913 nos
3057 3867 3208 3913 tanto
3255 3857 3482 3912 credere
3527 3857 3840 3920 renuimus,

2243 3958 2449 4020 quanto
2477 3951 2544 4005 de
2571 3950 2839 4020 episc0pis
2862 3949 2968 4004 tale
2991 3948 3121 4018 quid
3145 3949 3334 4004 audire
3359 3947 3672 4004 nullatenus
3717 3963 3838 4018 spe-

2244 4039 2532 4104 rabamus;
2561 4039 2854 4109 donecipsi
2891 4038 3120 4093 Romam
3179 4048 3423 4108 tempore
3467 4037 3690 4093 concilii
3746 4051 3858 4091 τε·-

2245 4135 2476 4197 nientes,
2509 4147 2692 4186 coram
2725 4132 2879 4187 nobis
2904 4140 2958 4186 et
2980 4141 3168 4186 sancta
3200 4131 3407 4203 synodo
3435 4130 3576 4186 tales
3629 4130 3840 4185 inventi

2241 4232 2388 4286 sunt,
2420 4221 2608 4291 quales
2639 4219 2852 4276 fuerant
2873 4237 2902 4276 a
2933 4222 3117 4277 tnnltis
3152 4223 3448 4291 saepissime
3509 4220 3795 4291 predicati
3823 4237 3842 4284 ;

2245 4321 2319 4366 tta
2346 4320 2407 4365 ut
2444 4313 2732 4382 scriptura,
2773 4328 2934 4382 quam
2969 4313 3083 4367 suis
3111 4313 3508 4381 stipulaverant
3561 4311 3835 4369 manibus,

2245 4421 2512 4475 quamque
2541 4406 2794 4462 volebant
2822 4413 2879 4459 ut
2907 4415 3093 4460 nostro
3121 4405 3509 4460 roboraremus
3536 4403 3844 4470 chirogra-

552 4495 650 4549 vit.
677 4496 1037 4550 lidemautem
1057 4497 1363 4566 apostolij
1379 4496 1693 4565 scdislegati
1722 4495 2136 4561 Mettisadeunt,
2167 4531 2216 4591 Β
2240 4497 2370 4566 pho,
2394 4505 2742 4567 caperentur,
2773 4506 2828 4552 et
2878 4496 3004 4551 dum
3053 4495 3410 4565 muscipulam
3457 4493 3841 4548 innocentibus

555 4587 819 4654 synodum
861 4587 1093 4640 habituri
1153 4603 1218 4640 ex
1263 4585 1600 4654 delegatione
1647 4586 1941 4654 apostolica
1988 4586 2135 4641 circa

552 4673 788 4728 medium
831 4689 1068 4728 mensem
1098 4674 1316 4728 Juniqu
1362 4691 1461 4745 pro
1511 4676 1762 4740 divortio,
1810 4677 1950 4745 quod
2002 4677 2144 4731 inter

2243 4603 2517 4656 opponere
2563 4596 2892 4656 satagerent,
2952 4587 3163 4656 insidiis
3195 4587 3307 4640 suis
3362 4583 3646 4653 illaqueati
3711 4584 3838 4637 sint.

2252 4654 2452 4747 Sicque
2482 4654 2806 4747 completum
2831 4687 2916 4732 est
2949 4679 3058 4732 Deo
3085 4654 3344 4740 “auctore,
3394 4676 3541 4744 quod
3593 4675 3652 4729 in
3705 4673 3836 4728 Pro-

1761 4785 2156 4842 VARIANTES
2205 4786 2615 4843 LECTIONES.

625 4879 640 4909 ¹
681 4879 1019 4935 cinomannis
1048 4880 1145 4934 Ch.
1183 4883 1203 4910 ’
1239 4879 1550 4934 raduoldum
1573 4879 1671 4934 Ch.

551 4965 816 5020 nunquam
851 4951 1266 5020 distinguuntur.
1345 4949 1666 5020 ‘legendum
1725 4949 1926 5004 videtur
1950 4966 2074 5005 cum
2110 4951 2276 5021 gestis
2303 4965 2454 5018 quas.

2063 5065 2273 5123 NOTAE

621 5187 648 5214 α
681 5174 855 5246 Vulgo
877 5174 1152 5231 Entrames
1183 5193 1200 5241 ,°
1225 5177 1495 5246 virginum
1515 5172 1904 5231 monasterium
1931 5186 2050 5232 erat
2078 5177 2130 5232 in

1781 4880 1806 4960 ξ
1845 4880 2183 4934 ficoclensem
2231 4879 2328 4960 Ch.
2370 4890 2416 4933 et
2448 4878 2538 4942 B.,
2559 4877 2618 4960 _cl
2642 4887 2686 4931 et
2728 4879 2762 4958 d_
2792 4879 2845 4931 in
2877 4879 3058 4959 strculi
3086 4879 3200 4960 eius
3226 4877 3488 4960 codicibus
3519 4891 3664 4960 (fore
3701 4889 3836 4960 grou-

3532 4945 3554 4976 ⁶
3577 4944 3762 4999 ἐἰωίιί
3778 4944 3804 4995 2
3857 4985 3860 4988 .

2558 4950 2580 4979 ⁵
2617 4948 2786 5018 regni.
2808 4987 2821 5000 .
2842 4988 2854 4999 .
2880 4946 3117 5017 episcopi
3141 4948 3325 5001 desunt
3354 4946 3451 5000 Ch.

2241 5176 2550 5231 cassonensi
2574 5176 2640 5228 ad
2673 5174 2892 5240 ﬂuvium
2922 5175 3216 5230 Durannm.
3247 5175 3385 5229 Dato
3408 5185 3457 5229 et
3512 5176 3827 5242 conﬁrmato

550 5244 814 5324 decanatu
840 5245 1141 5324 saboliensi
1169 5248 1254 5318 (de
1282 5244 1818 5324 _Shbl_é)_nunp__cella
1846 5263 1940 5302 seu
1989 5248 2136 5317 prio-
2233 5247 2441 5324 iudicio
2470 5263 2558 5299 xw
2603 5244 2871 5324 finiendas
2919 5245 3237 5310 Decembris,
3280 5261 3419 5298 anno
3460 5245 3537 5300 23
3587 5254 3834 5314 regnante

551 5324 703 5388 ratus
725 5315 951 5388 abbatite
980 5315 1332 5388 Aurion'ensis
1355 5317 1625 5388 (d‘Evron)
1653 5315 1820 5380 Bono.

622 5385 649 5424 ιι
678 5385 1003 5450 Audegavis.
1037 5385 1410 5450 Saint—Aubin,
1438 5387 1605 5450 Bono.

622 5465 646 5493 ο
681 5454 1023 5511 Mabillonius
1081 5457 1174 5511 lib.
1223 5473 1388 5510 xxxv.
1451 5457 1645 5510 Annal.
1699 5454 1924 5518 Bened.,
1979 5471 2128 5509 num.

552 5524 678 5589 105,
713 5538 864 5594 putat
892 5525 1214 5580 llunfridum
1241 5527 1401 5581 istum
1432 5542 1538 5581 non
1565 5528 1730 5581 alium
1752 5541 1871 5580 esse
1899 5526 1966 5578 ab
1993 5525 2133 5579 Ana-

553 5595 726 5659 fredo,
747 5597 946 5667 comite
975 5597 1095 5667 pagi
1122 5595 1504 5667 Narbonensis,
1533 5596 1683 5667 cujus
1730 5595 1881 5667 missi
1927 5595 2134 5667 plmber-

555 5673 644 5718 tus
671 5674 729 5718 et
751 5665 1010 5722 Adaulfu‘s
1041 5665 1129 5720 an.
1182 5666 1288 5736 862
1321 5666 1579 5736 placitutn
1635 5665 1883 5720 Narbone
1924 5665 2128 5736 habue-

556 5741 683 5786 runt
708 5749 805 5802 pro
835 5737 1162 5792 monasterio
1187 5734 1576 5803 Montis-Olivi,
1609 5738 1712 5792 sito
1737 5737 1790 5791 in
1835 5751 1971 5806 pago
2001 5734 2132 5789 Car-
2205 5801 2218 5814 .

2245 5314 2442 5369 Knrofo
2470 5333 2602 5385 rege.
2636 5316 2802 5378 BOUQ.

2308 5385 2335 5424 ἀ
2371 5387 2423 5440 ld
2451 5382 2540 5440 est
2555 5386 2922 5441 Cerviensem.
2953 5385 3145 5440 Cervia
3194 5383 3529 5440 Ravennatis
3585 5382 3834 5438 ecclesia

2237 5464 2322 5510 est
2349 5455 2705 5525 sull‘raganea.

2315 5535 2338 5560 ο
2373 5526 2498 5579 Haec
2523 5523 2639 5595 pra:
2667 5524 2837 5595 oculis
2869 5523 3124 5595 habuisse
3152 5525 3367 5578 videtur
3417 5532 3611 5595 auctor
3639 5536 3836 5595 genea:

2239 5594 2394 5665 logia:
2443 5587 2699 5648 comitum
2747 5593 3010 5665 lj‘lattdria:
3047 5595 3356 5665 szeculoxn
3409 5587 3666 5665 scriptaa,‘
3693 5587 3839 5661 apud

2241 5662 2562 5718 Martenium
2590 5673 2734 5718 tomo
2756 5663 2842 5716 111.
2883 5662 3052 5720 Thes.
3082 5664 3284 5719 Anecd.

2319 5734 2337 5772 τ
2379 5735 2461 5790 Cf.
2493 5735 2632 5789 Ann.
2661 5732 2969 5788 Fuldcnses.
