4038 6322
535 378 675 436 1215

1578 384 1670 438 AD
1706 380 1935 441 OPERA
1977 378 2309 440 llINCMAm
2346 385 2687 444 APPENDIX

3669 390 3821 449 [ξω

534 496 619 550 vel
643 495 860 550 decreta
890 507 990 566 pro
1010 493 1276 550 catholica
1304 495 1431 560 ﬁde,
1449 510 1550 564 pro
1571 466 1939 554 ecclesiastica
1956 497 2119 553 disci-
2149 496 2192 556 Α
2224 496 2525 561 terfectum,
2550 499 2771 569 impune
2791 497 2859 552 ad
2896 512 3028 554 suas
3052 513 3219 555 naves
3240 501 3492 555 redeunt.
3524 500 3816 569 Pippinu,

536 584 702 654 plina,
738 582 1223 653 pro'correctione
1271 584 1531 650 ﬁdelium,
1588 602 1686 656 pro
1743 588 2121 644 emendatione

537 672 931 728 sceleratorum
953 674 1035 728 vel
1056 673 1439 732 interdictione
1462 678 1853 734 imminentium
1874 680 1957 733 vel
1978 678 2123 733 futu—

540 777 725 819 rerum
758 764 1022 817 malorum
1051 778 1081 817 a
1109 763 1254 819 sedis
1284 766 1595 834 apostolicae
1632 770 1865 838 praesule
1893 769 2124 825 salubri-

543 863 628 909 ter
657 855 990 925 promulgata
1012 858 1421 925 contempserit,
1444 860 1728 915 anathema
1758 863 1846 917 sit.

618 964 637 994 ι
681 943 945 1012 Optamus
988 946 1333 1003 sanctitatem
1384 959 1621 1006 vestram
1653 952 1707 1007 in
1745 951 1961 1010 Christo
1989 954 2125 1010 bene

542 1035 741 1089 valere.
785 1053 805 1087 ι

609 1124 840 1182 Carolus
866 1126 921 1183 8.
968 1127 1195 1184 Kalend.
1249 1128 1570 1188 Novembris
1614 1135 1878 1204 synodum
1906 1135 1958 1190 in
1993 1137 2126 1192 Ver-

539 1216 710 1271 meria
745 1218 946 1288 palatio
972 1220 1181 1286 habuit,
1212 1222 1395 1292 ibique
1436 1223 1706 1278 abbatiam
1761 1226 1931 1280 sancti
1970 1226 2124 1282 Cari—

539 1306 684 1376 lephi
710 1320 738 1349 ιι
767 1325 931 1380 super
965 1310 1307 1378 Rotbertum,
1332 1315 1642 1385 episcopum
1690 1315 2129 1375 Cinnomannica:

540 1397 713 1461 urbis,
766 1399 858 1468 qui
889 1413 1010 1454 eam
1060 1395 1161 1470 p'er
1206 1404 1552 1471 apostolicam
1605 1408 2127 1464 commendationem

464 1542 479 1551 ,
541 1484 653 1555 juri
677 1488 761 1543 sui
779 1490 1122 1560 episcopatus
1142 1495 1503 1564 mancipatam
1530 1504 1711 1551 tenere
1731 1498 1965 1565 volebat,
1986 1498 2130 1569 lega-

541 1575 669 1632 liter
715 1579 1064 1647 evindicavit,
1122 1590 1179 1637 et
1223 1582 1532 1639 Rothadum
1581 1602 1755 1657 nuper
1803 1588 2128 1659 depositum,

542 1665 683 1721 sicut
707 1666 938 1724 domnus
982 1684 1120 1740 papa
1167 1670 1217 1726 ei
1249 1674 1622 1741 mandaverat,
1649 1690 1772 1731 cuin
1802 1680 1916 1732 suis
1941 1688 1997 1733 et
2019 1678 2132 1748 epi-

542 1768 832 1828 6coporum
862 1760 1059 1816 litteris
1078 1770 1241 1832 atque
1256 1765 1475 1821 vicariis
1496 1765 1722 1821 Romam
1739 1769 1905 1824 misit.
1921 1769 2130 1837 Judith,

2224 586 2435 658 Pippini
2464 588 2626 653 ﬁlius,
2650 606 2717 645 ex
2744 590 3010 647 monacho
3047 589 3220 645 laicus
3246 599 3302 646 et
3330 599 3589 660 apostata
3612 591 3821 658 factm,

2223 693 2282 733 se
2326 677 2673 735 Nortmanuis
2707 681 3006 752 conjungit,
3050 690 3109 736 et
3152 682 3315 736 ritum
3356 670 3561 738 eorum
3611 695 3816 740 sunt.

2222 768 2448 825 Carolus
2496 769 2736 838 juvenis,
2784 788 2950 843 quem
3001 781 3158 844 pater
3206 788 3381 842 nuper
3409 774 3485 829 ab
3518 774 3821 844 Aquitania

2225 870 2506 931 receptum
2520 862 2913 927 Compendium
2934 880 3121 922 secum
3141 865 3392 931 duxerat,
3409 876 3579 922 noctu
3605 867 3823 923 radix

2224 951 2292 1008 de
2321 955 2611 1011 venatione
2633 956 2686 1011 in
2709 957 2846 1012 silva
2865 956 3019 1012 Cotia
3039 957 3211 1028 iocari
3235 973 3362 1012 cum
3381 944 3509 1014 aliis
3520 957 3825 1028 juvenibus

2226 1049 2284 1095 et
2307 1044 2508 1100 comvis
2548 1046 2664 1101 suis
2690 1056 2909 1117 putans,
2939 1055 3199 1116 operante
3240 1047 3460 1103 diabolo
3487 1048 3562 1102 ab
3590 1047 3825 1105 Albuino

2221 1129 2422 1200 juvene
2469 1135 2526 1191 in
2574 1138 2755 1206 capite
2782 1138 2974 1207 spatha
3021 1137 3329 1209 percutitur
3370 1152 3516 1208 pene
3546 1140 3827 1208 usque“

2227 1229 2544 1293 cerebrum;
2574 1243 2698 1298 qua:
2732 1229 2889 1300 plaga
2928 1245 2963 1285 a
3016 1238 3263 1298 tempore
3300 1229 3531 1284 sinistro
3560 1230 3829 1299 mal

2229 1320 2430 1375 malam
2453 1319 2475 1351 ⁸
2498 1319 2704 1374 dextrae
2733 1319 2967 1374 maxillae
2984 1319 3253 1390 pervenit.

2302 1410 2617 1475 Lotharius,
2647 1410 2893 1466 Lotharii
2924 1410 3093 1477 ﬁlius,
3111 1412 3178 1466 de
3195 1411 3346 1466 omni
3369 1425 3547 1482 regno
3565 1425 3674 1465 suo
3700 1424 3832 1479 qua.

2232 1507 2360 1555 tuor
2407 1501 2775 1557 deuar-iosex
2822 1502 2971 1556 omni
3011 1516 3205 1558 manso
3224 1500 3512 1573 colligens,
3556 1514 3849 1561 sum-Ian-

2233 1588 2584 1647 denariorum
2612 1607 2739 1649 eum
2763 1592 2932 1648 multa
2959 1594 3224 1664 pensione
3250 1593 3446 1649 farina:
3470 1602 3649 1664 atque
3675 1607 3829 1663 peco-

2235 1697 2355 1737 rum
2380 1698 2591 1738 necnon
2621 1684 2733 1738 vini
2757 1698 2822 1739 ac
2850 1683 3040 1739 sicurae
3068 1683 3298 1740 Rodulfo
3335 1684 3706 1751 Nortmanno,
3730 1683 3829 1740 ﬂe-

2236 1774 2394 1832 rioldi
2429 1773 2562 1839 tilio,
2590 1790 2661 1831 ae
2680 1774 2795 1833 suis
2819 1776 3023 1831 locarii:
3041 1777 3263 1833 nomine
3286 1778 3502 1833 tribuit.

542 1848 710 1902 ﬁliam
756 1865 933 1917 suam,
988 1867 1084 1921 per
1122 1855 1559 1924 deprecationem
1615 1860 1798 1915 domui
1846 1840 2205 1932 apostolicil
2308 1865 2691 1931 llludovvicus,
2757 1868 3052 1941 imperator
3104 1868 3279 1924 Italiae
3327 1871 3688 1931 nominatus,
3746 1869 3831 1923 il-

544 1942 612 1995 ad
634 1957 845 2010 pacem,
862 1952 919 1999 et
946 1945 1181 2016 legatum
1208 1948 1497 2015 Mahomet,
1518 1953 1659 2024 regis
1680 1952 2126 2023 Sarracenorum,

542 2046 667 2085 eum
715 2034 925 2103 magnis
974 2044 1033 2090 et
1078 2038 1264 2094 multis
1312 2043 1631 2099 muneribus
1675 2059 1741 2098 ac
1782 2044 1979 2102 litteris
2010 2048 2027 2078 ¹
2064 2047 2131 2102 de

542 2139 679 2197 pace
719 2133 775 2181 et
816 2126 1023 2183 foedere
1072 2132 1288 2187 amicali
1343 2133 1687 2205 loquentibus
1721 2138 1946 2193 solemni
1980 2155 2131 2196 more

545 2219 818 2286 suscepit;
850 2235 1009 2290 quem
1041 2237 1165 2277 cum
1210 2223 1416 2279 honore
1463 2235 1519 2281 et
1569 2228 1752 2283 debito
1798 2231 2132 2286 salvamento

546 2322 613 2362 ac
645 2310 885 2366 subsidio
908 2314 1218 2370 necessario
1245 2315 1297 2375 in
1328 2314 1649 2374 Silvanectis
1685 2320 1904 2377 civitate
1931 2336 2130 2392 oppor-

547 2407 736 2453 tunum
761 2408 992 2472 tempus,
1016 2419 1124 2473 quo
1147 2406 1664 2465 remitti'honoriﬁce
1683 2412 1750 2465 ad
1772 2426 1954 2481 regem
1974 2427 2131 2467 suum

543 2501 748 2558 posset,
807 2495 1044 2563 opperiri
1094 2496 1115 2526 ³
1166 2496 1448 2565 disposuit.
1498 2499 1734 2571 indeque
1782 2518 1906 2558 cum
1956 2505 2132 2560 valida

547 2593 712 2633 manu
763 2583 829 2634 ad
858 2582 1224 2653 recipiendum
1251 2588 1449 2643 virtute
1476 2588 1643 2645 ﬁlium
1671 2607 1830 2647 suum
1857 2591 2134 2661 Carolum,

547 2672 594 2726 si
637 2673 798 2728 aliter
827 2675 993 2731 nollet
1020 2678 1226 2743 venire,
1252 2680 1527 2738 hostiliter
1568 2700 1761 2742 versus
1785 2682 2134 2757 Aquitaniam

550 2765 749 2848 pergit,
765 2774 823 2820 et
847 2766 913 2819 ad
940 2767 1343 2826 Autisiodorum
1366 2773 1638 2830 civitatem
1663 2791 1834 2846 usque
1856 2779 2131 2848 pervenit;

548 2844 732 2927 ibique
764 2858 926 2913 ﬁliam
955 2876 1106 2916 suam
1134 2861 1336 2928 Judith,
1371 2867 1511 2921 sicut
1536 2844 1770 2925 domnus
1808 2844 2137 2941 apostolicus

546 2961 672 3000 eum
726 2949 983 3017 petierat,
1037 2951 1265 3007 consilio
1305 2953 1540 3011 ﬁdelium
1583 2972 1804 3013 suorum
1849 2959 2134 3027 Balduino,

547 3051 709 3104 quem
751 3046 934 3093 secuta
980 3039 1173 3107 fuerat,
1221 3043 1465 3113 legaliter
1492 3047 1744 3118 conjugio
1788 3047 1985 3104 sociari
2015 3064 2139 3118 per-

2235 1967 2458 2014 centore
2520 1957 2823 2016 Gunthario
2884 1959 2954 2015 ad
3013 1976 3165 2017 suam
3231 1959 3491 2029 iniuriam
3556 1960 3831 2024 referens,

2232 2050 2490 2120 quoniam
2547 2050 2759 2119 legatos
2809 2051 2892 2105 sui
2947 2050 3137 2121 fratris
3195 2050 3443 2107 Lotharii
3502 2066 3613 2121 per
3668 2051 3833 2121 ipsius

2235 2139 2487 2195 ﬁduciam
2524 2148 2582 2195 et
2628 2139 3079 2197 interventionem
3127 2141 3357 2196 Romam
3403 2140 3657 2196 directos
3702 2155 3831 2210 ape-

2235 2230 2480 2294 stolicus,
2522 2239 2585 2285 ut
2616 2245 2783 2302 supra
2812 2230 3261 2297 monstravimus,
3292 2230 3647 2302 degradavit,
3674 2244 3832 2298 seque

2235 2322 2415 2392 ipsum
2473 2320 2658 2377 furore
2713 2336 2822 2377 non
2877 2322 3133 2391 capiens,
3195 2320 3597 2379 comitantibus
3648 2334 3833 2375 secuta

2234 2412 2442 2468 eisdem
2480 2410 2675 2482 legatis
2722 2411 3083 2481 Theutgaudo
3138 2419 3301 2481 atque
3338 2411 3681 2475 Cunthario,
3710 2426 3831 2466 ea

2235 2503 2464 2574 conjuge
2492 2503 2721 2560 Romam
2753 2517 2819 2559 ea
2849 2504 3148 2559 intentione
3175 2504 3387 2575 pergit,
3416 2512 3705 2573 quatenus
3743 2508 3837 2554 aut

2235 2610 2373 2666 papa
2397 2595 2675 2653 Romanus
2714 2605 2738 2634 α
2766 2595 2985 2649 eosdem
3024 2594 3340 2649 restitueret
3372 2593 3703 2664 episcopos,
3743 2600 3833 2645 aut

2236 2687 2342 2742 hoc
2369 2685 2551 2742 facere
2587 2700 2696 2740 non
2734 2685 2936 2742 volenti
2978 2685 3139 2741 noxie
3177 2684 3591 2753 quodammodo
3614 2695 3831 2737 manu

2237 2778 2499 2835 mitteret.
2531 2775 2684 2842 Quod
2715 2776 2946 2832 audiens
2969 2775 3320 2849 apostolicus,
3350 2789 3480 2831 cum
3506 2774 3719 2829 litaniis
3738 2788 3831 2843 ge-

2237 2869 2423 2924 nerale
2457 2867 2722 2939 jejunium
2765 2868 2869 2923 sibi
2915 2877 2972 2923 et
3010 2866 3271 2923 Romanis
3318 2864 3552 2928 indixit,
3587 2876 3648 2919 ut
3689 2865 3833 2919 Deus

2236 2960 2611 3030 apostoloeum
2661 2959 2939 3030 suffragiis
2975 2958 3206 3028 prtefato
3236 2957 3555 3029 imperatori
3592 2963 3832 3012 mentea

2237 3048 2436 3103 bonam
2463 3057 2519 3103 et
2544 3049 2909 3105 reverentiam
2933 3061 3063 3118 erga
3088 3046 3332 3103 divinum
3364 3046 3584 3103 cultum
3610 3054 3669 3098 et
3697 3059 3831 3114 apo-

554 3126 725 3179 niisit.
750 3127 880 3181 lude
920 3128 1213 3186 Nivernum
1240 3133 1514 3189 civitatem
1559 3140 1820 3206 perrexit,
1847 3140 1938 3195 ubi
1967 3130 2153 3196 lilium.
2173 3201 2207 3208 _
2240 3139 2446 3195 stolicze
2466 3140 2612 3194 sedis
2630 3142 3013 3195 auctoritatem
3026 3140 3274 3194 donaret.
3293 3138 3630 3208 lmperatore
3644 3144 3834 3189 autem

544 3230 711 3270 stium
739 3217 993 3273 Carolnm
1015 3221 1081 3274 ad
1110 3236 1169 3277 se
1192 3226 1496 3281 venientem
1536 3201 1760 3299 recepit,
1788 3201 1842 3285 et
1874 3232 1975 3287 sibi
2007 3232 2137 3288 ηιιθ-
2157 3201 2209 3266 c
2239 3230 2591 3298 perveniente
2635 3229 2862 3284 Romam
2890 3240 2949 3285 et
2989 3243 3146 3285 secus
3185 3228 3468 3285 basilicam
3511 3227 3653 3282 beati
3681 3224 3837 3281 Petri

553 3305 762 3360 litatem
780 3317 836 3362 et
862 3309 1099 3364 debitam
1121 3311 1510 3380 subjectionem
1537 3320 1779 3387 promitti
1798 3330 2139 3377 sacramento

546 3400 832 3470 praecepit,
860 3413 916 3456 et
961 3418 1151 3461 omnes
1186 3407 1455 3475 primores
1480 3410 1787 3480 Aquitaniae
1814 3415 2008 3469 iterum
2036 3415 2137 3471 sibi

549 3490 737 3559 jnrare
763 3493 909 3548 fecit.
943 3495 1058 3551 Duo
1085 3508 1301 3569 quoque
1335 3501 1677 3569 Nortmanni,
1704 3507 1795 3576 qui
1822 3508 1994 3576 nuper
2013 3524 2135 3564 cum

555 3578 824 3637 Welando
850 3586 1304 3643 christianitatem
1342 3591 1485 3657 dolo,
1513 3601 1572 3648 ut
1623 3604 1748 3651 tunc
1779 3598 2058 3655 dicebatur
2084 3610 2141 3657 et

554 3677 678 3735 post
720 3669 1304 3740 clamlt,'postulante's
1328 3680 1394 3735 de
1423 3682 1651 3738 navibus
1678 3687 1945 3754 exierunt,
1977 3706 2139 3761 super

555 3769 682 3809 eum
725 3757 754 3799 ι
784 3758 1154 3819 inﬁdelitatem
1200 3768 1500 3838 miserunt;
1537 3790 1764 3842 quorum
1792 3792 1930 3834 unus
1950 3757 2139 3835 secun—

546 3845 684 3911 (dum
718 3848 894 3917 gentis
917 3864 1029 3906 sua:
1050 3866 1253 3911 morem
1275 3873 1397 3914 cum
1429 3876 1494 3916 eo
1512 3872 1744 3934 negante
1768 3869 1934 3923 armis
1954 3885 2137 3926 coram

559 3952 689 4009 rege
703 3942 1053 4009 contendens,
1070 3946 1218 4002 illum
1236 3949 1287 4003 in
1303 3954 1600 4009 certamine
1622 3956 1910 4014 interfecit.
1930 3962 2138 4020 interea

559 4028 699 4084 tristi
739 4033 930 4087 nuntio
967 4040 1252 4106 comperit,
1279 4043 1422 4110 quod
1448 4043 1765 4102 Nortmanni
1792 4049 2025 4107 Pictavis
2046 4070 2139 4109 ve—

557 4129 771 4188 nerant,
798 4132 854 4178 et
884 4126 986 4180 sub
1013 4128 1381 4200 redemptione
1422 4136 1642 4192 civitate
1689 4150 1923 4209 servata,
1967 4145 2140 4201 eccle-

556 4210 696 4264 siam
761 4216 936 4270 sancti
1006 4216 1231 4285 llilarii,
1297 4226 1478 4294 magni
1539 4226 1899 4297 confessoris,
1953 4233 2139 4291 incen-

558 4299 754 4357 derant
803 4304 871 4379 ’.ἢ
905 4304 1097 4363 Natale
1162 4320 1343 4367 autem
1400 4316 1610 4372 Domini
1674 4317 1726 4373 in
1778 4324 1967 4378 eodem
2024 4325 2141 4383 loco

540 4402 717 4448 'secus
753 4393 1049 4453 Nivernum
1084 4401 1380 4469 civitatem,
1415 4406 1506 4462 ubi
1546 4408 1713 4464 ﬁlium
1737 4428 1893 4469 suum
1928 4431 2143 4489 recepe-

558 4496 663 4553 rat,
694 4488 1005 4549 celebravit.
1736 4520 1741 4525 λ
1760 4512 1763 4515 '

1170 4568 1529 4627 DCCCLXIV.

629 4666 855 4725 Carolus
879 4671 1178 4741 Aquitanos
1219 4678 1490 4734 hostiliter
1530 4693 1717 4739 contra
1754 4685 2137 4760 Nortmannos,

557 4756 650 4824 qui
674 4757 961 4830 ecclesiam
991 4766 1162 4819 sancti
1189 4765 1378 4822 llilarii
1416 4770 1837 4843 incenderant‘,
1881 4756 2140 4851 disposito

556 4849 806 4905 exercitu
834 4852 912 4908 ire
938 4856 1276 4927 praecipiens,
1326 4859 1494 4914 tilium
1539 4873 1594 4917 et
1620 4849 2137 4936 auluivocunrsumn

554 4940 808 4999 Carolum
833 4962 1018 5003 secum
1047 4952 1269 5017 ducens,
1303 4954 1692 5025 Compendium
1722 4961 1901 5027 rediit,
1945 4965 2139 5021 missos

558 5046 687 5087 suos
715 5035 783 5089 ad
814 5038 1153 5107 recipiendas
1180 5043 1428 5099 civitates
1468 5054 1524 5099 ct
1552 5048 1770 5103 castella
1804 5050 1857 5104 in
1884 5051 2139 5110 Cotliiam

558 5122 724 5177 misit.
785 5123 1105 5184 Nortmanni
1150 5131 1456 5188 Arvernum
1506 5136 1780 5193 civitatem
1806 5150 2011 5208 petunt,
2051 5145 2141 5201 ubi

559 5211 914 5284 Stephanum,
946 5218 1186 5292 llugouis
1208 5224 1397 5291 ﬁlium,
1430 5241 1552 5281 cum
1592 5230 1777 5297 paucis
1800 5246 2019 5289 suorum
2056 5235 2139 5290 in-

2234 3321 2488 3391 degente,
2518 3320 2699 3376 clerus
2718 3330 2776 3375 et
2793 3322 3021 3392 populus
3046 3320 3327 3375 Romanus
3346 3334 3469 3375 eum
3493 3320 3761 3374 crucibus
3780 3322 3843 3373 α

2236 3408 2461 3475 litaniis,
2485 3409 2751 3480 jejunium
2775 3410 3132 3473 celebrantes,
3166 3408 3467 3465 beatiPetri
3489 3407 3837 3463 memoriast

2238 3500 2439 3555 adeunt
2460 3541 2474 3565 ,
2525 3508 2595 3555 et'
2626 3501 2698 3556 ab
2723 3500 3034 3556 hominibus
3076 3501 3441 3572 imperatoris,
3463 3494 3590 3553 cuni
3615 3500 3845 3569 gradus

2236 3598 2366 3644 ante
2396 3589 2679 3646 basilicam
2706 3590 2851 3647 beati
2878 3590 3031 3646 Petri
3074 3600 3360 3661 creperum
3401 3588 3743 3653 ascendere,
3782 3589 3841 3642 ia

2236 3687 2440 3735 terram
2470 3680 2750 3751 prostrati,
2778 3689 2835 3737 et
2858 3682 3025 3737 variis
3050 3682 3249 3738 ictibus
3270 3680 3548 3751 ﬁagelhti,
3573 3689 3630 3735 et
3652 3680 3835 3735 cruci-

2236 3771 2339 3827 bus
2363 3786 2428 3828 ac
2466 3771 2679 3829 vexillis
2732 3772 3050 3839 confractis,
3103 3773 3198 3842 qui
3252 3773 3486 3828 evadere
3532 3779 3838 3842 potuerunt

2238 3860 2409 3933 ﬁigati
2443 3872 2603 3928 sunt;
2632 3863 2685 3917 in
2709 3876 2819 3932 quo
2843 3863 3073 3918 tumultu
3102 3871 3161 3919 et
3184 3876 3320 3918 crux
3354 3861 3631 3917 mirabilis
3658 3870 3717 3916 et
3745 3874 3839 3916 ve-

2238 3953 2480 4008 neranda
2535 3968 2567 4008 a
2606 3961 2816 4009 sanctae
2860 3954 3139 4009 memoria:
3184 3951 3388 4007 [laena
3444 3950 3839 4006 decentism

2240 4042 2501 4098 fabricata
2523 4082 2538 4108 ,
2571 4044 2625 4097 in
2671 4057 2776 4113 qua
2818 4043 3028 4114 lignum
3072 4040 3318 4098 miriﬁca
3336 4042 3522 4099 crucis
3558 4041 3750 4112 posuit
3778 4052 3839 4095 et

2240 4144 2428 4191 sancto
2452 4134 2612 4192 Petro
2637 4150 2864 4191 munere
2891 4136 3132 4191 maximo
3160 4134 3425 4199 contulit,
3458 4133 3750 4189 confracta
3778 4141 3837 4187 α

2241 4228 2296 4282 in
2326 4227 2497 4283 lutum
2524 4226 2765 4299 projecta
2799 4237 2904 4292 est,
2946 4226 3089 4281 unde
3121 4240 3155 4281 a
3176 4224 3504 4296 quibusdam
3529 4262 3548 4288 ,
3580 4219 3838 4278 utteran-

2242 4316 2538 4387 Anglorum
2568 4317 2748 4388 gentis
2773 4317 3116 4382 hominibus,
3146 4315 3371 4371 collecta
3411 4321 3470 4369 et
3515 4312 3839 4368 custoditis

2243 4409 2454 4464 reddita
2495 4414 2598 4462 est.
2630 4406 2765 4474 Quae
2792 4406 2991 4477 ﬂagitia
3033 4415 3099 4459 ut
3128 4404 3475 4476 apostolicus
3508 4403 3569 4457 in
3610 4401 3834 4457 Later!-

2165 4534 2220 4596 Β
2247 4499 2403 4554 nensi
2447 4499 2650 4569 palatio
2697 4499 2898 4569 degens
2925 4494 3488 4596 comperit,_et_paulo
3688 4493 3833 4546 ilium

2245 4591 2569 4661 capiendum
2599 4605 2706 4646 non
2741 4591 2952 4647 incerto
2978 4589 3171 4644 nuntio
3210 4586 3402 4644 didicit
3424 4625 3441 4651 ,
3470 4585 3717 4639 latenter
3741 4596 3837 4637 na-

2245 4696 2368 4739 vem
2409 4683 2670 4747 intravit,
2699 4690 2754 4737 et
2788 4688 2893 4752 ‘pcr
2934 4679 3176 4735 Tiberim
3225 4677 3294 4734 ad
3320 4676 3616 4733 ecclesiam
3662 4675 3838 4729 sancti

2246 4771 2389 4828 Petri
2417 4786 2476 4827 se
2503 4771 2755 4836 contulit,
2784 4770 2875 4825 ubi
2899 4770 3108 4825 duobus
3129 4769 3322 4825 diebus
3343 4781 3408 4822 ac
3438 4764 3701 4821 noctibus
3723 4767 3837 4820 sine

2243 4861 2365 4919 cibo
2395 4877 2459 4916 ac
2489 4870 2617 4932 potu
2660 4859 2879 4914 mansit.
2914 4856 3124 4912 interea
3167 4858 3331 4913 homo
3362 4856 3522 4925 cujus
3564 4867 3835 4924 praesum-

2240 4954 2430 5023 ptione
2477 4952 2701 5022 praelata
2750 4965 2886 5005 crux
2934 4950 3245 5004 veneranda
3285 4945 3567 5002 confracta
3619 4943 3835 5005 fuerat,

2247 5044 2499 5109 moritur,
2529 5051 2585 5097 et
2622 5045 2915 5112 imperator
2953 5040 3104 5095 febre
3135 5037 3448 5109 corripitur.
3491 5036 3837 5106 Quapropter

2246 5136 2529 5206 conjugem
2555 5134 2622 5190 ad
2648 5132 3001 5203 apostolicum
3032 5131 3226 5194 mittit,
3257 5127 3411 5199 cujus
3437 5127 3562 5182 ﬁdei
3590 5126 3835 5194 iussione

2249 5224 2576 5297 apostolicus
2600 5224 2668 5279 ad
2700 5216 3084 5292 imperatorem
3111 5220 3292 5287 venit,
3321 5228 3376 5276 ct
3416 5218 3604 5273 habita
3649 5224 3837 5272 mutua

1763 5342 2156 5406 VARIANTES
2214 5340 2612 5405 LECTIONES.

631 5420 649 5450 ‘
680 5419 873 5477 litteris
895 5420 988 5477 Ch.
1068 5426 1086 5454 ²
1121 5428 1318 5496 operiri
1351 5428 1446 5483 C/l.
1524 5433 1543 5463 ³
1576 5434 2023 5493 incenderinttih.
2099 5442 2121 5472 ’⁵
2143 5440 2499 5497 incenderunt
2531 5430 2626 5488 Ch.
2711 5433 2731 5462 ⁵
2759 5429 2959 5485 malum
2983 5430 3082 5485 Ch.

2089 5548 2323 5607 NOTAE.

632 5634 656 5661 ι
700 5621 1073 5678 Sciat-Calais.
1118 5626 1279 5691 Bono.

634 5691 658 5729 ιι
695 5692 753 5743 Μ
783 5703 867 5746 est
906 5694 1244 5750 Welandum.

636 5769 655 5795 ε
691 5760 1003 5818 Orationem
1029 5770 1281 5837 anonymi
1303 5769 1579 5839 cujusdam
1603 5774 1838 5846 QPiSCOItl
1863 5781 1964 5835 hac
1984 5794 2138 5835 occa-

2247 5644 2399 5698 sione
2442 5641 2495 5693 iu
2532 5636 3015 5713 sgpodoﬁgngua
3047 5634 3523 5713 habitant‘viilesis
3548 5633 3690 5713 apud
3716 5631 3834 5713 ξυ-

2248 5697 2509 5767 ratorium
2671 5705 2787 5760 Ital.
2808 5705 2870 5759 Τ.
2891 5704 3168 5774 ll,p.u,p.
3203 5704 3320 5762 135.
3355 5697 3627 5760 Exstatin
3652 5702 3834 5759 codice

2248 5800 2351 5839 ius.
2380 5779 2720 5838 bibliotheca:
2747 5775 3138 5833 Ambrosinus}.
