4038 6322
160 911 174 972 ι

192 402 346 459 ΙἏΊ

1080 393 1400 451 ANNALES
1436 385 1795 449 HINCMARO
1836 383 2277 445 DUBITANTER
2316 381 2653 441 ASCRIPTI.

3300 396 3305 400 '
3361 380 3499 441 1218

191 512 706 577 sermccinatione,
738 512 880 568 sicut
910 508 1053 564 inter
1091 524 1187 564 cos
1220 508 1504 569 convenit,
1540 502 1797 574 apostoli-
1831 504 1877 562 Α
1904 499 1969 551 lis
1988 498 2317 566 pmnitenthe
2331 493 2833 566 ctprol'cssionibus
2848 474 3497 561 canonicis,quonianiah

146 551 161 635 ἱ
738 551 1114 658 ὶδιρηιηθῐιεε
1144 600 1401 670 palatium
1437 551 1619 651 redii}.
1653 593 1803 649 Tunc
1908 586 2223 656 evangelica
2238 587 2469 640 veritate
2483 594 2538 638 ct
2558 584 2852 653 apostolica
2877 583 3202 638 auctoritate
3216 588 3500 653 sacrisque

191 700 517 768 imperator
540 684 901 751 Guntbarinm
935 700 993 746 et
1014 689 1427 762 Theutgaudum
1448 686 1774 757 degradatos
1788 723 1804 748 ,

190 796 257 844 ut
288 802 493 843 secum
524 792 815 849 venerant,
837 781 1126 837 Franciam
1157 779 1338 834 redire
1358 775 1636 846 praecepit.
1655 772 1807 829 Tune

191 876 557 934 Guntharius
584 876 698 931 haec
718 872 982 929 diabolica
1007 869 1243 940 capitula
1274 877 1331 925 et
1359 869 1623 924 hactenus
1648 864 1803 919 inau-

190 972 347 1036 dita,
383 985 514 1041 quae
541 984 667 1025 cum
702 969 806 1023 hac
830 964 1185 1035 prmfatione,
1232 961 1453 1031 quando
1486 960 1714 1013 Romam
1747 964 1806 1015 ut

190 1059 603 1129 praemisimus.
631 1058 684 1111 in
708 1054 1007 1111 Hludowici
1040 1052 1301 1121 obsequio
1328 1051 1507 1114 rediit,
1534 1046 1804 1117 episcopis

189 1150 359 1221 regni
391 1148 639 1205 Lotharii
687 1148 868 1212 misit,
898 1160 998 1215 per
1022 1144 1334 1199 llilduinnm
1378 1140 1599 1194 fratrem
1644 1152 1802 1193 suum

191 1238 513 1307 clericum,-
549 1238 821 1309 adiunctis
864 1237 915 1293 ei
962 1235 1080 1291 suis
1112 1233 1460 1307 hominibus,
1508 1229 1804 1298 apostolico

191 1330 382 1395 misit,
416 1330 558 1385 dans
604 1328 680 1381 illi
728 1327 785 1382 in
830 1324 1101 1381 mandatis
1134 1331 1195 1379 ut
1237 1322 1280 1378 si
1329 1319 1659 1390 apostolicus
1712 1317 1801 1375 illa

190 1419 376 1476 nollet
396 1421 667 1489 recipere,
699 1431 864 1488 super
886 1430 1084 1487 corpus
1108 1413 1253 1471 beati
1281 1411 1429 1468 Petri
1461 1426 1525 1468 ea
1548 1410 1800 1478 iactaret.

191 1531 525 1603 (Deqm‘bua
549 1532 637 1585 hic
661 1532 859 1603 agitur,
899 1526 1144 1603 Capitula
1184 1521 1466 1603 cantherii
1502 1522 1635 1603 jani~
1650 1519 1803 1603 ἔδειξεν

264 1587 399 1657 ntus
452 1602 588 1656 inter
624 1587 1006 1669 scripta-ejus,
1057 1593 1373 1663 Patrologia:
1426 1587 1553 1649 tant.
1594 1587 1800 1653 CXXI,

262 1687 436 1745 quem
463 1671 619 1725 adeat
650 1667 859 1739 lector.)
1712 1714 1745 1728 ..

267 1782 631 1853 Apostolicus
658 1788 839 1836 autem
868 1778 1233 1849 prmcognitus
1273 1776 1390 1831 luce
1428 1772 1671 1843 recipere
1701 1785 1802 1826 no-

1909 676 2107 747 regulis
2131 676 2183 730 in
2208 692 2368 730 causa
2385 676 2742 743 Theutbergaa
2766 689 2831 730 ac
2845 673 3155 729 Waldradae
3176 689 3280 728 non
3300 675 3499 729 medio-

1908 765 2080 820 criter
2112 764 2482 829 deviaverant,
2509 764 2578 819 ad
2610 763 2963 833 apostolicum
3014 763 3271 833 dirigunt.
3297 763 3499 818 Lotha~

1911 854 2024 907 rius
2075 867 2226 919 vero,
2252 852 2501 917 Ratoldo,
2530 852 3007 921 Argentoratensis
3030 852 3178 907 urbis
3206 852 3495 921 episcopo,

1908 956 2033 998 cum
2065 942 2281 1012 scriptis
2308 941 2439 996 falsa
2468 957 2618 996 more
2640 957 2737 997 suo
2758 942 2823 997 de
2843 955 2940 995 sua
2963 942 3314 996 excusatione
3333 950 3387 995 et
3406 958 3497 997 vo-

1919 1031 2154 1086 luntaria
2196 1032 2532 1086 correctione
2560 1030 2904 1099 loquentibus
2926 1030 3238 1099 praemisso,
3271 1026 3341 1084 ad
3363 1043 3498 1101 apo-

1914 1120 2165 1177 stolicum
2181 1122 2293 1192 ipse
2304 1136 2403 1190 per
2419 1120 2722 1190 Gundnlphi
2746 1120 2925 1174 villam
2944 1133 2969 1162 α
2985 1129 3040 1175 et
3055 1120 3326 1174 Romericl
3346 1134 3499 1173 mon-

1906 1219 2017 1267 tem
2041 1213 2294 1267 bobviam
2322 1212 2475 1266 fratri
2499 1226 2596 1266 suo
2623 1210 2689 1264 ad
2726 1210 2901 1263 locum
2924 1210 3014 1278 qui
3054 1209 3202 1264 Urba
3243 1220 3266 1247 ε
3301 1208 3499 1263 dicitur

1914 1303 2086 1357 vadit.
2126 1302 2351 1357 Carolus
2379 1316 2501 1357 eum
2538 1300 2782 1371 epistolis
2815 1313 2911 1369 per
2937 1297 3500 1361 Rodbermm,Cinno-

1917 1394 2185 1448 mannicae
2200 1392 2357 1449 urbis
2389 1393 2722 1462 episcopum,
2749 1391 2974 1445 Romam
2986 1428 2999 1454 ,
3015 1389 3157 1442 sicut
3170 1387 3499 1457 apostolicus

1911 1484 2170 1554 iusserat,
2190 1484 2495 1538 Rothadum
2523 1488 2539 1512 ‘
2569 1482 2771 1554 dirigit;
2792 1481 2885 1535 sed
2903 1489 2954 1534 te
2966 1479 3203 1549 episcopi
3220 1476 3499 1549 regnieius

1911 1572 2144 1629 vinarios
2172 1587 2299 1628 suos
2325 1586 2445 1627 cum
2473 1570 2747 1642 synodicis
2789 1569 2984 1625 litteris
3024 1568 3090 1623 de
3129 1580 3292 1623 causa
3328 1565 3497 1635 ipsius

1912 1662 2147 1717 Rotlradi
2175 1662 2242 1717 ad
2265 1660 2616 1730 apostolicam
2646 1659 2831 1715 sedem
2858 1658 3113 1722 mittunt;
3138 1657 3334 1725 quibus
3360 1654 3495 1709 lllu-

1906 1752 2149 1808 dowicus
2195 1753 2481 1808 transitum
2519 1751 2768 1821 denegat.
2818 1749 2920 1820 Ipsi
2960 1756 3141 1802 autem
3186 1745 3346 1814 legati
3386 1754 3496 1801 tam

192 1836 347 1930 iuit:
375 1836 799 1942 Snprascriptus
847 1836 1026 1924 autem
1049 1836 1354 1923 vllildninus
1400 1836 1645 1919 armatus
1678 1877 1799 1917 cum
1829 1848 1879 1915 Β
1902 1843 2052 1942 [θεῖε
2074 1856 2235 1911 (Nam
2270 1841 2646 1942 «ῖρῖεξοῐιίξτυιη
2671 1836 3496 1942 ,ἰωβοξδίδηίῑδίίξ

190 1962 526 2020 hominibus
547 1960 838 2017 Guntharii
873 1958 1162 2016 ecclesiam
1204 1956 1350 2012 beati
1387 1954 1533 2011 Petri
1571 1950 1799 2023 apostoli

190 2051 326 2108 sine
351 2048 466 2106 ulla
511 2048 812 2109 reverentia
863 2048 1107 2113 intrans,
1140 2044 1462 2101 diabolicum
1504 2043 1797 2113 scriptum,

192 2140 351 2194 sicut
380 2153 512 2195 suus
538 2136 709 2195 frater
733 2134 1070 2193 Gnntharius
1095 2136 1145 2190 ei
1175 2142 1541 2206 prteceperat,
1586 2133 1633 2189 si
1672 2148 1799 2202 apo-

191 2228 442 2288 stolicus
496 2229 627 2287 illud
680 2229 850 2287 nollet
892 2228 1154 2299 recipere,
1205 2242 1368 2299 super
1408 2242 1608 2297 corpus
1652 2225 1799 2285 beati

190 2323 356 2381 Petri
387 2324 602 2393 jactare
630 2323 820 2388 voluit,
848 2331 904 2377 et
931 2338 962 2376 a
991 2320 1306 2377 custodibus
1334 2319 1659 2389 prohibitus,
1680 2333 1800 2385 cos:-

190 2416 329 2473 dem
378 2415 633 2471 custodes
677 2429 804 2476 cum
856 2412 1089 2469 fustibus
1134 2420 1244 2467 tam
1279 2410 1397 2480 ipse
1427 2425 1592 2480 quam
1628 2417 1684 2465 et
1716 2407 1798 2473 sui

193 2504 504 2575 complices
531 2504 825 2575 verberare
852 2509 1153 2574 cmperunt,
1178 2502 1316 2556 adeo
1344 2508 1404 2555 ut
1433 2515 1573 2554 unus
1596 2499 1798 2553 ibidem

193 2596 431 2653 occisus
467 2593 650 2650 fuerit.
690 2594 842 2650 Tunc
878 2593 1056 2663 ipsum
1091 2591 1356 2661 scriptum
1394 2603 1558 2659 super
1599 2601 1799 2657 corpus

191 2678 365 2745 beati
380 2679 530 2740 Petri
564 2684 824 2754 iactavit,
866 2697 1036 2753 seque
1065 2682 1235 2739 isdem
1265 2690 1321 2735 et
1346 2681 1437 2750 qui
1464 2694 1585 2733 cum
1618 2693 1683 2733 eo
1710 2692 1800 2732 ve-

194 2784 413 2834 nerunt
458 2775 759 2846 evaginatis
810 2773 1005 2844 gladiis
1053 2780 1416 2842 protegentes,
1460 2772 1528 2826 de
1568 2769 1799 2826 ecclesia

196 2867 486 2931 exierunt,
512 2875 568 2925 et
597 2867 666 2922 ad
691 2865 1051 2921 Guntharinm
1079 2872 1298 2935 peracto
1326 2863 1557 2935 lugendo
1580 2862 1798 2933 negotio

194 2960 515 3019 redierunt.
565 2958 868 3029 Imperator
902 2964 1039 3027 post
1081 2971 1285 3026 paucos
1326 2955 1737 3025 dies,,patratis
1765 2970 1799 3011 a

154 3096 159 3105 λ
200 3050 485 3110 comitatu
513 3064 611 3107 suo
638 3048 824 3107 multis
861 3047 1351 3118 deprzedationihus
1372 3055 1430 3103 et
1456 3046 1796 3111 mansionum

197 3139 675 3199 destructionibus
723 3153 787 3194 ac
830 3137 1321 3195 sanctimonialium
1369 3147 1798 3207 exterarumque

1902 1933 2131 1986 Romam
2178 1932 2424 1987 veniendi
2472 1930 2721 1986 clanculo
2767 1926 2918 1998 papae
2968 1926 3210 1995 cognitas
3265 1923 3492 1981 faciunt.

1900 2018 2185 2077 Rothadns
2209 2021 2458 2075 simulata
2482 2019 2795 2073 inﬁrmitate
2818 2015 3073 2072 Vesontio
3094 2015 3137 2079 ’,
3167 2013 3381 2070 caneris
3401 2027 3495 2081 pa-

1901 2114 2061 2168 triam
2090 2112 2488 2183 rcpcdantihus,
2519 2119 2784 2175 remanet,
2806 2118 2862 2163 et
2887 2117 3008 2177 post
3030 2107 3258 2160 aliorum
3283 2119 3496 2175 regres-

1899 2215 2055 2265 sum,
2106 2217 2203 2271 per
2251 2201 2506 2264 Curiam,
2549 2197 2969 2271 suifragantibus
3011 2198 3110 2253 sibi
3151 2195 3392 2252 Lotharii
3440 2189 3496 2249 εί

1898 2291 2234 2359 Illudowici,
2275 2291 2582 2347 Germaniae
2626 2291 2800 2363 regis,
2834 2289 3169 2354 fautoribus,
3211 2285 3493 2343 Hlndowi-

1899 2397 2024 2438 cum
2050 2382 2076 2422 ὃ
2105 2384 2491 2453 imperatorem
2522 2380 2688 2436 italiae
2716 2381 2869 2445 adiit,
2909 2388 3177 2449 quatenus
3208 2378 3378 2449 ipsius
3404 2392 3494 2431 so.

1900 2475 2033 2531 latio
2082 2475 2309 2530 Romam
2362 2475 2539 2529 valeat
2583 2474 2888 2544 pervenire.
2926 2473 3077 2528 Missi
3121 2472 3262 2542 regis
3309 2470 3491 2527 Caroli

1901 2581 2094 2635 parum
2119 2581 2221 2635 pro
2261 2567 2457 2635 quibus
2485 2567 2633 2620 missi
2668 2566 2881 2620 Inerant
2905 2548 3156 2619 utilitatis
3183 2570 3432 2635 agentes,
3459 2579 3490 2617 τι

1900 2658 2119 2726 negotio
2145 2657 2166 2689 ³
2194 2667 2559 2723 revertuntur,
2591 2669 2646 2713 et
2670 2657 2976 2723 ilnntl‘rido,
3003 2658 3224 2712 dimissa
3245 2657 3273 2729 ,ι
3294 2654 3490 2712 Tolosa

1899 2762 1966 2801 ac
1986 2746 2165 2811 Coti‘a,
2190 2764 2287 2818 per
2305 2747 2646 2804 Provinciam
2676 2750 2730 2804 in
2751 2756 2933 2818 partes
2965 2747 3130 2803 Italiae
3152 2753 3487 2810 transeunte;

1899 2837 2094 2892 iterum
2130 2837 2263 2893 alios
2308 2840 2506 2894 missos
2540 2841 2607 2895 ad
2638 2839 2977 2911 recipiendas
3020 2839 3271 2896 civitates
3302 2849 3358 2896 et
3397 2855 3490 2897 ca-

1898 2925 2054 2983 ‘stella
2085 2925 2311 2983 Carolus
2338 2928 2407 2983 ad
2432 2928 2684 2984 Tolosam
2721 2939 2777 2984 et
2804 2930 2858 2984 in
2882 2927 3095 2984 Gotiam
3122 2930 3305 2986 mittit.

2948 3044 3215 3100 hostiliter
3265 3045 3485 3103 obviam

1898 3131 2189 3202 Bnlgarum
2232 3130 2549 3203 Cagano...”
2579 3132 2827 3200 nomine,
2877 3134 2971 3202 qui
3018 3133 3378 3191 christianum
3426 3150 3487 3191 se

1968 3040 2350 3107 Hludowicus,
2400 3057 2494 3097 rex
2540 3041 2874 3109 Germaniae,

197 3197 542 3286 feminarum
570 3226 1106 3298 constuprationibus
1132 3235 1296 3297 atque
1322 3228 1601 3283 hominum
1634 3197 1796 3284 caadi-
1821 3197 1868 3261 (ἶ
1902 3197 2026 3277 ﬁeri
2044 3222 2177 3277 velle
2205 3197 2545 3293 promiserat,
2574 3223 2746 3294 pergit
2771 3239 2786 3288 ;
2813 3197 2945 3279 inde
2968 3223 3035 3279 ad
3060 3225 3489 3295 componendam

196 3321 311 3378 bus
361 3333 573 3376 necnon
619 3328 676 3374 et
724 3317 1076 3375 ecclesiarum
1126 3318 1571 3387 infractionibus,
1626 3322 1796 3376 Roma

197 3396 763 3477 aliena-Ravennam
788 3408 970 3474 venit,
998 3407 1179 3479 ibique
1219 3410 1420 3480 pascha
1455 3409 1796 3466 Dominicum

199 3516 336 3558 cum
368 3495 462 3558 tali
487 3500 630 3557 sicut
660 3499 858 3556 meruit
885 3498 983 3555 Dei
1011 3508 1067 3555 et
1095 3498 1465 3571 apostolorum
1501 3500 1674 3572 gratia
1702 3514 1797 3556 ce-

200 3593 464 3650 lebravit.
507 3591 841 3648 Guntharius
887 3597 1068 3648 autem
1116 3592 1172 3647 in
1218 3592 1335 3663 ipsa
1384 3607 1540 3649 coena
1585 3592 1798 3649 Domini

202 3680 494 3740 Coloniam
515 3681 760 3745 veniens,
784 3680 981 3736 missas
1000 3680 1280 3736 celebrare
1306 3690 1361 3736 et
1387 3697 1605 3738 sacrum
1627 3682 1803 3740 chris-

202 3786 301 3828 ma
360 3770 667 3835 conﬁcere,
715 3779 778 3826 ut
834 3770 1000 3826 homo
1050 3772 1169 3829 sine
1220 3771 1371 3839 Deo,
1422 3774 1798 3844 praesumpsit;

206 3859 604 3932 Theutgaudus
634 3874 762 3915 vero
788 3874 819 3914 a
845 3859 1177 3926 ministerio,
1201 3860 1343 3916 sicut
1378 3862 1429 3916 ei
1460 3861 1641 3917 fuerat
1660 3876 1802 3933 prae-

205 3960 431 4022 ceptum
460 3990 476 4015 ,
516 3965 577 4006 se
619 3958 935 4007 reverenter
970 3952 1252 4008 abstinuit.
1300 3952 1523 4010 Ceteris
1570 3955 1804 4026 denique

203 4040 486 4114 episcopis
514 4040 655 4111 apud
678 4040 996 4098 Lotharium
1041 4042 1097 4097 id
1136 4044 1506 4114 satagentibus
1528 4082 1544 4110 ,
1585 4046 1800 4116 cpisco-

202 4142 405 4206 patum
433 4147 465 4187 ιι
490 4129 798 4188 Canthario
838 4130 1135 4190 Lotharius
1168 4134 1325 4202 tulit,
1358 4144 1414 4191 et
1453 4150 1553 4192 suo
1594 4145 1804 4193 tantum

207 4221 450 4281 consilio
478 4220 721 4295 ﬂugoni,
746 4222 981 4281 Conradi
999 4262 1018 4290 ,
1046 4222 1226 4281 Caroli
1258 4227 1403 4296 regis
1438 4226 1721 4295 avunculi,
1749 4237 1806 4285 et

209 4322 526 4373 matertera:
555 4329 671 4370 suae
712 4313 850 4379 lilio,
882 4322 1104 4371 tonsura
1148 4315 1351 4372 clerico
1383 4324 1440 4372 et
1461 4318 1808 4374 ordinatione

213 4403 599 4460 tantummodo
642 4403 974 4459 subdiacono
995 4444 1011 4469 ,
1041 4403 1287 4461 moribus
1314 4414 1495 4461 autem
1539 4415 1597 4462 et
1627 4407 1737 4462 vita
1773 4423 1807 4463 a

1899 3312 2242 3369 Winidorum
2275 3330 2547 3380 marcum,
2602 3316 2651 3371 si
2681 3329 2742 3371 se
2769 3320 3077 3386 prosperari
3111 3317 3338 3380 viderit,
3367 3333 3489 3387 per-

1901 3412 2169 3459 recturus.
2222 3402 2545 3460 Nortmanui
2593 3405 2685 3474 qui
2727 3420 2851 3461 cum
2889 3407 3126 3477 plurimo
3171 3407 3388 3480 navigio
3432 3409 3487 3464 in

1900 3489 2152 3546 Flandris
2193 3492 2546 3563 appulerunt,
2588 3495 2968 3552 resistentibus
3012 3496 3115 3552 sibi
3162 3500 3490 3569 pagensibus

1901 3594 2000 3650 per
2024 3579 2273 3636 Rhenum
2299 3583 2601 3639 ascendunt
2622 3624 2638 3651 ,
2685 3593 2739 3640 et
2763 3584 2942 3640 vicina
2972 3601 3263 3658 regnon
3291 3588 3490 3661 Lotha:

1904 3671 1973 3727 rii
2017 3687 2083 3726 ac
2130 3672 2431 3730 Illndowici
2479 3689 2544 3729 ex
2594 3684 2825 3746 utraque
2877 3678 2992 3748 ripa
3037 3678 3206 3748 ipsius
3252 3679 3493 3737 numinis

1903 3769 2137 3817 vastant.
2176 3762 2403 3820 Carolus
2429 3776 2454 3805 ο
2482 3765 2750 3823 Kalendas
2792 3767 2936 3824 Junii
2977 3771 3030 3826 in
3062 3770 3182 3827 loco
3207 3772 3298 3843 qui
3329 3773 3493 3829 Pistis

1906 3853 2105 3910 dicitur
2139 3856 2392 3927 generale
2414 3856 2672 3927 placitum
2700 3860 2885 3924 habet,
2917 3861 2969 3915 in
3009 3877 3121 3930 quo
3152 3878 3329 3918 annua
3353 3867 3493 3920 dona

1905 3944 2002 4001 sed
2024 3953 2080 4000 et
2106 3960 2331 4001 censum
2360 3946 2426 4001 de
2452 3946 2731 4002 Britannia
2760 3962 2790 4002 a
2836 3949 3158 4015 Salomone,
3200 3951 3493 4008 Britanno-

1906 4052 2030 4091 rum
2055 4035 2209 4101 duce,
2242 4036 2344 4092 sibi
2369 4036 2635 4094 directum
2678 4052 2830 4093 more
2869 4039 3328 4109 pmdecessorum
3360 4058 3491 4098 suo-

1903 4143 2050 4194 rum,
2076 4129 2463 4201 quinquaginta
2487 4129 2697 4187 scilicet
2739 4130 2905 4186 libras
2932 4131 3162 4202 argenti,
3194 4132 3411 4201 recipit,
3436 4142 3494 4188 et

1910 4221 2195 4278 ﬁrmitates
2236 4222 2292 4277 in
2340 4221 2627 4293 Sequana,
2674 4237 2745 4279 ne
2772 4221 3092 4278 Nortmanni
3122 4236 3218 4294 per
3244 4223 3496 4280 eumdem

1908 4310 2127 4367 ﬂuvium
2152 4312 2361 4383 possint
2388 4313 2930 4378 ascendere,'ibiuem
2956 4313 3073 4368 ﬁeri
3098 4313 3270 4383 iubet.
3325 4313 3494 4384 Capi-

1913 4403 2030 4459 tula
2072 4404 2238 4460 etiam
2288 4403 2358 4458 ad
2394 4404 2614 4475 triginta
2662 4413 2717 4460 et
2758 4412 2965 4474 septem
2998 4404 3230 4460 consilio
3256 4404 3497 4460 fidelium

214 4491 369 4550 ﬁdeli
391 4492 536 4549 laico
562 4492 894 4564 discrepanti
919 4493 1168 4561 donavit;
1194 4494 1336 4550 unde
1356 4503 1535 4551 motus
1554 4496 1805 4553 Guntba-
1828 4536 1885 4598 Β
1910 4510 2130 4551 suorum
2162 4510 2313 4552 more
2341 4496 2799 4567 praedecessorum
2830 4512 2895 4551 ac
2921 4496 3328 4568 progenitornm
3369 4510 3498 4552 suo-

218 4583 373 4649 rius,
403 4583 665 4654 quidquid
697 4585 764 4641 de
806 4584 1061 4641 thesauro
1106 4584 1475 4644 ecclesiastico
1515 4587 1569 4643 in
1611 4589 1803 4648 eadem
1828 4583 1880 4598 "
1910 4604 2032 4643 rum
2060 4602 2246 4658 regum
2267 4587 2571 4653 constituit,
2591 4595 2647 4643 et
2667 4596 2729 4642 ut
2751 4587 2941 4658 legalia
2963 4602 3060 4659 per
3079 4601 3241 4644 omne
3267 4602 3497 4659 regnum

215 4673 445 4730 civitate
471 4672 576 4730 fuit
603 4674 878 4732 residuum
907 4674 1194 4742 auferens,
1224 4676 1453 4732 Romam
1482 4678 1677 4735 iterum
1695 4718 1711 4746 ,
1745 4689 1806 4736 ut

215 4764 409 4821 omnia
437 4765 679 4821 Lotharii
724 4773 781 4820 et
826 4779 924 4820 sua
967 4765 1220 4838 ﬁgmenta
1264 4767 1331 4823 de
1375 4769 1715 4840 Theutberga
1751 4779 1809 4827 et

218 4852 517 4916 Waldrada
542 4855 845 4930 apostolico
877 4870 944 4911 ex
989 4857 1180 4912 ordine
1212 4858 1443 4928 pandat,
1482 4862 1805 4932 regreditur.

224 4953 337 5012 Sed
356 4959 414 5009 et
430 4950 664 5023 episcOpi
690 4948 840 5020 regni
864 4946 1108 5004 Lotharii
1133 4947 1343 5020 legatos
1363 4964 1494 5006 suos
1515 4966 1641 5007 cum
1663 4953 1811 5009 libel-

1911 4694 2069 4736 suum
2093 4678 2371 4735 observari
2396 4678 2671 4749 pmcepit.

1984 4769 2270 4841 Pippinust
2302 4778 2547 4839 apostata
2589 4785 2619 4825 a
2663 4767 3116 4826 Nortmannorum
3168 4770 3394 4841 collegio
3428 4770 3498 4825 ab

1914 4864 2202 4934 Aquitanis
2228 4862 2444 4932 ingenio
2473 4864 2707 4933 capitur,
2750 4874 2807 4918 et
2832 4864 2885 4918 in
2910 4864 3099 4919 eodem
3128 4862 3325 4931 placito
3362 4876 3499 4930 pra:-

1920 4962 2188 5020 sentatur,
2237 4962 2294 5009 et
2322 4967 2352 5007 a
2378 4954 2530 5025 regni
2554 4955 2915 5026 primoribus,
2962 4962 3023 5009 ut
3048 4953 3241 5023 patria:
3269 4962 3325 5009 et
3352 4952 3499 5009 chri—

1444 5058 1844 5123 VARIANTES
1879 5040 2282 5122 moriones;

230 5184 248 5214 ι
287 5178 607 5240 rothardum
629 5175 752 5241 CIL,
777 5175 865 5246 qui
890 5174 1033 5246 infra
1059 5173 1273 5229 rothadi
1298 5160 1523 5230 scribit.
1576 5178 1598 5208 '
1637 5193 1820 5235 νεεοιιι

1917 5179 2015 5235 Ch.
2096 5181 2119 5213 ⁸

922 5174 1033 5298 ἕνα
1059 5174 1273 5229 rothadi
1298 5175 1500 5230 scribit.
1576 5178 1892 5263 ﬁvesqncio
1917 5179 2015 5235 Ch.

968 5244 1277 5316 ulgarorum
1306 5260 1481 5302 vocent
1510 5260 1625 5319 regi
1652 5252 1906 5306 excidisse
1932 5260 2095 5321 patet.

229 5266 421 5308 nomen
446 5247 633 5319 cagani
664 5256 755 5301 aut
782 5255 897 5315 post

2155 5179 2379 5253 negocio
2398 5177 2497 5234 Ch.
2574 5181 2596 5212 ⁸
2632 5180 2857 5237 dimisso
2881 5180 2978 5236 Cll.
3011 5190 3060 5236 et
3091 5179 3157 5235 Β.
3237 5183 3259 5213 ⁸
3297 5191 3387 5237 aut
3414 5182 3499 5236 hic

1753 5356 1987 5416 NOTIE.

304 5466 333 5529 ξι
369 5450 704 5529 Qondrevt'lle
729 5470 898 5529 prope
925 5456 1057 5512 Toul
1072 5496 1081 5508 .

303 5524 335 5564 ιι
377 5522 747 5581 Ηειιιὲναηοιιιξ

307 5606 332 5634 ο
375 5592 534 5647 Orbe.

307 5663 335 5704 δ
377 5663 711 5742 ιῇσιιιιιάιιειι
739 5668 1009 5725 Ludovico
1037 5670 1363 5742 imperatore
1392 5672 1619 5730 liberum
1638 5682 1821 5732 trans-

242 5734 729 5814 ituni‘impetravit,
766 5748 821 5814 et
863 5754 1047 5814 m_ense
1074 5734 1234 5799 Junio
1263 5743 1421 5814 huius
1448 5745 1578 5801 anni
1604 5746 1707 5803 86i
1736 5763 1824 5805 δο-
1926 5751 2187 5812 quantum
2232 5734 2304 5814 m'i

240 5803 324 5863 lus
350 5803 575 5862 Romam
604 5810 868 5878 pervenit.
901 5809 1067 5876 Bono.

1995 5481 2015 5502 -
2054 5463 2303 5518 Edictum
2353 5463 2603 5522 Pistense
2661 5482 2735 5523 vn
2793 5465 2911 5521 Kal.
2960 5466 3083 5522 Julii
3133 5467 3337 5523 editum
3393 5477 3496 5524 cst.

1923 5533 2128 5604 Balugii
2153 5534 2327 5604 Capit.
2367 5533 2430 5588 Τ.
2459 5535 2521 5591 ΙΙ.

2002 5603 2020 5679 f
2064 5602 2748 5679 HincmarusARhcmorum
2792 5607 3233 5679 archiepisc0pus
3284 5604 3541 5679 incon-’

2350 5678 2421 5729 ini
2465 5678 2791 5746 paenitentia
2831 5679 2911 5732 sic
2958 5678 3185 5732 habet:
3244 5698 3262 5730 ι
3318 5678 3498 5736 Unde.

2350 5745 2630 5820 ividetur
2651 5789 2665 5810 ,
2702 5763 2809 5803 non
2856 5746 3214 5820 pra'iudicans
3257 5749 3503 5820 synodali

1930 5814 2213 5872 sententia:
2240 5813 2305 5872 de
2330 5814 2557 5887 Pippiuo
2601 5813 2872 5886 decretae;
2912 5813 3005 5876 sed
3035 5813 3374 5882 conlisus'de
3411 5819 3506 5876 Dei

1925 5673 2050 5729 silio
2098 5672 2166 5727 de
2211 5672 2421 5799 Pipgini
2465 5678 2791 5746 paenitentia
2831 5679 2911 5732 sic
2958 5672 3185 5759 habet}

1926 5751 2187 5799 quantum
2232 5759 2304 5798 un
2350 5761 2363 5798 ι
2411 5747 2665 5799 videtur.
2702 5763 2809 5799 non
2856 5749 3182 5799 nra'mdican
