  <div class='ocr_page' id='page_1' title='image "/cluster/home/n/w/nwhite01/storage/ocr_20150623/125/hvd.32044015471667/615.png"; bbox 0 0 4038 6322; ppageno 0'>
   <div class='ocr_carea' id='block_1_1' title="bbox 521 343 656 402">
    <p class='ocr_par' dir='ltr' id='par_1_1' title="bbox 521 343 656 402">
     <span class='ocr_line' id='line_1_1' title="bbox 521 343 656 402; baseline 0.015 -2"><span class='ocrx_word' id='word_1_1' title='bbox 521 343 656 402; x_wconf 71' lang='grc' dir='ltr'><strong>ηιῡ</strong></span> 
     </span>
    </p>
   </div>
   <div class='ocr_carea' id='block_1_2' title="bbox 1590 335 2723 394">
    <p class='ocr_par' dir='ltr' id='par_1_2' title="bbox 1590 335 2723 394">
     <span class='ocr_line' id='line_1_2' title="bbox 1590 335 2723 394; baseline -0.002 0"><span class='ocrx_word' id='word_1_2' title='bbox 1590 338 1682 394; x_wconf 79' lang='lat' dir='ltr'><strong>AD</strong></span> <span class='ocrx_word' id='word_1_3' title='bbox 1721 335 1950 394; x_wconf 73' lang='lat' dir='ltr'><strong>OPERA</strong></span> <span class='ocrx_word' id='word_1_4' title='bbox 1988 335 2321 392; x_wconf 73' lang='lat' dir='ltr'><strong>HINCMARI</strong></span> <span class='ocrx_word' id='word_1_5' title='bbox 2356 335 2723 393; x_wconf 79' lang='lat' dir='ltr'><strong>APPENDIX.</strong></span> 
     </span>
    </p>
   </div>
   <div class='ocr_carea' id='block_1_3' title="bbox 3667 338 3818 398">
    <p class='ocr_par' dir='ltr' id='par_1_3' title="bbox 3667 338 3818 398">
     <span class='ocr_line' id='line_1_3' title="bbox 3667 338 3818 398; baseline -0.013 0"><span class='ocrx_word' id='word_1_6' title='bbox 3667 338 3818 398; x_wconf 63' lang='grc' dir='ltr'>ιω</span> 
     </span>
    </p>
   </div>
   <div class='ocr_carea' id='block_1_4' title="bbox 521 445 3822 525">
    <p class='ocr_par' dir='ltr' id='par_1_4' title="bbox 521 445 3822 525">
     <span class='ocr_line' id='line_1_4' title="bbox 521 445 3822 525; baseline -0.004 -12"><span class='ocrx_word' id='word_1_7' title='bbox 521 454 816 514; x_wconf 90' lang='lat' dir='ltr'><strong>stianitatis</strong></span> <span class='ocrx_word' id='word_1_8' title='bbox 840 452 1110 525; x_wconf 88' lang='lat' dir='ltr'><strong>proditor,</strong></span> <span class='ocrx_word' id='word_1_9' title='bbox 1139 459 1196 506; x_wconf 89' lang='lat' dir='ltr'><strong>et</strong></span> <span class='ocrx_word' id='word_1_10' title='bbox 1225 450 1440 508; x_wconf 85' lang='lat' dir='ltr'><strong>demum</strong></span> <span class='ocrx_word' id='word_1_11' title='bbox 1473 448 1803 521; x_wconf 74' lang='lat' dir='ltr'><strong>generaliter</strong></span> <span class='ocrx_word' id='word_1_12' title='bbox 1840 446 1909 502; x_wconf 89' lang='lat' dir='ltr'><strong>ab</strong></span> <span class='ocrx_word' id='word_1_13' title='bbox 1935 447 2112 501; x_wconf 88' lang='lat' dir='ltr'><strong>omni-</strong></span> <span class='ocrx_word' id='word_1_14' title='bbox 2141 454 2194 514; x_wconf 75' lang='grc' dir='ltr'><strong>Α</strong></span> <span class='ocrx_word' id='word_1_15' title='bbox 2219 447 2396 511; x_wconf 92' lang='lat' dir='ltr'><strong>cadit,</strong></span> <span class='ocrx_word' id='word_1_16' title='bbox 2444 456 2500 502; x_wconf 92' lang='lat' dir='ltr'><strong>et</strong></span> <span class='ocrx_word' id='word_1_17' title='bbox 2532 448 2700 504; x_wconf 91' lang='lat' dir='ltr'><strong>costis</strong></span> <span class='ocrx_word' id='word_1_18' title='bbox 2749 445 2909 502; x_wconf 75' lang='lat' dir='ltr'><strong>lzesus</strong></span> <span class='ocrx_word' id='word_1_19' title='bbox 2955 445 3008 502; x_wconf 92' lang='lat' dir='ltr'><strong>in</strong></span> <span class='ocrx_word' id='word_1_20' title='bbox 3034 446 3216 504; x_wconf 87' lang='lat' dir='ltr'><strong>vicino</strong></span> <span class='ocrx_word' id='word_1_21' title='bbox 3261 451 3598 506; x_wconf 83' lang='lat' dir='ltr'><strong>monasterio</strong></span> <span class='ocrx_word' id='word_1_22' title='bbox 3635 452 3822 520; x_wconf 78' lang='lat' dir='ltr'><strong>jacet.</strong></span> 
     </span>
    </p>
   </div>
   <div class='ocr_carea' id='block_1_5' title="bbox 524 538 2112 612">
    <p class='ocr_par' dir='ltr' id='par_1_5' title="bbox 524 538 2112 612">
     <span class='ocr_line' id='line_1_5' title="bbox 524 538 2112 612; baseline -0.009 -6"><span class='ocrx_word' id='word_1_23' title='bbox 524 551 627 606; x_wconf 85' lang='lat' dir='ltr'><strong>bus</strong></span> <span class='ocrx_word' id='word_1_24' title='bbox 649 547 715 602; x_wconf 92' lang='lat' dir='ltr'><strong>ad</strong></span> <span class='ocrx_word' id='word_1_25' title='bbox 740 556 970 601; x_wconf 89' lang='lat' dir='ltr'><strong>mortem</strong></span> <span class='ocrx_word' id='word_1_26' title='bbox 999 543 1345 612; x_wconf 90' lang='lat' dir='ltr'><strong>dijudicatur,</strong></span> <span class='ocrx_word' id='word_1_27' title='bbox 1369 551 1425 598; x_wconf 89' lang='lat' dir='ltr'><strong>et</strong></span> <span class='ocrx_word' id='word_1_28' title='bbox 1443 543 1498 596; x_wconf 92' lang='lat' dir='ltr'><strong>in</strong></span> <span class='ocrx_word' id='word_1_29' title='bbox 1521 539 1846 595; x_wconf 85' lang='lat' dir='ltr'><strong>Silvanectis</strong></span> <span class='ocrx_word' id='word_1_30' title='bbox 1864 538 2112 594; x_wconf 83' lang='lat' dir='ltr'><strong>arctissi-</strong></span> 
     </span>
    </p>
   </div>
   <div class='ocr_carea' id='block_1_6' title="bbox 527 627 2119 704">
    <p class='ocr_par' dir='ltr' id='par_1_6' title="bbox 527 627 2119 704">
     <span class='ocr_line' id='line_1_6' title="bbox 527 627 2119 704; baseline -0.009 -11"><span class='ocrx_word' id='word_1_31' title='bbox 527 655 615 694; x_wconf 90' lang='lat' dir='ltr'><strong>ma</strong></span> <span class='ocrx_word' id='word_1_32' title='bbox 639 636 882 692; x_wconf 86' lang='lat' dir='ltr'><strong>custodia</strong></span> <span class='ocrx_word' id='word_1_33' title='bbox 910 635 1185 704; x_wconf 73' lang='lat' dir='ltr'><strong>religatur.</strong></span> <span class='ocrx_word' id='word_1_34' title='bbox 1210 631 1542 694; x_wconf 86' lang='lat' dir='ltr'><strong>Bemardus,</strong></span> <span class='ocrx_word' id='word_1_35' title='bbox 1567 628 1828 683; x_wconf 85' lang='lat' dir='ltr'><strong>Bernard&#39;t</strong></span> <span class='ocrx_word' id='word_1_36' title='bbox 1847 627 2119 698; x_wconf 89' lang='lat' dir='ltr'><strong>quondam</strong></span> 
     </span>
    </p>
   </div>
   <div class='ocr_carea' id='block_1_7' title="bbox 529 719 2120 799">
    <p class='ocr_par' dir='ltr' id='par_1_7' title="bbox 529 719 2120 799">
     <span class='ocr_line' id='line_1_7' title="bbox 529 719 2120 799; baseline -0.007 -16"><span class='ocrx_word' id='word_1_37' title='bbox 529 728 742 799; x_wconf 84' lang='lat' dir='ltr'><strong>tyranni</strong></span> <span class='ocrx_word' id='word_1_38' title='bbox 773 741 938 782; x_wconf 88' lang='lat' dir='ltr'><strong>carne</strong></span> <span class='ocrx_word' id='word_1_39' title='bbox 966 733 1021 779; x_wconf 87' lang='lat' dir='ltr'><strong>et</strong></span> <span class='ocrx_word' id='word_1_40' title='bbox 1066 722 1310 778; x_wconf 89' lang='lat' dir='ltr'><strong>moribus</strong></span> <span class='ocrx_word' id='word_1_41' title='bbox 1341 721 1517 784; x_wconf 91' lang='lat' dir='ltr'><strong>ﬁlius,</strong></span> <span class='ocrx_word' id='word_1_42' title='bbox 1567 719 1787 775; x_wconf 79' lang='lat' dir='ltr'><strong>licentia</strong></span> <span class='ocrx_word' id='word_1_43' title='bbox 1836 719 1984 790; x_wconf 89' lang='lat' dir='ltr'><strong>regis</strong></span> <span class='ocrx_word' id='word_1_44' title='bbox 2027 733 2120 773; x_wconf 86' lang='lat' dir='ltr'><strong>ac-</strong></span> 
     </span>
    </p>
   </div>
   <div class='ocr_carea' id='block_1_8' title="bbox 530 811 2117 888">
    <p class='ocr_par' dir='ltr' id='par_1_8' title="bbox 530 811 2117 888">
     <span class='ocr_line' id='line_1_8' title="bbox 530 811 2117 888; baseline -0.008 -14"><span class='ocrx_word' id='word_1_45' title='bbox 530 827 683 888; x_wconf 87' lang='lat' dir='ltr'><strong>cepta</strong></span> <span class='ocrx_word' id='word_1_46' title='bbox 713 818 778 872; x_wconf 90' lang='lat' dir='ltr'><strong>de</strong></span> <span class='ocrx_word' id='word_1_47' title='bbox 819 815 1005 870; x_wconf 91' lang='lat' dir='ltr'><strong>eodem</strong></span> <span class='ocrx_word' id='word_1_48' title='bbox 1037 812 1237 882; x_wconf 89' lang='lat' dir='ltr'><strong>placito</strong></span> <span class='ocrx_word' id='word_1_49' title='bbox 1283 812 1437 880; x_wconf 77' lang='lat' dir='ltr'><strong>quasi</strong></span> <span class='ocrx_word' id='word_1_50' title='bbox 1469 811 1536 864; x_wconf 91' lang='lat' dir='ltr'><strong>ad</strong></span> <span class='ocrx_word' id='word_1_51' title='bbox 1569 811 1803 864; x_wconf 84' lang='lat' dir='ltr'><strong>honores</strong></span> <span class='ocrx_word' id='word_1_52' title='bbox 1840 824 1968 866; x_wconf 91' lang='lat' dir='ltr'><strong>suos</strong></span> <span class='ocrx_word' id='word_1_53' title='bbox 1993 824 2117 879; x_wconf 55' lang='lat' dir='ltr'><strong>per.</strong></span> 
     </span>
    </p>
   </div>
   <div class='ocr_carea' id='block_1_9' title="bbox 534 899 2124 974">
    <p class='ocr_par' dir='ltr' id='par_1_9' title="bbox 534 899 2124 974">
     <span class='ocr_line' id='line_1_9' title="bbox 534 899 2124 974; baseline -0.006 -12"><span class='ocrx_word' id='word_1_54' title='bbox 534 919 808 968; x_wconf 89' lang='lat' dir='ltr'><strong>recturus,</strong></span> <span class='ocrx_word' id='word_1_55' title='bbox 851 911 1014 974; x_wconf 76' lang='lat' dir='ltr'><strong>&#39;supcr</strong></span> <span class='ocrx_word' id='word_1_56' title='bbox 1041 911 1253 961; x_wconf 87' lang='lat' dir='ltr'><strong>noctem</strong></span> <span class='ocrx_word' id='word_1_57' title='bbox 1287 911 1498 956; x_wconf 89' lang='lat' dir='ltr'><strong>armata</strong></span> <span class='ocrx_word' id='word_1_58' title='bbox 1528 916 1687 955; x_wconf 91' lang='lat' dir='ltr'><strong>manu</strong></span> <span class='ocrx_word' id='word_1_59' title='bbox 1721 899 2040 970; x_wconf 73' lang='lat' dir='ltr'><strong>regreditur,</strong></span> <span class='ocrx_word' id='word_1_60' title='bbox 2067 907 2124 952; x_wconf 93' lang='lat' dir='ltr'><strong>et</strong></span> 
     </span>
    </p>
   </div>
   <div class='ocr_carea' id='block_1_10' title="bbox 532 992 2119 1064">
    <p class='ocr_par' dir='ltr' id='par_1_10' title="bbox 532 992 2119 1064">
     <span class='ocr_line' id='line_1_10' title="bbox 532 992 2119 1064; baseline -0.007 -8"><span class='ocrx_word' id='word_1_61' title='bbox 532 998 779 1056; x_wconf 75' lang='lat' dir='ltr'><strong>insilva‘</strong></span> <span class='ocrx_word' id='word_1_62' title='bbox 809 1011 866 1051; x_wconf 89' lang='lat' dir='ltr'><strong>se</strong></span> <span class='ocrx_word' id='word_1_63' title='bbox 888 995 1173 1060; x_wconf 87' lang='lat' dir='ltr'><strong>occulens,</strong></span> <span class='ocrx_word' id='word_1_64' title='bbox 1221 1003 1282 1048; x_wconf 90' lang='lat' dir='ltr'><strong>ut</strong></span> <span class='ocrx_word' id='word_1_65' title='bbox 1329 993 1546 1064; x_wconf 84' lang='lat' dir='ltr'><strong>quidem</strong></span> <span class='ocrx_word' id='word_1_66' title='bbox 1599 992 1886 1054; x_wconf 90' lang='lat' dir='ltr'><strong>dicebant,</strong></span> <span class='ocrx_word' id='word_1_67' title='bbox 1937 1005 2119 1061; x_wconf 83' lang='lat' dir='ltr'><strong>regem</strong></span> 
     </span>
    </p>
   </div>
   <div class='ocr_carea' id='block_1_11' title="bbox 531 1080 2124 1159">
    <p class='ocr_par' dir='ltr' id='par_1_11' title="bbox 531 1080 2124 1159">
     <span class='ocr_line' id='line_1_11' title="bbox 531 1080 2124 1159; baseline -0.004 -18"><span class='ocrx_word' id='word_1_68' title='bbox 531 1089 626 1159; x_wconf 90' lang='lat' dir='ltr'><strong>qni</strong></span> <span class='ocrx_word' id='word_1_69' title='bbox 658 1096 866 1158; x_wconf 85' lang='lat' dir='ltr'><strong>patrem</strong></span> <span class='ocrx_word' id='word_1_70' title='bbox 896 1102 1051 1142; x_wconf 88' lang='lat' dir='ltr'><strong>suum</strong></span> <span class='ocrx_word' id='word_1_71' title='bbox 1077 1085 1409 1140; x_wconf 85' lang='lat' dir='ltr'><strong>Francorum</strong></span> <span class='ocrx_word' id='word_1_72' title='bbox 1436 1083 1643 1154; x_wconf 87' lang='lat' dir='ltr'><strong>judicio</strong></span> <span class='ocrx_word' id='word_1_73' title='bbox 1668 1082 1839 1137; x_wconf 87' lang='lat' dir='ltr'><strong>occidi</strong></span> <span class='ocrx_word' id='word_1_74' title='bbox 1861 1080 2124 1150; x_wconf 87' lang='lat' dir='ltr'><strong>jusserat,</strong></span> 
     </span>
    </p>
   </div>
   <div class='ocr_carea' id='block_1_12' title="bbox 532 1172 2122 1247">
    <p class='ocr_par' dir='ltr' id='par_1_12' title="bbox 532 1172 2122 1247">
     <span class='ocr_line' id='line_1_12' title="bbox 532 1172 2122 1247; baseline -0.005 -13"><span class='ocrx_word' id='word_1_75' title='bbox 532 1188 588 1234; x_wconf 89' lang='lat' dir='ltr'><strong>et</strong></span> <span class='ocrx_word' id='word_1_76' title='bbox 617 1189 674 1232; x_wconf 90' lang='lat' dir='ltr'><strong>ut</strong></span> <span class='ocrx_word' id='word_1_77' title='bbox 702 1178 918 1247; x_wconf 91' lang='lat' dir='ltr'><strong>quidam</strong></span> <span class='ocrx_word' id='word_1_78' title='bbox 951 1177 1235 1240; x_wconf 83' lang='lat' dir='ltr'><strong>dicebant,</strong></span> <span class='ocrx_word' id='word_1_79' title='bbox 1281 1175 1615 1230; x_wconf 81' lang='lat' dir='ltr'><strong>Rodbertum</strong></span> <span class='ocrx_word' id='word_1_80' title='bbox 1645 1183 1699 1228; x_wconf 91' lang='lat' dir='ltr'><strong>et</strong></span> <span class='ocrx_word' id='word_1_81' title='bbox 1747 1172 2122 1238; x_wconf 80' lang='lat' dir='ltr'><strong>Ramnulfum,</strong></span> 
     </span>
    </p>
   </div>
   <div class='ocr_carea' id='block_1_13' title="bbox 534 1265 2126 1338">
    <p class='ocr_par' dir='ltr' id='par_1_13' title="bbox 534 1265 2126 1338">
     <span class='ocr_line' id='line_1_13' title="bbox 534 1265 2126 1338; baseline -0.004 -15"><span class='ocrx_word' id='word_1_82' title='bbox 534 1270 678 1338; x_wconf 83' lang='lat' dir='ltr'><strong>regis</strong></span> <span class='ocrx_word' id='word_1_83' title='bbox 704 1269 918 1332; x_wconf 91' lang='lat' dir='ltr'><strong>ﬁdeles,</strong></span> <span class='ocrx_word' id='word_1_84' title='bbox 973 1267 1231 1322; x_wconf 76' lang='lat' dir='ltr'><strong>malitiis‘</strong></span> <span class='ocrx_word' id='word_1_85' title='bbox 1259 1267 1508 1322; x_wconf 90' lang='lat' dir='ltr'><strong>occidere</strong></span> <span class='ocrx_word' id='word_1_86' title='bbox 1535 1266 1711 1320; x_wconf 91' lang='lat' dir='ltr'><strong>locum</strong></span> <span class='ocrx_word' id='word_1_87' title='bbox 1735 1273 1789 1318; x_wconf 92' lang='lat' dir='ltr'><strong>et</strong></span> <span class='ocrx_word' id='word_1_88' title='bbox 1821 1265 2008 1319; x_wconf 85' lang='lat' dir='ltr'><strong>horam</strong></span> <span class='ocrx_word' id='word_1_89' title='bbox 2033 1280 2126 1319; x_wconf 78' lang='lat' dir='ltr'><strong>cx-</strong></span> 
     </span>
    </p>
   </div>
   <div class='ocr_carea' id='block_1_14' title="bbox 535 1357 2127 1430">
    <p class='ocr_par' dir='ltr' id='par_1_14' title="bbox 535 1357 2127 1430">
     <span class='ocr_line' id='line_1_14' title="bbox 535 1357 2127 1430; baseline -0.003 -15"><span class='ocrx_word' id='word_1_90' title='bbox 535 1368 764 1430; x_wconf 83' lang='lat' dir='ltr'><strong>spectat.</strong></span> <span class='ocrx_word' id='word_1_91' title='bbox 793 1359 946 1426; x_wconf 84' lang='lat' dir='ltr'><strong>Quod</strong></span> <span class='ocrx_word' id='word_1_92' title='bbox 976 1360 1088 1430; x_wconf 88' lang='lat' dir='ltr'><strong>regi</strong></span> <span class='ocrx_word' id='word_1_93' title='bbox 1119 1359 1378 1423; x_wconf 90' lang='lat' dir='ltr'><strong>innotuit,</strong></span> <span class='ocrx_word' id='word_1_94' title='bbox 1415 1367 1470 1412; x_wconf 89' lang='lat' dir='ltr'><strong>et</strong></span> <span class='ocrx_word' id='word_1_95' title='bbox 1517 1359 1737 1411; x_wconf 90' lang='lat' dir='ltr'><strong>mittens</strong></span> <span class='ocrx_word' id='word_1_96' title='bbox 1762 1357 1853 1425; x_wconf 86' lang='lat' dir='ltr'><strong>qui</strong></span> <span class='ocrx_word' id='word_1_97' title='bbox 1883 1372 2008 1411; x_wconf 89' lang='lat' dir='ltr'><strong>eum</strong></span> <span class='ocrx_word' id='word_1_98' title='bbox 2037 1372 2127 1410; x_wconf 88' lang='lat' dir='ltr'><strong>ca-</strong></span> 
     </span>
    </p>
   </div>
   <div class='ocr_carea' id='block_1_15' title="bbox 535 1445 2127 1520">
    <p class='ocr_par' dir='ltr' id='par_1_15' title="bbox 535 1445 2127 1520">
     <span class='ocr_line' id='line_1_15' title="bbox 535 1445 2127 1520; baseline -0.004 -16"><span class='ocrx_word' id='word_1_99' title='bbox 535 1457 731 1520; x_wconf 81' lang='lat' dir='ltr'><strong>perent</strong></span> <span class='ocrx_word' id='word_1_100' title='bbox 789 1459 844 1504; x_wconf 93' lang='lat' dir='ltr'><strong>et</strong></span> <span class='ocrx_word' id='word_1_101' title='bbox 885 1449 951 1503; x_wconf 90' lang='lat' dir='ltr'><strong>ad</strong></span> <span class='ocrx_word' id='word_1_102' title='bbox 998 1449 1340 1518; x_wconf 66' lang='lat' dir='ltr'><strong>prmsentiam</strong></span> <span class='ocrx_word' id='word_1_103' title='bbox 1395 1447 1537 1502; x_wconf 87' lang='lat' dir='ltr'><strong>illius</strong></span> <span class='ocrx_word' id='word_1_104' title='bbox 1583 1447 1950 1510; x_wconf 87' lang='lat' dir='ltr'><strong>adducerent,</strong></span> <span class='ocrx_word' id='word_1_105' title='bbox 2001 1445 2127 1516; x_wconf 88' lang='lat' dir='ltr'><strong>fuga</strong></span> 
     </span>
    </p>
   </div>
   <div class='ocr_carea' id='block_1_16' title="bbox 536 1537 2128 1610">
    <p class='ocr_par' dir='ltr' id='par_1_16' title="bbox 536 1537 2128 1610">
     <span class='ocr_line' id='line_1_16' title="bbox 536 1537 2128 1610; baseline -0.004 -14"><span class='ocrx_word' id='word_1_106' title='bbox 536 1539 640 1596; x_wconf 83' lang='lat' dir='ltr'><strong>sibi</strong></span> <span class='ocrx_word' id='word_1_107' title='bbox 667 1541 975 1605; x_wconf 83' lang='lat' dir='ltr'><strong>consuluit;</strong></span> <span class='ocrx_word' id='word_1_108' title='bbox 1009 1539 1369 1610; x_wconf 91' lang='lat' dir='ltr'><strong>undejudicio</strong></span> <span class='ocrx_word' id='word_1_109' title='bbox 1389 1553 1609 1593; x_wconf 89' lang='lat' dir='ltr'><strong>suorum</strong></span> <span class='ocrx_word' id='word_1_110' title='bbox 1642 1537 1876 1592; x_wconf 91' lang='lat' dir='ltr'><strong>ﬁdelium</strong></span> <span class='ocrx_word' id='word_1_111' title='bbox 1898 1537 2128 1590; x_wconf 89' lang='lat' dir='ltr'><strong>honores</strong></span> 
     </span>
    </p>
   </div>
   <div class='ocr_carea' id='block_1_17' title="bbox 539 1625 2125 1700">
    <p class='ocr_par' dir='ltr' id='par_1_17' title="bbox 539 1625 2125 1700">
     <span class='ocr_line' id='line_1_17' title="bbox 539 1625 2125 1700; baseline -0.003 -16"><span class='ocrx_word' id='word_1_112' title='bbox 539 1646 677 1700; x_wconf 89' lang='lat' dir='ltr'><strong>quos</strong></span> <span class='ocrx_word' id='word_1_113' title='bbox 704 1631 752 1684; x_wconf 90' lang='lat' dir='ltr'><strong>ei</strong></span> <span class='ocrx_word' id='word_1_114' title='bbox 781 1629 1002 1684; x_wconf 85' lang='lat' dir='ltr'><strong>dederat</strong></span> <span class='ocrx_word' id='word_1_115' title='bbox 1031 1644 1125 1684; x_wconf 81' lang='lat' dir='ltr'><strong>rex</strong></span> <span class='ocrx_word' id='word_1_116' title='bbox 1158 1627 1384 1698; x_wconf 88' lang='lat' dir='ltr'><strong>recepit,</strong></span> <span class='ocrx_word' id='word_1_117' title='bbox 1417 1638 1473 1683; x_wconf 91' lang='lat' dir='ltr'><strong>et</strong></span> <span class='ocrx_word' id='word_1_118' title='bbox 1503 1625 1800 1692; x_wconf 80' lang='lat' dir='ltr'><strong>Rodberto,</strong></span> <span class='ocrx_word' id='word_1_119' title='bbox 1829 1625 1975 1681; x_wconf 89' lang='lat' dir='ltr'><strong>ﬁdeli</strong></span> <span class='ocrx_word' id='word_1_120' title='bbox 2002 1639 2125 1691; x_wconf 90' lang='lat' dir='ltr'><strong>suo,</strong></span> 
     </span>
    </p>
   </div>
   <div class='ocr_carea' id='block_1_18' title="bbox 539 1721 781 1777">
    <p class='ocr_par' dir='ltr' id='par_1_18' title="bbox 539 1721 781 1777">
     <span class='ocr_line' id='line_1_18' title="bbox 539 1721 781 1777; baseline -0.025 1"><span class='ocrx_word' id='word_1_121' title='bbox 539 1721 781 1777; x_wconf 81' lang='lat' dir='ltr'><strong>donavit.</strong></span> 
     </span>
    </p>
   </div>
   <div class='ocr_carea' id='block_1_19' title="bbox 2219 537 3822 612">
    <p class='ocr_par' dir='ltr' id='par_1_19' title="bbox 2219 537 3822 612">
     <span class='ocr_line' id='line_1_19' title="bbox 2219 537 3822 612; baseline 0.002 -20"><span class='ocrx_word' id='word_1_122' title='bbox 2219 539 2498 610; x_wconf 70' lang='lat' dir='ltr'><strong>liliumque</strong></span> <span class='ocrx_word' id='word_1_123' title='bbox 2522 555 2678 594; x_wconf 90' lang='lat' dir='ltr'><strong>suum</strong></span> <span class='ocrx_word' id='word_1_124' title='bbox 2703 537 3074 594; x_wconf 84' lang='lat' dir='ltr'><strong>Hludowieum</strong></span> <span class='ocrx_word' id='word_1_125' title='bbox 3100 539 3166 594; x_wconf 93' lang='lat' dir='ltr'><strong>ad</strong></span> <span class='ocrx_word' id='word_1_126' title='bbox 3187 540 3504 609; x_wconf 66' lang='lat' dir='ltr'><strong>praedictum</strong></span> <span class='ocrx_word' id='word_1_127' title='bbox 3527 541 3822 612; x_wconf 75' lang='lat' dir='ltr'><strong>palatium,</strong></span> 
     </span>
    </p>
   </div>
   <div class='ocr_carea' id='block_1_20' title="bbox 2219 628 3823 702">
    <p class='ocr_par' dir='ltr' id='par_1_20' title="bbox 2219 628 3823 702">
     <span class='ocr_line' id='line_1_20' title="bbox 2219 628 3823 702; baseline 0.005 -20"><span class='ocrx_word' id='word_1_128' title='bbox 2219 628 2312 682; x_wconf 91' lang='lat' dir='ltr'><strong>ubi</strong></span> <span class='ocrx_word' id='word_1_129' title='bbox 2341 642 2476 682; x_wconf 80' lang='lat' dir='ltr'><strong>uxor</strong></span> <span class='ocrx_word' id='word_1_130' title='bbox 2503 628 2621 698; x_wconf 89' lang='lat' dir='ltr'><strong>ejus</strong></span> <span class='ocrx_word' id='word_1_131' title='bbox 2647 636 2784 694; x_wconf 88' lang='lat' dir='ltr'><strong>erat,</strong></span> <span class='ocrx_word' id='word_1_132' title='bbox 2832 629 3132 699; x_wconf 69' lang='lat' dir='ltr'><strong>praemittit,</strong></span> <span class='ocrx_word' id='word_1_133' title='bbox 3167 629 3388 702; x_wconf 86' lang='lat' dir='ltr'><strong>ipseque</strong></span> <span class='ocrx_word' id='word_1_134' title='bbox 3417 631 3473 686; x_wconf 90' lang='lat' dir='ltr'><strong>in</strong></span> <span class='ocrx_word' id='word_1_135' title='bbox 3499 632 3661 687; x_wconf 84' lang='lat' dir='ltr'><strong>brevi</strong></span> <span class='ocrx_word' id='word_1_136' title='bbox 3689 646 3823 690; x_wconf 79' lang='lat' dir='ltr'><strong>eel-</strong></span> 
     </span>
    </p>
   </div>
   <div class='ocr_carea' id='block_1_21' title="bbox 2221 717 2901 788">
    <p class='ocr_par' dir='ltr' id='par_1_21' title="bbox 2221 717 2901 788">
     <span class='ocr_line' id='line_1_21' title="bbox 2221 717 2901 788; baseline 0.003 -16"><span class='ocrx_word' id='word_1_137' title='bbox 2221 717 2499 773; x_wconf 89' lang='lat' dir='ltr'><strong>valescens</strong></span> <span class='ocrx_word' id='word_1_138' title='bbox 2530 718 2901 788; x_wconf 82' lang='lat' dir='ltr'><strong>subsequitur.</strong></span> 
     </span>
    </p>
   </div>
   <div class='ocr_carea' id='block_1_22' title="bbox 2293 809 3828 882">
    <p class='ocr_par' dir='ltr' id='par_1_22' title="bbox 2293 809 3828 882">
     <span class='ocr_line' id='line_1_22' title="bbox 2293 809 3828 882; baseline 0.007 -20"><span class='ocrx_word' id='word_1_139' title='bbox 2293 809 2544 865; x_wconf 87' lang='lat' dir='ltr'><strong>Nicolaus</strong></span> <span class='ocrx_word' id='word_1_140' title='bbox 2571 825 2711 879; x_wconf 86' lang='lat' dir='ltr'><strong>papa</strong></span> <span class='ocrx_word' id='word_1_141' title='bbox 2745 809 2922 866; x_wconf 90' lang='lat' dir='ltr'><strong>denuo</strong></span> <span class='ocrx_word' id='word_1_142' title='bbox 2951 809 3208 880; x_wconf 88' lang='lat' dir='ltr'><strong>epistolas</strong></span> <span class='ocrx_word' id='word_1_143' title='bbox 3232 827 3332 882; x_wconf 90' lang='lat' dir='ltr'><strong>per</strong></span> <span class='ocrx_word' id='word_1_144' title='bbox 3376 828 3576 869; x_wconf 86' lang='lat' dir='ltr'><strong>omnes</strong></span> <span class='ocrx_word' id='word_1_145' title='bbox 3607 814 3828 872; x_wconf 66' lang='lat' dir='ltr'><strong>archae-</strong></span> 
     </span>
    </p>
   </div>
   <div class='ocr_carea' id='block_1_23' title="bbox 2221 901 3825 973">
    <p class='ocr_par' dir='ltr' id='par_1_23' title="bbox 2221 901 3825 973">
     <span class='ocr_line' id='line_1_23' title="bbox 2221 901 3825 973; baseline 0.004 -19"><span class='ocrx_word' id='word_1_146' title='bbox 2221 901 2470 972; x_wconf 88' lang='lat' dir='ltr'><strong>piscopos</strong></span> <span class='ocrx_word' id='word_1_147' title='bbox 2518 913 2574 957; x_wconf 89' lang='lat' dir='ltr'><strong>et</strong></span> <span class='ocrx_word' id='word_1_148' title='bbox 2605 903 2889 973; x_wconf 83' lang='lat' dir='ltr'><strong>episcopos</strong></span> <span class='ocrx_word' id='word_1_149' title='bbox 2929 901 3260 968; x_wconf 87' lang='lat' dir='ltr'><strong>Galliarum,</strong></span> <span class='ocrx_word' id='word_1_150' title='bbox 3301 902 3734 959; x_wconf 85' lang='lat' dir='ltr'><strong>Germaniarum</strong></span> <span class='ocrx_word' id='word_1_151' title='bbox 3774 916 3825 962; x_wconf 86' lang='lat' dir='ltr'><strong>et</strong></span> 
     </span>
    </p>
   </div>
   <div class='ocr_carea' id='block_1_24' title="bbox 2223 991 3828 1066">
    <p class='ocr_par' dir='ltr' id='par_1_24' title="bbox 2223 991 3828 1066">
     <span class='ocr_line' id='line_1_24' title="bbox 2223 991 3828 1066; baseline 0.003 -21"><span class='ocrx_word' id='word_1_152' title='bbox 2223 991 2451 1062; x_wconf 79' lang='lat' dir='ltr'><strong>Belgicae</strong></span> <span class='ocrx_word' id='word_1_153' title='bbox 2478 992 2770 1061; x_wconf 76' lang='lat' dir='ltr'><strong>provincize</strong></span> <span class='ocrx_word' id='word_1_154' title='bbox 2817 992 2982 1046; x_wconf 87' lang='lat' dir='ltr'><strong>mittit</strong></span> <span class='ocrx_word' id='word_1_155' title='bbox 3025 1009 3124 1062; x_wconf 89' lang='lat' dir='ltr'><strong>pro</strong></span> <span class='ocrx_word' id='word_1_156' title='bbox 3152 993 3576 1050; x_wconf 76' lang='lat' dir='ltr'><strong>confirmatione</strong></span> <span class='ocrx_word' id='word_1_157' title='bbox 3617 996 3828 1066; x_wconf 65' lang='grc' dir='ltr'><strong>ἀερθείς</strong></span> 
     </span>
    </p>
   </div>
   <div class='ocr_carea' id='block_1_25' title="bbox 2225 1078 3830 1150">
    <p class='ocr_par' dir='ltr' id='par_1_25' title="bbox 2225 1078 3830 1150">
     <span class='ocr_line' id='line_1_25' title="bbox 2225 1078 3830 1150; baseline 0.004 -16"><span class='ocrx_word' id='word_1_158' title='bbox 2225 1080 2388 1134; x_wconf 87' lang='lat' dir='ltr'><strong>tionis</strong></span> <span class='ocrx_word' id='word_1_159' title='bbox 2435 1078 2769 1150; x_wconf 86' lang='lat' dir='ltr'><strong>Thcutgaudi</strong></span> <span class='ocrx_word' id='word_1_160' title='bbox 2817 1079 3212 1146; x_wconf 78' lang='lat' dir='ltr'><strong>Treverorum,</strong></span> <span class='ocrx_word' id='word_1_161' title='bbox 3243 1091 3295 1136; x_wconf 90' lang='lat' dir='ltr'><strong>et</strong></span> <span class='ocrx_word' id='word_1_162' title='bbox 3343 1081 3830 1140; x_wconf 77' lang='lat' dir='ltr'><strong>GunthariiColo—</strong></span> 
     </span>
    </p>
   </div>
   <div class='ocr_carea' id='block_1_26' title="bbox 2225 1171 3824 1244">
    <p class='ocr_par' dir='ltr' id='par_1_26' title="bbox 2225 1171 3824 1244">
     <span class='ocr_line' id='line_1_26' title="bbox 2225 1171 3824 1244; baseline 0.002 -18"><span class='ocrx_word' id='word_1_163' title='bbox 2225 1171 2430 1226; x_wconf 79' lang='lat' dir='ltr'><strong>niensis</strong></span> <span class='ocrx_word' id='word_1_164' title='bbox 2461 1172 3010 1242; x_wconf 89' lang='lat' dir='ltr'><strong>archiepiscoporum.</strong></span> <span class='ocrx_word' id='word_1_165' title='bbox 3043 1173 3148 1227; x_wconf 90' lang='lat' dir='ltr'><strong>Sed</strong></span> <span class='ocrx_word' id='word_1_166' title='bbox 3173 1183 3228 1226; x_wconf 90' lang='lat' dir='ltr'><strong>et</strong></span> <span class='ocrx_word' id='word_1_167' title='bbox 3252 1173 3375 1227; x_wconf 89' lang='lat' dir='ltr'><strong>aliis</strong></span> <span class='ocrx_word' id='word_1_168' title='bbox 3399 1174 3707 1244; x_wconf 83' lang='lat' dir='ltr'><strong>episcopis,</strong></span> <span class='ocrx_word' id='word_1_169' title='bbox 3736 1177 3824 1244; x_wconf 77' lang='lat' dir='ltr'><strong>qui</strong></span> 
     </span>
    </p>
   </div>
   <div class='ocr_carea' id='block_1_27' title="bbox 2226 1264 3828 1338">
    <p class='ocr_par' dir='ltr' id='par_1_27' title="bbox 2226 1264 3828 1338">
     <span class='ocr_line' id='line_1_27' title="bbox 2226 1264 3828 1338; baseline 0.001 -19"><span class='ocrx_word' id='word_1_170' title='bbox 2226 1280 2294 1319; x_wconf 77' lang='lat' dir='ltr'><strong>ex</strong></span> <span class='ocrx_word' id='word_1_171' title='bbox 2343 1280 2510 1334; x_wconf 77' lang='lat' dir='ltr'><strong>regno</strong></span> <span class='ocrx_word' id='word_1_172' title='bbox 2551 1264 2792 1318; x_wconf 85' lang='lat' dir='ltr'><strong>Lotharii</strong></span> <span class='ocrx_word' id='word_1_173' title='bbox 2845 1266 2898 1318; x_wconf 89' lang='lat' dir='ltr'><strong>in</strong></span> <span class='ocrx_word' id='word_1_174' title='bbox 2947 1266 3219 1319; x_wconf 68' lang='lat' dir='ltr'><strong>divortio‘</strong></span> <span class='ocrx_word' id='word_1_175' title='bbox 3249 1267 3621 1338; x_wconf 69' lang='lat' dir='ltr'><strong>Theutbergrc</strong></span> <span class='ocrx_word' id='word_1_176' title='bbox 3660 1277 3714 1320; x_wconf 89' lang='lat' dir='ltr'><strong>et</strong></span> <span class='ocrx_word' id='word_1_177' title='bbox 3745 1285 3828 1320; x_wconf 78' lang='lat' dir='ltr'><strong>su-</strong></span> 
     </span>
    </p>
   </div>
   <div class='ocr_carea' id='block_1_28' title="bbox 2225 1355 3830 1424">
    <p class='ocr_par' dir='ltr' id='par_1_28' title="bbox 2225 1355 3830 1424">
     <span class='ocr_line' id='line_1_28' title="bbox 2225 1355 3830 1424; baseline 0 -17"><span class='ocrx_word' id='word_1_178' title='bbox 2225 1355 2637 1424; x_wconf 88' lang='lat' dir='ltr'><strong>perinductione</strong></span> <span class='ocrx_word' id='word_1_179' title='bbox 2659 1355 2975 1411; x_wconf 66' lang='lat' dir='ltr'><strong>concubina:</strong></span> <span class='ocrx_word' id='word_1_180' title='bbox 2998 1355 3303 1409; x_wconf 71' lang='lat' dir='ltr'><strong>Waldradaa</strong></span> <span class='ocrx_word' id='word_1_181' title='bbox 3330 1366 3761 1419; x_wconf 84' lang='lat' dir='ltr'><strong>consenserunt,</strong></span> <span class='ocrx_word' id='word_1_182' title='bbox 3782 1366 3830 1407; x_wconf 82' lang='lat' dir='ltr'><strong>et</strong></span> 
     </span>
    </p>
   </div>
   <div class='ocr_carea' id='block_1_29' title="bbox 2228 1443 3827 1513">
    <p class='ocr_par' dir='ltr' id='par_1_29' title="bbox 2228 1443 3827 1513">
     <span class='ocr_line' id='line_1_29' title="bbox 2228 1443 3827 1513; baseline -0.001 -17"><span class='ocrx_word' id='word_1_183' title='bbox 2228 1445 2295 1496; x_wconf 90' lang='lat' dir='ltr'><strong>ad</strong></span> <span class='ocrx_word' id='word_1_184' title='bbox 2325 1460 2448 1497; x_wconf 89' lang='lat' dir='ltr'><strong>eum</strong></span> <span class='ocrx_word' id='word_1_185' title='bbox 2474 1459 2596 1496; x_wconf 81' lang='lat' dir='ltr'><strong>eum</strong></span> <span class='ocrx_word' id='word_1_186' title='bbox 2624 1443 2961 1513; x_wconf 84' lang='lat' dir='ltr'><strong>professione</strong></span> <span class='ocrx_word' id='word_1_187' title='bbox 2988 1460 3083 1498; x_wconf 88' lang='lat' dir='ltr'><strong>sua</strong></span> <span class='ocrx_word' id='word_1_188' title='bbox 3107 1444 3370 1498; x_wconf 89' lang='lat' dir='ltr'><strong>miserunt</strong></span> <span class='ocrx_word' id='word_1_189' title='bbox 3389 1445 3661 1513; x_wconf 87' lang='lat' dir='ltr'><strong>epistolas</strong></span> <span class='ocrx_word' id='word_1_190' title='bbox 3686 1459 3827 1507; x_wconf 81' lang='lat' dir='ltr'><strong>suas,</strong></span> 
     </span>
    </p>
   </div>
   <div class='ocr_carea' id='block_1_30' title="bbox 2230 1534 3828 1608">
    <p class='ocr_par' dir='ltr' id='par_1_30' title="bbox 2230 1534 3828 1608">
     <span class='ocr_line' id='line_1_30' title="bbox 2230 1534 3828 1608; baseline 0.003 -18"><span class='ocrx_word' id='word_1_191' title='bbox 2230 1534 2614 1604; x_wconf 84' lang='lat' dir='ltr'><strong>indulgentiam</strong></span> <span class='ocrx_word' id='word_1_192' title='bbox 2668 1536 2974 1607; x_wconf 81' lang='lat' dir='ltr'><strong>largiendo,</strong></span> <span class='ocrx_word' id='word_1_193' title='bbox 3025 1538 3168 1592; x_wconf 87' lang='lat' dir='ltr'><strong>sicut</strong></span> <span class='ocrx_word' id='word_1_194' title='bbox 3217 1538 3269 1592; x_wconf 91' lang='lat' dir='ltr'><strong>in</strong></span> <span class='ocrx_word' id='word_1_195' title='bbox 3317 1539 3529 1608; x_wconf 89' lang='lat' dir='ltr'><strong>scripto</strong></span> <span class='ocrx_word' id='word_1_196' title='bbox 3581 1539 3828 1608; x_wconf 78' lang='lat' dir='ltr'><strong>superius</strong></span> 
     </span>
    </p>
   </div>
   <div class='ocr_carea' id='block_1_31' title="bbox 2228 1626 3829 1699">
    <p class='ocr_par' dir='ltr' id='par_1_31' title="bbox 2228 1626 3829 1699">
     <span class='ocr_line' id='line_1_31' title="bbox 2228 1626 3829 1699; baseline 0.004 -19"><span class='ocrx_word' id='word_1_197' title='bbox 2228 1626 2539 1680; x_wconf 90' lang='lat' dir='ltr'><strong>continente</strong></span> <span class='ocrx_word' id='word_1_198' title='bbox 2581 1628 2923 1694; x_wconf 88' lang='lat' dir='ltr'><strong>promiserat,</strong></span> <span class='ocrx_word' id='word_1_199' title='bbox 2965 1628 3129 1683; x_wconf 89' lang='lat' dir='ltr'><strong>dedit.</strong></span> <span class='ocrx_word' id='word_1_200' title='bbox 3173 1627 3456 1699; x_wconf 82' lang='lat' dir='ltr'><strong>Synodum</strong></span> <span class='ocrx_word' id='word_1_201' title='bbox 3487 1629 3829 1686; x_wconf 74' lang='lat' dir='ltr'><strong>Remean-</strong></span> 
     </span>
    </p>
   </div>
   <div class='ocr_carea' id='block_1_32' title="bbox 2230 1717 3829 1784">
    <p class='ocr_par' dir='ltr' id='par_1_32' title="bbox 2230 1717 3829 1784">
     <span class='ocr_line' id='line_1_32' title="bbox 2230 1717 3829 1784; baseline 0.006 -16"><span class='ocrx_word' id='word_1_202' title='bbox 2230 1726 2388 1770; x_wconf 86' lang='lat' dir='ltr'><strong>vocat</strong></span> <span class='ocrx_word' id='word_1_203' title='bbox 2416 1717 2562 1770; x_wconf 88' lang='lat' dir='ltr'><strong>circa</strong></span> <span class='ocrx_word' id='word_1_204' title='bbox 2605 1717 2876 1772; x_wconf 80' lang='lat' dir='ltr'><strong>Kalendas</strong></span> <span class='ocrx_word' id='word_1_205' title='bbox 2909 1717 3256 1784; x_wconf 81' lang='lat' dir='ltr'><strong>Novembris,</strong></span> <span class='ocrx_word' id='word_1_206' title='bbox 3303 1721 3561 1776; x_wconf 86' lang='lat' dir='ltr'><strong>iudicans</strong></span> <span class='ocrx_word' id='word_1_207' title='bbox 3599 1737 3661 1776; x_wconf 86' lang='lat' dir='ltr'><strong>se</strong></span> <span class='ocrx_word' id='word_1_208' title='bbox 3691 1722 3746 1776; x_wconf 85' lang='lat' dir='ltr'><strong>in</strong></span> <span class='ocrx_word' id='word_1_209' title='bbox 3766 1736 3829 1777; x_wconf 77' lang='lat' dir='ltr'><strong>ea</strong></span> 
     </span>
    </p>
   </div>
   <div class='ocr_carea' id='block_1_33' title="bbox 609 1802 3831 1882">
    <p class='ocr_par' dir='ltr' id='par_1_33' title="bbox 609 1802 3831 1882">
     <span class='ocr_line' id='line_1_33' title="bbox 609 1802 3831 1882; baseline 0.001 -18"><span class='ocrx_word' id='word_1_210' title='bbox 609 1811 900 1882; x_wconf 58' lang='lat' dir='ltr'><strong>ngridusn</strong></span> <span class='ocrx_word' id='word_1_211' title='bbox 931 1811 1023 1881; x_wconf 88' lang='lat' dir='ltr'><strong>qui</strong></span> <span class='ocrx_word' id='word_1_212' title='bbox 1056 1809 1344 1866; x_wconf 88' lang='lat' dir='ltr'><strong>transactis</strong></span> <span class='ocrx_word' id='word_1_213' title='bbox 1372 1808 1705 1877; x_wconf 85' lang='lat' dir='ltr'><strong>temporibus</strong></span> <span class='ocrx_word' id='word_1_214' title='bbox 1731 1821 1854 1861; x_wconf 92' lang='lat' dir='ltr'><strong>cum</strong></span> <span class='ocrx_word' id='word_1_215' title='bbox 1884 1802 2119 1874; x_wconf 89' lang='lat' dir='ltr'><strong>Stepha-</strong></span> <span class='ocrx_word' id='word_1_216' title='bbox 2152 1807 2200 1867; x_wconf 84' lang='grc' dir='ltr'><strong>Β</strong></span> <span class='ocrx_word' id='word_1_217' title='bbox 2233 1805 2548 1860; x_wconf 90' lang='lat' dir='ltr'><strong>eorumdem</strong></span> <span class='ocrx_word' id='word_1_218' title='bbox 2579 1805 2706 1860; x_wconf 93' lang='lat' dir='ltr'><strong>olim</strong></span> <span class='ocrx_word' id='word_1_219' title='bbox 2739 1807 3269 1877; x_wconf 87' lang='lat' dir='ltr'><strong>archiepiscoporum</strong></span> <span class='ocrx_word' id='word_1_220' title='bbox 3305 1810 3710 1878; x_wconf 85' lang='lat' dir='ltr'><strong>depositionem</strong></span> <span class='ocrx_word' id='word_1_221' title='bbox 3737 1811 3831 1867; x_wconf 82' lang='lat' dir='ltr'><strong>de-</strong></span> 
     </span>
    </p>
   </div>
   <div class='ocr_carea' id='block_1_34' title="bbox 539 1895 2130 1969">
    <p class='ocr_par' dir='ltr' id='par_1_34' title="bbox 539 1895 2130 1969">
     <span class='ocr_line' id='line_1_34' title="bbox 539 1895 2130 1969; baseline -0.008 -12"><span class='ocrx_word' id='word_1_222' title='bbox 539 1917 612 1958; x_wconf 78' lang='lat' dir='ltr'><strong>no</strong></span> <span class='ocrx_word' id='word_1_223' title='bbox 640 1901 809 1956; x_wconf 87' lang='lat' dir='ltr'><strong>ﬁlium</strong></span> <span class='ocrx_word' id='word_1_224' title='bbox 838 1910 894 1955; x_wconf 89' lang='lat' dir='ltr'><strong>et</strong></span> <span class='ocrx_word' id='word_1_225' title='bbox 923 1901 1260 1969; x_wconf 68' lang='lat' dir='ltr'><strong>aaquivocum</strong></span> <span class='ocrx_word' id='word_1_226' title='bbox 1289 1898 1432 1968; x_wconf 88' lang='lat' dir='ltr'><strong>regis</strong></span> <span class='ocrx_word' id='word_1_227' title='bbox 1473 1898 1542 1952; x_wconf 87' lang='lat' dir='ltr'><strong>ab</strong></span> <span class='ocrx_word' id='word_1_228' title='bbox 1575 1895 1880 1951; x_wconf 90' lang='lat' dir='ltr'><strong>obedientia</strong></span> <span class='ocrx_word' id='word_1_229' title='bbox 1905 1900 2130 1962; x_wconf 88' lang='lat' dir='ltr'><strong>paterna</strong></span> 
     </span>
    </p>
   </div>
   <div class='ocr_carea' id='block_1_35' title="bbox 540 1983 2132 2056">
    <p class='ocr_par' dir='ltr' id='par_1_35' title="bbox 540 1983 2132 2056">
     <span class='ocr_line' id='line_1_35' title="bbox 540 1983 2132 2056; baseline -0.006 -10"><span class='ocrx_word' id='word_1_230' title='bbox 540 1991 926 2052; x_wconf 84' lang='lat' dir='ltr'><strong>subtraxerat,</strong></span> <span class='ocrx_word' id='word_1_231' title='bbox 978 2006 1009 2044; x_wconf 93' lang='lat' dir='ltr'><strong>a</strong></span> <span class='ocrx_word' id='word_1_232' title='bbox 1043 1989 1316 2043; x_wconf 77' lang='lat' dir='ltr'><strong>llodberto</strong></span> <span class='ocrx_word' id='word_1_233' title='bbox 1346 1987 1577 2056; x_wconf 90' lang='lat' dir='ltr'><strong>capitur,</strong></span> <span class='ocrx_word' id='word_1_234' title='bbox 1628 1995 1684 2040; x_wconf 94' lang='lat' dir='ltr'><strong>et</strong></span> <span class='ocrx_word' id='word_1_235' title='bbox 1717 1984 1827 2054; x_wconf 89' lang='lat' dir='ltr'><strong>regi</strong></span> <span class='ocrx_word' id='word_1_236' title='bbox 1855 1984 1910 2038; x_wconf 92' lang='lat' dir='ltr'><strong>in</strong></span> <span class='ocrx_word' id='word_1_237' title='bbox 1939 1983 2132 2039; x_wconf 89' lang='lat' dir='ltr'><strong>eodem</strong></span> 
     </span>
    </p>
   </div>
   <div class='ocr_carea' id='block_1_36' title="bbox 539 2071 2131 2147">
    <p class='ocr_par' dir='ltr' id='par_1_36' title="bbox 539 2071 2131 2147">
     <span class='ocr_line' id='line_1_36' title="bbox 539 2071 2131 2147; baseline -0.003 -17"><span class='ocrx_word' id='word_1_238' title='bbox 539 2078 740 2147; x_wconf 90' lang='lat' dir='ltr'><strong>placito</strong></span> <span class='ocrx_word' id='word_1_239' title='bbox 788 2085 1185 2146; x_wconf 77' lang='lat' dir='ltr'><strong>przesentatnr;</strong></span> <span class='ocrx_word' id='word_1_240' title='bbox 1241 2076 1328 2130; x_wconf 89' lang='lat' dir='ltr'><strong>cui</strong></span> <span class='ocrx_word' id='word_1_241' title='bbox 1377 2091 1474 2130; x_wconf 77' lang='lat' dir='ltr'><strong>rex</strong></span> <span class='ocrx_word' id='word_1_242' title='bbox 1518 2074 1897 2145; x_wconf 83' lang='lat' dir='ltr'><strong>deprecatione</strong></span> <span class='ocrx_word' id='word_1_243' title='bbox 1941 2071 2131 2143; x_wconf 88' lang='lat' dir='ltr'><strong>ipsius.</strong></span> 
     </span>
    </p>
   </div>
   <div class='ocr_carea' id='block_1_37' title="bbox 541 2161 2132 2234">
    <p class='ocr_par' dir='ltr' id='par_1_37' title="bbox 541 2161 2132 2234">
     <span class='ocr_line' id='line_1_37' title="bbox 541 2161 2132 2234; baseline -0.004 -12"><span class='ocrx_word' id='word_1_244' title='bbox 541 2166 801 2222; x_wconf 77' lang='lat' dir='ltr'><strong>Rodberti</strong></span> <span class='ocrx_word' id='word_1_245' title='bbox 832 2175 1263 2234; x_wconf 66' lang='lat' dir='ltr'><strong>centerorumque</strong></span> <span class='ocrx_word' id='word_1_246' title='bbox 1313 2179 1534 2219; x_wconf 90' lang='lat' dir='ltr'><strong>suorum</strong></span> <span class='ocrx_word' id='word_1_247' title='bbox 1603 2164 1838 2216; x_wconf 91' lang='lat' dir='ltr'><strong>ﬁdelium</strong></span> <span class='ocrx_word' id='word_1_248' title='bbox 1887 2161 2031 2231; x_wconf 90' lang='lat' dir='ltr'><strong>quod</strong></span> <span class='ocrx_word' id='word_1_249' title='bbox 2077 2161 2132 2216; x_wconf 89' lang='lat' dir='ltr'><strong>in</strong></span> 
     </span>
    </p>
   </div>
   <div class='ocr_carea' id='block_1_38' title="bbox 540 2251 2134 2323">
    <p class='ocr_par' dir='ltr' id='par_1_38' title="bbox 540 2251 2134 2323">
     <span class='ocr_line' id='line_1_38' title="bbox 540 2251 2134 2323; baseline -0.003 -14"><span class='ocrx_word' id='word_1_250' title='bbox 540 2269 666 2321; x_wconf 80' lang='lat' dir='ltr'><strong>eum</strong></span> <span class='ocrx_word' id='word_1_251' title='bbox 690 2255 1041 2311; x_wconf 83' lang='lat' dir='ltr'><strong>commiserat</strong></span> <span class='ocrx_word' id='word_1_252' title='bbox 1069 2253 1426 2323; x_wconf 75' lang='lat' dir='ltr'><strong>perdonavitb</strong></span> <span class='ocrx_word' id='word_1_253' title='bbox 1445 2293 1461 2317; x_wconf 96' lang='lat'><strong>,</strong></span> <span class='ocrx_word' id='word_1_254' title='bbox 1495 2261 1550 2307; x_wconf 93' lang='lat' dir='ltr'><strong>et</strong></span> <span class='ocrx_word' id='word_1_255' title='bbox 1586 2261 1929 2307; x_wconf 88' lang='lat' dir='ltr'><strong>sacramento</strong></span> <span class='ocrx_word' id='word_1_256' title='bbox 1954 2251 2134 2306; x_wconf 88' lang='lat' dir='ltr'><strong>ﬁrma-</strong></span> 
     </span>
    </p>
   </div>
   <div class='ocr_carea' id='block_1_39' title="bbox 543 2339 2135 2414">
    <p class='ocr_par' dir='ltr' id='par_1_39' title="bbox 543 2339 2135 2414">
     <span class='ocr_line' id='line_1_39' title="bbox 543 2339 2135 2414; baseline -0.004 -14"><span class='ocrx_word' id='word_1_257' title='bbox 543 2357 660 2400; x_wconf 89' lang='lat' dir='ltr'><strong>tum</strong></span> <span class='ocrx_word' id='word_1_258' title='bbox 690 2361 754 2400; x_wconf 89' lang='lat' dir='ltr'><strong>ac</strong></span> <span class='ocrx_word' id='word_1_259' title='bbox 789 2361 886 2400; x_wconf 89' lang='lat' dir='ltr'><strong>sua</strong></span> <span class='ocrx_word' id='word_1_260' title='bbox 915 2345 1090 2414; x_wconf 88' lang='lat' dir='ltr'><strong>gratia</strong></span> <span class='ocrx_word' id='word_1_261' title='bbox 1122 2354 1464 2398; x_wconf 88' lang='lat' dir='ltr'><strong>muneratum</strong></span> <span class='ocrx_word' id='word_1_262' title='bbox 1506 2343 1731 2396; x_wconf 66' lang='lat' dir='ltr'><strong>illaasum</strong></span> <span class='ocrx_word' id='word_1_263' title='bbox 1761 2341 1912 2395; x_wconf 87' lang='lat' dir='ltr'><strong>abire</strong></span> <span class='ocrx_word' id='word_1_264' title='bbox 1936 2339 2135 2409; x_wconf 90' lang='lat' dir='ltr'><strong>permi-</strong></span> 
     </span>
    </p>
   </div>
   <div class='ocr_carea' id='block_1_40' title="bbox 541 2433 2130 2502">
    <p class='ocr_par' dir='ltr' id='par_1_40' title="bbox 541 2433 2130 2502">
     <span class='ocr_line' id='line_1_40' title="bbox 541 2433 2130 2502; baseline -0.004 -11"><span class='ocrx_word' id='word_1_265' title='bbox 541 2437 632 2492; x_wconf 84' lang='lat' dir='ltr'><strong>sit.</strong></span> <span class='ocrx_word' id='word_1_266' title='bbox 684 2436 911 2490; x_wconf 88' lang='lat' dir='ltr'><strong>Carolus</strong></span> <span class='ocrx_word' id='word_1_267' title='bbox 961 2451 992 2488; x_wconf 89' lang='lat' dir='ltr'><strong>a</strong></span> <span class='ocrx_word' id='word_1_268' title='bbox 1046 2435 1165 2489; x_wconf 89' lang='lat' dir='ltr'><strong>loco</strong></span> <span class='ocrx_word' id='word_1_269' title='bbox 1215 2435 1305 2502; x_wconf 91' lang='lat' dir='ltr'><strong>qui</strong></span> <span class='ocrx_word' id='word_1_270' title='bbox 1367 2433 1530 2487; x_wconf 83' lang='lat' dir='ltr'><strong>Pistis</strong></span> <span class='ocrx_word' id='word_1_271' title='bbox 1573 2433 1774 2487; x_wconf 89' lang='lat' dir='ltr'><strong>dicitur</strong></span> <span class='ocrx_word' id='word_1_272' title='bbox 1819 2441 2130 2496; x_wconf 86' lang='lat' dir='ltr'><strong>revertens,</strong></span> 
     </span>
    </p>
   </div>
   <div class='ocr_carea' id='block_1_41' title="bbox 541 2520 2128 2594">
    <p class='ocr_par' dir='ltr' id='par_1_41' title="bbox 541 2520 2128 2594">
     <span class='ocr_line' id='line_1_41' title="bbox 541 2520 2128 2594; baseline -0.004 -14"><span class='ocrx_word' id='word_1_273' title='bbox 541 2527 711 2580; x_wconf 85' lang='lat' dir='ltr'><strong>intrat</strong></span> <span class='ocrx_word' id='word_1_274' title='bbox 748 2523 1138 2594; x_wconf 85' lang='lat' dir='ltr'><strong>Compendiutn</strong></span> <span class='ocrx_word' id='word_1_275' title='bbox 1183 2524 1326 2578; x_wconf 88' lang='lat' dir='ltr'><strong>circa</strong></span> <span class='ocrx_word' id='word_1_276' title='bbox 1373 2522 1642 2576; x_wconf 84' lang='lat' dir='ltr'><strong>Kalendas</strong></span> <span class='ocrx_word' id='word_1_277' title='bbox 1682 2521 1839 2586; x_wconf 80' lang='lat' dir='ltr'><strong>Julii,</strong></span> <span class='ocrx_word' id='word_1_278' title='bbox 1905 2520 2128 2574; x_wconf 88' lang='lat' dir='ltr'><strong>missum</strong></span> 
     </span>
    </p>
   </div>
   <div class='ocr_carea' id='block_1_42' title="bbox 542 2610 2134 2685">
    <p class='ocr_par' dir='ltr' id='par_1_42' title="bbox 542 2610 2134 2685">
     <span class='ocr_line' id='line_1_42' title="bbox 542 2610 2134 2685; baseline -0.006 -15"><span class='ocrx_word' id='word_1_279' title='bbox 542 2615 884 2677; x_wconf 79' lang='lat' dir='ltr'><strong>Mahometh,</strong></span> <span class='ocrx_word' id='word_1_280' title='bbox 932 2614 1073 2685; x_wconf 83' lang='lat' dir='ltr'><strong>regis</strong></span> <span class='ocrx_word' id='word_1_281' title='bbox 1125 2612 1586 2675; x_wconf 85' lang='lat' dir='ltr'><strong>Sarracenorum,</strong></span> <span class='ocrx_word' id='word_1_282' title='bbox 1635 2611 1726 2680; x_wconf 89' lang='lat' dir='ltr'><strong>qui</strong></span> <span class='ocrx_word' id='word_1_283' title='bbox 1753 2619 1880 2664; x_wconf 87' lang='lat' dir='ltr'><strong>ante</strong></span> <span class='ocrx_word' id='word_1_284' title='bbox 1907 2610 2134 2680; x_wconf 88' lang='lat' dir='ltr'><strong>byemcn</strong></span> 
     </span>
    </p>
   </div>
   <div class='ocr_carea' id='block_1_43' title="bbox 543 2701 2134 2772">
    <p class='ocr_par' dir='ltr' id='par_1_43' title="bbox 543 2701 2134 2772">
     <span class='ocr_line' id='line_1_43' title="bbox 543 2701 2134 2772; baseline -0.006 -9"><span class='ocrx_word' id='word_1_285' title='bbox 543 2709 612 2763; x_wconf 87' lang='lat' dir='ltr'><strong>aJ</strong></span> <span class='ocrx_word' id='word_1_286' title='bbox 641 2723 698 2762; x_wconf 91' lang='lat' dir='ltr'><strong>se</strong></span> <span class='ocrx_word' id='word_1_287' title='bbox 720 2715 962 2770; x_wconf 83' lang='lat' dir='ltr'><strong>venerat,</strong></span> <span class='ocrx_word' id='word_1_288' title='bbox 996 2712 1337 2759; x_wconf 85' lang='lat' dir='ltr'><strong>unlneratum</strong></span> <span class='ocrx_word' id='word_1_289' title='bbox 1367 2719 1490 2758; x_wconf 86' lang='lat' dir='ltr'><strong>cum</strong></span> <span class='ocrx_word' id='word_1_290' title='bbox 1523 2703 1770 2772; x_wconf 87' lang='lat' dir='ltr'><strong>plurimis</strong></span> <span class='ocrx_word' id='word_1_291' title='bbox 1801 2713 1855 2757; x_wconf 91' lang='lat' dir='ltr'><strong>et</strong></span> <span class='ocrx_word' id='word_1_292' title='bbox 1882 2701 2134 2754; x_wconf 81' lang='lat' dir='ltr'><strong>maximis</strong></span> 
     </span>
    </p>
   </div>
   <div class='ocr_carea' id='block_1_44' title="bbox 544 2791 2138 2872">
    <p class='ocr_par' dir='ltr' id='par_1_44' title="bbox 544 2791 2138 2872">
     <span class='ocr_line' id='line_1_44' title="bbox 544 2791 2138 2872; baseline -0.006 -19"><span class='ocrx_word' id='word_1_293' title='bbox 544 2799 698 2853; x_wconf 84' lang='lat' dir='ltr'><strong>donis</strong></span> <span class='ocrx_word' id='word_1_294' title='bbox 729 2811 826 2866; x_wconf 87' lang='lat' dir='ltr'><strong>per</strong></span> <span class='ocrx_word' id='word_1_295' title='bbox 855 2812 982 2851; x_wconf 88' lang='lat' dir='ltr'><strong>suos</strong></span> <span class='ocrx_word' id='word_1_296' title='bbox 1025 2797 1220 2850; x_wconf 88' lang='lat' dir='ltr'><strong>missos</strong></span> <span class='ocrx_word' id='word_1_297' title='bbox 1251 2796 1318 2850; x_wconf 91' lang='lat' dir='ltr'><strong>ad</strong></span> <span class='ocrx_word' id='word_1_298' title='bbox 1358 2796 1609 2848; x_wconf 89' lang='lat' dir='ltr'><strong>eumdem</strong></span> <span class='ocrx_word' id='word_1_299' title='bbox 1662 2808 1840 2862; x_wconf 82' lang='lat' dir='ltr'><strong>regem</strong></span> <span class='ocrx_word' id='word_1_300' title='bbox 1874 2791 2138 2872; x_wconf 77' lang='lat' dir='ltr'><strong>satisho-</strong></span> 
     </span>
    </p>
   </div>
   <div class='ocr_carea' id='block_1_45' title="bbox 541 2882 2136 2949">
    <p class='ocr_par' dir='ltr' id='par_1_45' title="bbox 541 2882 2136 2949">
     <span class='ocr_line' id='line_1_45' title="bbox 541 2882 2136 2949; baseline -0.004 -7"><span class='ocrx_word' id='word_1_301' title='bbox 541 2887 770 2944; x_wconf 86' lang='lat' dir='ltr'><strong>noriﬁce</strong></span> <span class='ocrx_word' id='word_1_302' title='bbox 812 2887 1054 2943; x_wconf 89' lang='lat' dir='ltr'><strong>remittit.</strong></span> <span class='ocrx_word' id='word_1_303' title='bbox 1126 2887 1588 2949; x_wconf 89' lang='lat' dir='ltr'><strong>Carolomannus,</strong></span> <span class='ocrx_word' id='word_1_304' title='bbox 1641 2884 1782 2938; x_wconf 88' lang='lat' dir='ltr'><strong>ﬁlius</strong></span> <span class='ocrx_word' id='word_1_305' title='bbox 1830 2882 2136 2937; x_wconf 83' lang='lat' dir='ltr'><strong>llludowici</strong></span> 
     </span>
    </p>
   </div>
   <div class='ocr_carea' id='block_1_46' title="bbox 543 2976 2136 3048">
    <p class='ocr_par' dir='ltr' id='par_1_46' title="bbox 543 2976 2136 3048">
     <span class='ocr_line' id='line_1_46' title="bbox 543 2976 2136 3048; baseline -0.004 -16"><span class='ocrx_word' id='word_1_306' title='bbox 543 2978 686 3048; x_wconf 84' lang='lat' dir='ltr'><strong>regis</strong></span> <span class='ocrx_word' id='word_1_307' title='bbox 712 2977 1046 3040; x_wconf 64' lang='lat' dir='ltr'><strong>Germaniae,</strong></span> <span class='ocrx_word' id='word_1_308' title='bbox 1088 2976 1181 3046; x_wconf 92' lang='lat' dir='ltr'><strong>qui</strong></span> <span class='ocrx_word' id='word_1_309' title='bbox 1225 2976 1276 3030; x_wconf 92' lang='lat' dir='ltr'><strong>in</strong></span> <span class='ocrx_word' id='word_1_310' title='bbox 1323 2976 1492 3030; x_wconf 90' lang='lat' dir='ltr'><strong>libera</strong></span> <span class='ocrx_word' id='word_1_311' title='bbox 1543 2976 1787 3029; x_wconf 89' lang='lat' dir='ltr'><strong>custodia</strong></span> <span class='ocrx_word' id='word_1_312' title='bbox 1836 2990 1957 3027; x_wconf 90' lang='lat' dir='ltr'><strong>cum</strong></span> <span class='ocrx_word' id='word_1_313' title='bbox 1985 2984 2136 3043; x_wconf 84' lang='lat' dir='ltr'><strong>patre</strong></span> 
     </span>
    </p>
   </div>
   <div class='ocr_carea' id='block_1_47' title="bbox 545 3064 2136 3133">
    <p class='ocr_par' dir='ltr' id='par_1_47' title="bbox 545 3064 2136 3133">
     <span class='ocr_line' id='line_1_47' title="bbox 545 3064 2136 3133; baseline -0.003 -12"><span class='ocrx_word' id='word_1_314' title='bbox 545 3081 646 3121; x_wconf 85' lang='lat' dir='ltr'><strong>suo</strong></span> <span class='ocrx_word' id='word_1_315' title='bbox 672 3068 1008 3130; x_wconf 87' lang='lat' dir='ltr'><strong>morabatur,</strong></span> <span class='ocrx_word' id='word_1_316' title='bbox 1057 3065 1320 3120; x_wconf 88' lang='lat' dir='ltr'><strong>simulans</strong></span> <span class='ocrx_word' id='word_1_317' title='bbox 1367 3080 1425 3119; x_wconf 91' lang='lat' dir='ltr'><strong>se</strong></span> <span class='ocrx_word' id='word_1_318' title='bbox 1469 3074 1720 3119; x_wconf 79' lang='lat' dir='ltr'><strong>venatum</strong></span> <span class='ocrx_word' id='word_1_319' title='bbox 1759 3064 1869 3127; x_wconf 93' lang='lat' dir='ltr'><strong>ire,</strong></span> <span class='ocrx_word' id='word_1_320' title='bbox 1917 3079 1946 3116; x_wconf 89' lang='lat' dir='ltr'><strong>a</strong></span> <span class='ocrx_word' id='word_1_321' title='bbox 1982 3074 2136 3133; x_wconf 87' lang='lat' dir='ltr'><strong>patre</strong></span> 
     </span>
    </p>
   </div>
   <div class='ocr_carea' id='block_1_48' title="bbox 2234 1894 3826 1960">
    <p class='ocr_par' dir='ltr' id='par_1_48' title="bbox 2234 1894 3826 1960">
     <span class='ocr_line' id='line_1_48' title="bbox 2234 1894 3826 1960; baseline 0.003 -11"><span class='ocrx_word' id='word_1_322' title='bbox 2234 1909 2344 1949; x_wconf 91' lang='lat' dir='ltr'><strong>nuo</strong></span> <span class='ocrx_word' id='word_1_323' title='bbox 2359 1894 2828 1960; x_wconf 86' lang='lat' dir='ltr'><strong>conﬁrmaturum,</strong></span> <span class='ocrx_word' id='word_1_324' title='bbox 2845 1905 2901 1950; x_wconf 90' lang='lat' dir='ltr'><strong>et</strong></span> <span class='ocrx_word' id='word_1_325' title='bbox 2923 1906 3277 1952; x_wconf 86' lang='lat' dir='ltr'><strong>tractaturum</strong></span> <span class='ocrx_word' id='word_1_326' title='bbox 3300 1899 3365 1952; x_wconf 91' lang='lat' dir='ltr'><strong>de</strong></span> <span class='ocrx_word' id='word_1_327' title='bbox 3387 1914 3562 1953; x_wconf 86' lang='lat' dir='ltr'><strong>causa</strong></span> <span class='ocrx_word' id='word_1_328' title='bbox 3591 1899 3826 1954; x_wconf 76' lang='lat' dir='ltr'><strong>Lotharii</strong></span> 
     </span>
    </p>
   </div>
   <div class='ocr_carea' id='block_1_49' title="bbox 2236 1985 3826 2060">
    <p class='ocr_par' dir='ltr' id='par_1_49' title="bbox 2236 1985 3826 2060">
     <span class='ocr_line' id='line_1_49' title="bbox 2236 1985 3826 2060; baseline 0.003 -19"><span class='ocrx_word' id='word_1_329' title='bbox 2236 1997 2292 2041; x_wconf 87' lang='lat' dir='ltr'><strong>et</strong></span> <span class='ocrx_word' id='word_1_330' title='bbox 2320 1986 2529 2056; x_wconf 82' lang='lat' dir='ltr'><strong>lgnatii,</strong></span> <span class='ocrx_word' id='word_1_331' title='bbox 2575 1985 3158 2057; x_wconf 89' lang='lat' dir='ltr'><strong>Constantinopolitani</strong></span> <span class='ocrx_word' id='word_1_332' title='bbox 3183 1990 3426 2060; x_wconf 88' lang='lat' dir='ltr'><strong>episcopi</strong></span> <span class='ocrx_word' id='word_1_333' title='bbox 3457 1991 3826 2059; x_wconf 60' lang='lat' dir='ltr'><strong>praeedemi‘</strong></span> 
     </span>
    </p>
   </div>
   <div class='ocr_carea' id='block_1_50' title="bbox 2235 2075 3828 2148">
    <p class='ocr_par' dir='ltr' id='par_1_50' title="bbox 2235 2075 3828 2148">
     <span class='ocr_line' id='line_1_50' title="bbox 2235 2075 3828 2148; baseline 0.003 -19"><span class='ocrx_word' id='word_1_334' title='bbox 2235 2090 2378 2130; x_wconf 87' lang='lat' dir='ltr'><strong>anno</strong></span> <span class='ocrx_word' id='word_1_335' title='bbox 2409 2075 2657 2145; x_wconf 85' lang='lat' dir='ltr'><strong>depositi,</strong></span> <span class='ocrx_word' id='word_1_336' title='bbox 2693 2076 2748 2130; x_wconf 92' lang='lat' dir='ltr'><strong>in</strong></span> <span class='ocrx_word' id='word_1_337' title='bbox 2788 2077 2941 2146; x_wconf 87' lang='lat' dir='ltr'><strong>cujus</strong></span> <span class='ocrx_word' id='word_1_338' title='bbox 2971 2077 3089 2132; x_wconf 89' lang='lat' dir='ltr'><strong>loco</strong></span> <span class='ocrx_word' id='word_1_339' title='bbox 3117 2079 3340 2148; x_wconf 89' lang='lat' dir='ltr'><strong>quidam</strong></span> <span class='ocrx_word' id='word_1_340' title='bbox 3381 2079 3562 2134; x_wconf 86' lang='lat' dir='ltr'><strong>laicus</strong></span> <span class='ocrx_word' id='word_1_341' title='bbox 3593 2090 3828 2134; x_wconf 80' lang='lat' dir='ltr'><strong>attonsus</strong></span> 
     </span>
    </p>
   </div>
   <div class='ocr_carea' id='block_1_51' title="bbox 2236 2165 3826 2242">
    <p class='ocr_par' dir='ltr' id='par_1_51' title="bbox 2236 2165 3826 2242">
     <span class='ocr_line' id='line_1_51' title="bbox 2236 2165 3826 2242; baseline 0.003 -23"><span class='ocrx_word' id='word_1_342' title='bbox 2236 2174 2291 2219; x_wconf 89' lang='lat' dir='ltr'><strong>et</strong></span> <span class='ocrx_word' id='word_1_343' title='bbox 2318 2181 2441 2220; x_wconf 77' lang='lat' dir='ltr'><strong>mox</strong></span> <span class='ocrx_word' id='word_1_344' title='bbox 2469 2165 2756 2236; x_wconf 90' lang='lat' dir='ltr'><strong>episcopus</strong></span> <span class='ocrx_word' id='word_1_345' title='bbox 2797 2177 2882 2222; x_wconf 90' lang='lat' dir='ltr'><strong>est</strong></span> <span class='ocrx_word' id='word_1_346' title='bbox 2923 2169 3228 2224; x_wconf 90' lang='lat' dir='ltr'><strong>ordinatus.</strong></span> <span class='ocrx_word' id='word_1_347' title='bbox 3261 2169 3342 2223; x_wconf 79' lang='lat' dir='ltr'><strong>Ad</strong></span> <span class='ocrx_word' id='word_1_348' title='bbox 3371 2185 3546 2239; x_wconf 85' lang='lat' dir='ltr'><strong>quam</strong></span> <span class='ocrx_word' id='word_1_349' title='bbox 3573 2170 3826 2242; x_wconf 74' lang='lat' dir='ltr'><strong>synodum</strong></span> 
     </span>
    </p>
   </div>
   <div class='ocr_carea' id='block_1_52' title="bbox 2235 2253 3827 2328">
    <p class='ocr_par' dir='ltr' id='par_1_52' title="bbox 2235 2253 3827 2328">
     <span class='ocr_line' id='line_1_52' title="bbox 2235 2253 3827 2328; baseline 0.004 -20"><span class='ocrx_word' id='word_1_350' title='bbox 2235 2255 2479 2324; x_wconf 69' lang='lat' dir='ltr'><strong>praedicti</strong></span> <span class='ocrx_word' id='word_1_351' title='bbox 2504 2253 2888 2325; x_wconf 83' lang='lat' dir='ltr'><strong>Theutgaudus</strong></span> <span class='ocrx_word' id='word_1_352' title='bbox 2916 2267 2972 2312; x_wconf 90' lang='lat' dir='ltr'><strong>et</strong></span> <span class='ocrx_word' id='word_1_353' title='bbox 2997 2257 3331 2312; x_wconf 87' lang='lat' dir='ltr'><strong>Guntharius</strong></span> <span class='ocrx_word' id='word_1_354' title='bbox 3355 2267 3559 2328; x_wconf 89' lang='lat' dir='ltr'><strong>sponte</strong></span> <span class='ocrx_word' id='word_1_355' title='bbox 3588 2273 3827 2328; x_wconf 73' lang='lat' dir='ltr'><strong>perrexe-</strong></span> 
     </span>
    </p>
   </div>
   <div class='ocr_carea' id='block_1_53' title="bbox 2238 2345 3832 2417">
    <p class='ocr_par' dir='ltr' id='par_1_53' title="bbox 2238 2345 3832 2417">
     <span class='ocr_line' id='line_1_53' title="bbox 2238 2345 3832 2417; baseline 0.001 -18"><span class='ocrx_word' id='word_1_356' title='bbox 2238 2356 2385 2410; x_wconf 89' lang='lat' dir='ltr'><strong>runt,</strong></span> <span class='ocrx_word' id='word_1_357' title='bbox 2420 2354 2675 2414; x_wconf 86' lang='lat' dir='ltr'><strong>putantes</strong></span> <span class='ocrx_word' id='word_1_358' title='bbox 2722 2345 3018 2401; x_wconf 89' lang='lat' dir='ltr'><strong>llludovvici</strong></span> <span class='ocrx_word' id='word_1_359' title='bbox 3060 2347 3405 2417; x_wconf 88' lang='lat' dir='ltr'><strong>imperatoris</strong></span> <span class='ocrx_word' id='word_1_360' title='bbox 3430 2346 3832 2403; x_wconf 73' lang='lat' dir='ltr'><strong>interventuab</strong></span> 
     </span>
    </p>
   </div>
   <div class='ocr_carea' id='block_1_54' title="bbox 2239 2436 2984 2507">
    <p class='ocr_par' dir='ltr' id='par_1_54' title="bbox 2239 2436 2984 2507">
     <span class='ocr_line' id='line_1_54' title="bbox 2239 2436 2984 2507; baseline 0.001 -18"><span class='ocrx_word' id='word_1_361' title='bbox 2239 2436 2539 2506; x_wconf 88' lang='lat' dir='ltr'><strong>apostolico</strong></span> <span class='ocrx_word' id='word_1_362' title='bbox 2565 2451 2723 2507; x_wconf 86' lang='lat' dir='ltr'><strong>posse</strong></span> <span class='ocrx_word' id='word_1_363' title='bbox 2753 2438 2984 2491; x_wconf 91' lang='lat' dir='ltr'><strong>restitui.</strong></span> 
     </span>
    </p>
   </div>
   <div class='ocr_carea' id='block_1_55' title="bbox 2309 2524 3830 2594">
    <p class='ocr_par' dir='ltr' id='par_1_55' title="bbox 2309 2524 3830 2594">
     <span class='ocr_line' id='line_1_55' title="bbox 2309 2524 3830 2594; baseline 0.002 -16"><span class='ocrx_word' id='word_1_364' title='bbox 2309 2524 2678 2588; x_wconf 82' lang='lat' dir='ltr'><strong>liludowicus,</strong></span> <span class='ocrx_word' id='word_1_365' title='bbox 2704 2524 2868 2579; x_wconf 74' lang='lat' dir='ltr'><strong>Italia:</strong></span> <span class='ocrx_word' id='word_1_366' title='bbox 2900 2526 3193 2594; x_wconf 86' lang='lat' dir='ltr'><strong>imperator</strong></span> <span class='ocrx_word' id='word_1_367' title='bbox 3218 2527 3577 2591; x_wconf 85' lang='lat' dir='ltr'><strong>nominatus,</strong></span> <span class='ocrx_word' id='word_1_368' title='bbox 3615 2541 3648 2580; x_wconf 70' lang='grc' dir='ltr'>ι</span> <span class='ocrx_word' id='word_1_369' title='bbox 3679 2539 3830 2582; x_wconf 78' lang='lat' dir='ltr'><strong>cervo</strong></span> 
     </span>
    </p>
   </div>
   <div class='ocr_carea' id='block_1_56' title="bbox 2238 2615 3833 2689">
    <p class='ocr_par' dir='ltr' id='par_1_56' title="bbox 2238 2615 3833 2689">
     <span class='ocr_line' id='line_1_56' title="bbox 2238 2615 3833 2689; baseline 0.004 -24"><span class='ocrx_word' id='word_1_370' title='bbox 2238 2628 2399 2682; x_wconf 86' lang='lat' dir='ltr'><strong>quem</strong></span> <span class='ocrx_word' id='word_1_371' title='bbox 2451 2615 2503 2666; x_wconf 94' lang='lat' dir='ltr'><strong>in</strong></span> <span class='ocrx_word' id='word_1_372' title='bbox 2537 2615 2754 2684; x_wconf 51' lang='lat' dir='ltr'><strong>rugitus</strong></span> <span class='ocrx_word' id='word_1_373' title='bbox 2797 2615 3036 2684; x_wconf 89' lang='lat' dir='ltr'><strong>positum</strong></span> <span class='ocrx_word' id='word_1_374' title='bbox 3081 2618 3345 2687; x_wconf 87' lang='lat' dir='ltr'><strong>sagittare</strong></span> <span class='ocrx_word' id='word_1_375' title='bbox 3369 2618 3581 2682; x_wconf 88' lang='lat' dir='ltr'><strong>voluit,</strong></span> <span class='ocrx_word' id='word_1_376' title='bbox 3633 2619 3833 2689; x_wconf 54' lang='lat' dir='ltr'><strong>gravis-</strong></span> 
     </span>
    </p>
   </div>
   <div class='ocr_carea' id='block_1_57' title="bbox 2240 2702 3833 2776">
    <p class='ocr_par' dir='ltr' id='par_1_57' title="bbox 2240 2702 3833 2776">
     <span class='ocr_line' id='line_1_57' title="bbox 2240 2702 3833 2776; baseline 0.003 -21"><span class='ocrx_word' id='word_1_377' title='bbox 2240 2702 2376 2756; x_wconf 89' lang='lat' dir='ltr'><strong>sime</strong></span> <span class='ocrx_word' id='word_1_378' title='bbox 2398 2703 2732 2757; x_wconf 85' lang='lat' dir='ltr'><strong>vulneratur.</strong></span> <span class='ocrx_word' id='word_1_379' title='bbox 2755 2703 2797 2756; x_wconf 90' lang='lat' dir='ltr'><strong>A</strong></span> <span class='ocrx_word' id='word_1_380' title='bbox 2822 2703 3064 2770; x_wconf 84' lang='lat' dir='ltr'><strong>Nicolao,</strong></span> <span class='ocrx_word' id='word_1_381' title='bbox 3094 2705 3353 2761; x_wconf 65' lang='lat' dir='ltr'><strong>Romana:</strong></span> <span class='ocrx_word' id='word_1_382' title='bbox 3377 2708 3532 2762; x_wconf 88' lang='lat' dir='ltr'><strong>sedis</strong></span> <span class='ocrx_word' id='word_1_383' title='bbox 3565 2707 3833 2776; x_wconf 83' lang='lat' dir='ltr'><strong>pontiﬁce,</strong></span> 
     </span>
    </p>
   </div>
   <div class='ocr_carea' id='block_1_58' title="bbox 2239 2793 3833 2868">
    <p class='ocr_par' dir='ltr' id='par_1_58' title="bbox 2239 2793 3833 2868">
     <span class='ocr_line' id='line_1_58' title="bbox 2239 2793 3833 2868; baseline 0.003 -22"><span class='ocrx_word' id='word_1_384' title='bbox 2239 2809 2338 2863; x_wconf 87' lang='lat' dir='ltr'><strong>per</strong></span> <span class='ocrx_word' id='word_1_385' title='bbox 2365 2793 2652 2847; x_wconf 73' lang='lat' dir='ltr'><strong>Arsenium</strong></span> <span class='ocrx_word' id='word_1_386' title='bbox 2682 2794 3337 2865; x_wconf 84' lang='lat' dir='ltr'><strong>apocrisiariumpetitur,</strong></span> <span class='ocrx_word' id='word_1_387' title='bbox 3370 2805 3433 2849; x_wconf 88' lang='lat' dir='ltr'><strong>ut</strong></span> <span class='ocrx_word' id='word_1_388' title='bbox 3463 2797 3653 2850; x_wconf 89' lang='lat' dir='ltr'><strong>eidem</strong></span> <span class='ocrx_word' id='word_1_389' title='bbox 3688 2807 3833 2868; x_wconf 71' lang='lat' dir='ltr'><strong>papa</strong></span> 
     </span>
    </p>
   </div>
   <div class='ocr_carea' id='block_1_59' title="bbox 2242 2884 3835 2954">
    <p class='ocr_par' dir='ltr' id='par_1_59' title="bbox 2242 2884 3835 2954">
     <span class='ocr_line' id='line_1_59' title="bbox 2242 2884 3835 2954; baseline 0.003 -17"><span class='ocrx_word' id='word_1_390' title='bbox 2242 2885 2448 2953; x_wconf 82' lang='lat' dir='ltr'><strong>legatos</strong></span> <span class='ocrx_word' id='word_1_391' title='bbox 2493 2898 2622 2938; x_wconf 87' lang='lat' dir='ltr'><strong>suos</strong></span> <span class='ocrx_word' id='word_1_392' title='bbox 2651 2884 2809 2939; x_wconf 77' lang='lat' dir='ltr'><strong>liceat</strong></span> <span class='ocrx_word' id='word_1_393' title='bbox 2835 2901 2934 2954; x_wconf 91' lang='lat' dir='ltr'><strong>pro</strong></span> <span class='ocrx_word' id='word_1_394' title='bbox 2980 2887 3300 2954; x_wconf 85' lang='lat' dir='ltr'><strong>quibusdam</strong></span> <span class='ocrx_word' id='word_1_395' title='bbox 3339 2885 3528 2941; x_wconf 82' lang='lat' dir='ltr'><strong>causis</strong></span> <span class='ocrx_word' id='word_1_396' title='bbox 3586 2886 3835 2941; x_wconf 73' lang='lat' dir='ltr'><strong>ecclesia-</strong></span> 
     </span>
    </p>
   </div>
   <div class='ocr_carea' id='block_1_60' title="bbox 2245 2974 3838 3044">
    <p class='ocr_par' dir='ltr' id='par_1_60' title="bbox 2245 2974 3838 3044">
     <span class='ocr_line' id='line_1_60' title="bbox 2245 2974 3838 3044; baseline 0.001 -15"><span class='ocrx_word' id='word_1_397' title='bbox 2245 2976 2399 3030; x_wconf 77' lang='lat' dir='ltr'><strong>sticis</strong></span> <span class='ocrx_word' id='word_1_398' title='bbox 2427 2975 2495 3028; x_wconf 88' lang='lat' dir='ltr'><strong>ad</strong></span> <span class='ocrx_word' id='word_1_399' title='bbox 2527 2974 2778 3028; x_wconf 89' lang='lat' dir='ltr'><strong>Carolum</strong></span> <span class='ocrx_word' id='word_1_400' title='bbox 2802 2977 3018 3030; x_wconf 91' lang='lat' dir='ltr'><strong>mittere</strong></span> <span class='ocrx_word' id='word_1_401' title='bbox 3045 2992 3059 3041; x_wconf 92' lang='lat'><strong>;</strong></span> <span class='ocrx_word' id='word_1_402' title='bbox 3111 2976 3204 3030; x_wconf 90' lang='lat' dir='ltr'><strong>sed</strong></span> <span class='ocrx_word' id='word_1_403' title='bbox 3254 2975 3526 3040; x_wconf 90' lang='lat' dir='ltr'><strong>credens,</strong></span> <span class='ocrx_word' id='word_1_404' title='bbox 3577 2977 3706 3044; x_wconf 85' lang='lat' dir='ltr'><strong>quia</strong></span> <span class='ocrx_word' id='word_1_405' title='bbox 3738 2991 3838 3030; x_wconf 77' lang='lat' dir='ltr'><strong>non</strong></span> 
     </span>
    </p>
   </div>
   <div class='ocr_carea' id='block_1_61' title="bbox 2252 3063 3830 3121">
    <p class='ocr_par' dir='ltr' id='par_1_61' title="bbox 2252 3063 3830 3121">
     <span class='ocr_line' id='line_1_61' title="bbox 2252 3063 3830 3121; baseline 0.001 -2"><span class='ocrx_word' id='word_1_406' title='bbox 2252 3065 2463 3119; x_wconf 74' lang='lat' dir='ltr'><strong>sincera</strong></span> <span class='ocrx_word' id='word_1_407' title='bbox 2497 3065 2794 3118; x_wconf 86' lang='lat' dir='ltr'><strong>intentione</strong></span> <span class='ocrx_word' id='word_1_408' title='bbox 2823 3065 3083 3120; x_wconf 87' lang='lat' dir='ltr'><strong>adversus</strong></span> <span class='ocrx_word' id='word_1_409' title='bbox 3125 3080 3248 3119; x_wconf 89' lang='lat' dir='ltr'><strong>eum</strong></span> <span class='ocrx_word' id='word_1_410' title='bbox 3294 3063 3427 3119; x_wconf 86' lang='lat' dir='ltr'><strong>velit</strong></span> <span class='ocrx_word' id='word_1_411' title='bbox 3460 3065 3519 3119; x_wconf 88' lang='lat' dir='ltr'><strong>in</strong></span> <span class='ocrx_word' id='word_1_412' title='bbox 3549 3065 3830 3121; x_wconf 81' lang='lat' dir='ltr'><strong>Franciam</strong></span> 
     </span>
    </p>
   </div>
   <div class='ocr_carea' id='block_1_62' title="bbox 546 3153 3268 3226">
    <p class='ocr_par' dir='ltr' id='par_1_62' title="bbox 546 3153 3268 3226">
     <span class='ocr_line' id='line_1_62' title="bbox 546 3153 3268 3226; baseline -0.001 -16"><span class='ocrx_word' id='word_1_413' title='bbox 546 3154 672 3226; x_wconf 83' lang='lat' dir='ltr'><strong>fuga</strong></span> <span class='ocrx_word' id='word_1_414' title='bbox 716 3155 934 3220; x_wconf 90' lang='lat' dir='ltr'><strong>labitur,</strong></span> <span class='ocrx_word' id='word_1_415' title='bbox 975 3166 1030 3210; x_wconf 92' lang='lat' dir='ltr'><strong>et</strong></span> <span class='ocrx_word' id='word_1_416' title='bbox 1077 3171 1290 3210; x_wconf 89' lang='lat' dir='ltr'><strong>marcas</strong></span> <span class='ocrx_word' id='word_1_417' title='bbox 1316 3156 1418 3209; x_wconf 89' lang='lat' dir='ltr'><strong>sibi</strong></span> <span class='ocrx_word' id='word_1_418' title='bbox 1449 3173 1476 3208; x_wconf 89' lang='lat' dir='ltr'><strong>a</strong></span> <span class='ocrx_word' id='word_1_419' title='bbox 1509 3157 1755 3226; x_wconf 77' lang='lat' dir='ltr'><strong>genitore</strong></span> <span class='ocrx_word' id='word_1_420' title='bbox 1783 3155 1992 3208; x_wconf 83' lang='lat' dir='ltr'><strong>ablatas</strong></span> <span class='ocrx_word' id='word_1_421' title='bbox 2020 3169 2142 3208; x_wconf 83' lang='lat' dir='ltr'><strong>cum</strong></span> <span class='ocrx_word' id='word_1_422' title='bbox 2173 3155 2217 3218; x_wconf 88' lang='lat' dir='ltr'><strong>C</strong></span> <span class='ocrx_word' id='word_1_423' title='bbox 2251 3156 2448 3210; x_wconf 90' lang='lat' dir='ltr'><strong>missos</strong></span> <span class='ocrx_word' id='word_1_424' title='bbox 2477 3170 2603 3208; x_wconf 92' lang='lat' dir='ltr'><strong>suos</strong></span> <span class='ocrx_word' id='word_1_425' title='bbox 2634 3155 2888 3224; x_wconf 86' lang='lat' dir='ltr'><strong>dirigere,</strong></span> <span class='ocrx_word' id='word_1_426' title='bbox 2922 3153 3268 3209; x_wconf 86' lang='lat' dir='ltr'><strong>contradicit.</strong></span> 
     </span>
    </p>
   </div>
   <div class='ocr_carea' id='block_1_63' title="bbox 547 3245 2139 3314">
    <p class='ocr_par' dir='ltr' id='par_1_63' title="bbox 547 3245 2139 3314">
     <span class='ocr_line' id='line_1_63' title="bbox 547 3245 2139 3314; baseline -0.002 -15"><span class='ocrx_word' id='word_1_427' title='bbox 547 3258 816 3299; x_wconf 80' lang='lat' dir='ltr'><strong>consensu</strong></span> <span class='ocrx_word' id='word_1_428' title='bbox 848 3245 1227 3298; x_wconf 86' lang='lat' dir='ltr'><strong>marchionutn</strong></span> <span class='ocrx_word' id='word_1_429' title='bbox 1270 3245 1361 3314; x_wconf 87' lang='lat' dir='ltr'><strong>qui</strong></span> <span class='ocrx_word' id='word_1_430' title='bbox 1388 3260 1510 3299; x_wconf 91' lang='lat' dir='ltr'><strong>eum</strong></span> <span class='ocrx_word' id='word_1_431' title='bbox 1557 3245 1895 3298; x_wconf 84' lang='lat' dir='ltr'><strong>tradiderant</strong></span> <span class='ocrx_word' id='word_1_432' title='bbox 1919 3259 2139 3298; x_wconf 89' lang='lat' dir='ltr'><strong>reoccu-</strong></span> 
     </span>
    </p>
   </div>
   <div class='ocr_carea' id='block_1_64' title="bbox 545 3333 2142 3405">
    <p class='ocr_par' dir='ltr' id='par_1_64' title="bbox 545 3333 2142 3405">
     <span class='ocr_line' id='line_1_64' title="bbox 545 3333 2142 3405; baseline -0.001 -17"><span class='ocrx_word' id='word_1_433' title='bbox 545 3342 660 3405; x_wconf 84' lang='lat' dir='ltr'><strong>pat.</strong></span> <span class='ocrx_word' id='word_1_434' title='bbox 708 3333 878 3402; x_wconf 85' lang='lat' dir='ltr'><strong>Quem</strong></span> <span class='ocrx_word' id='word_1_435' title='bbox 907 3345 1060 3404; x_wconf 88' lang='lat' dir='ltr'><strong>pater</strong></span> <span class='ocrx_word' id='word_1_436' title='bbox 1087 3349 1118 3388; x_wconf 91' lang='lat' dir='ltr'><strong>e</strong></span> <span class='ocrx_word' id='word_1_437' title='bbox 1157 3335 1383 3403; x_wconf 81' lang='lat' dir='ltr'><strong>vestigio</strong></span> <span class='ocrx_word' id='word_1_438' title='bbox 1413 3334 1734 3403; x_wconf 85' lang='lat' dir='ltr'><strong>insequens,</strong></span> <span class='ocrx_word' id='word_1_439' title='bbox 1786 3335 1888 3388; x_wconf 90' lang='lat' dir='ltr'><strong>sub</strong></span> <span class='ocrx_word' id='word_1_440' title='bbox 1916 3334 2142 3387; x_wconf 88' lang='lat' dir='ltr'><strong>ﬁrmita-</strong></span> 
     </span>
    </p>
   </div>
   <div class='ocr_carea' id='block_1_65' title="bbox 546 3427 2142 3490">
    <p class='ocr_par' dir='ltr' id='par_1_65' title="bbox 546 3427 2142 3490">
     <span class='ocr_line' id='line_1_65' title="bbox 546 3427 2142 3490; baseline -0.001 -8"><span class='ocrx_word' id='word_1_441' title='bbox 546 3437 664 3482; x_wconf 88' lang='lat' dir='ltr'><strong>tum</strong></span> <span class='ocrx_word' id='word_1_442' title='bbox 694 3427 1041 3484; x_wconf 78' lang='lat' dir='ltr'><strong>conditione&#39;</strong></span> <span class='ocrx_word' id='word_1_443' title='bbox 1091 3428 1156 3482; x_wconf 89' lang='lat' dir='ltr'><strong>ad</strong></span> <span class='ocrx_word' id='word_1_444' title='bbox 1197 3443 1256 3482; x_wconf 89' lang='lat' dir='ltr'><strong>se</strong></span> <span class='ocrx_word' id='word_1_445' title='bbox 1284 3429 1470 3482; x_wconf 89' lang='lat' dir='ltr'><strong>venire</strong></span> <span class='ocrx_word' id='word_1_446' title='bbox 1517 3428 1678 3490; x_wconf 80' lang='lat' dir='ltr'><strong>facit,</strong></span> <span class='ocrx_word' id='word_1_447' title='bbox 1715 3436 1772 3480; x_wconf 90' lang='lat' dir='ltr'><strong>et</strong></span> <span class='ocrx_word' id='word_1_448' title='bbox 1813 3427 1860 3481; x_wconf 93' lang='lat' dir='ltr'><strong>ei</strong></span> <span class='ocrx_word' id='word_1_449' title='bbox 1910 3427 2142 3482; x_wconf 89' lang='lat' dir='ltr'><strong>honores</strong></span> 
     </span>
    </p>
   </div>
   <div class='ocr_carea' id='block_1_66' title="bbox 547 3518 2143 3589">
    <p class='ocr_par' dir='ltr' id='par_1_66' title="bbox 547 3518 2143 3589">
     <span class='ocr_line' id='line_1_66' title="bbox 547 3518 2143 3589; baseline 0 -17"><span class='ocrx_word' id='word_1_450' title='bbox 547 3518 732 3574; x_wconf 88' lang='lat' dir='ltr'><strong>donat.</strong></span> <span class='ocrx_word' id='word_1_451' title='bbox 772 3518 1008 3589; x_wconf 85' lang='lat' dir='ltr'><strong>Indeque</strong></span> <span class='ocrx_word' id='word_1_452' title='bbox 1048 3529 1329 3574; x_wconf 86' lang='lat' dir='ltr'><strong>revertens</strong></span> <span class='ocrx_word' id='word_1_453' title='bbox 1375 3534 1565 3573; x_wconf 90' lang='lat' dir='ltr'><strong>versus</strong></span> <span class='ocrx_word' id='word_1_454' title='bbox 1615 3519 1875 3589; x_wconf 86' lang='lat' dir='ltr'><strong>palatium</strong></span> <span class='ocrx_word' id='word_1_455' title='bbox 1903 3518 2143 3572; x_wconf 79' lang='lat' dir='ltr'><strong>Franco-</strong></span> 
     </span>
    </p>
   </div>
   <div class='ocr_carea' id='block_1_67' title="bbox 549 3608 2143 3681">
    <p class='ocr_par' dir='ltr' id='par_1_67' title="bbox 549 3608 2143 3681">
     <span class='ocr_line' id='line_1_67' title="bbox 549 3608 2143 3681; baseline 0.001 -18"><span class='ocrx_word' id='word_1_456' title='bbox 549 3608 762 3675; x_wconf 85' lang='lat' dir='ltr'><strong>noford,</strong></span> <span class='ocrx_word' id='word_1_457' title='bbox 786 3611 841 3664; x_wconf 92' lang='lat' dir='ltr'><strong>in</strong></span> <span class='ocrx_word' id='word_1_458' title='bbox 872 3612 1105 3681; x_wconf 90' lang='lat' dir='ltr'><strong>quodam</strong></span> <span class='ocrx_word' id='word_1_459' title='bbox 1131 3609 1304 3665; x_wconf 87' lang='lat' dir='ltr'><strong>broilo</strong></span> <span class='ocrx_word' id='word_1_460' title='bbox 1321 3621 1342 3648; x_wconf 75' lang='grc' dir='ltr'>ε</span> <span class='ocrx_word' id='word_1_461' title='bbox 1375 3625 1594 3664; x_wconf 87' lang='lat' dir='ltr'><strong>cervum</strong></span> <span class='ocrx_word' id='word_1_462' title='bbox 1619 3625 1822 3664; x_wconf 89' lang='lat' dir='ltr'><strong>venans</strong></span> <span class='ocrx_word' id='word_1_463' title='bbox 1847 3609 1914 3663; x_wconf 91' lang='lat' dir='ltr'><strong>de</strong></span> <span class='ocrx_word' id='word_1_464' title='bbox 1936 3609 2143 3664; x_wconf 87' lang='lat' dir='ltr'><strong>caballo</strong></span> 
     </span>
    </p>
   </div>
   <div class='ocr_carea' id='block_1_68' title="bbox 1755 3721 2144 3778">
    <p class='ocr_par' dir='ltr' id='par_1_68' title="bbox 1755 3721 2144 3778">
     <span class='ocr_line' id='line_1_68' title="bbox 1755 3721 2144 3778; baseline 0.005 -1"><span class='ocrx_word' id='word_1_465' title='bbox 1755 3721 2144 3778; x_wconf 74' lang='lat' dir='ltr'><strong>VARIANTES</strong></span> 
     </span>
    </p>
   </div>
   <div class='ocr_carea' id='block_1_69' title="bbox 555 3835 1378 3908">
    <p class='ocr_par' dir='ltr' id='par_1_69' title="bbox 555 3835 1378 3908">
     <span class='ocr_line' id='line_1_69' title="bbox 555 3835 1378 3908; baseline 0.001 -17"><span class='ocrx_word' id='word_1_466' title='bbox 555 3837 572 3868; x_wconf 79' lang='grc' dir='ltr'><strong><em>ι</em></strong></span> <span class='ocrx_word' id='word_1_467' title='bbox 607 3835 758 3908; x_wconf 84' lang='lat' dir='ltr'><strong>sylva</strong></span> <span class='ocrx_word' id='word_1_468' title='bbox 785 3835 882 3891; x_wconf 79' lang='lat' dir='ltr'><strong>Ch.</strong></span> <span class='ocrx_word' id='word_1_469' title='bbox 959 3836 981 3868; x_wconf 80' lang='grc'>³</span> <span class='ocrx_word' id='word_1_470' title='bbox 1017 3837 1248 3893; x_wconf 88' lang='lat' dir='ltr'><strong>maliciis</strong></span> <span class='ocrx_word' id='word_1_471' title='bbox 1279 3836 1378 3892; x_wconf 80' lang='lat' dir='ltr'><strong>Clt.</strong></span> 
     </span>
    </p>
   </div>
   <div class='ocr_carea' id='block_1_70' title="bbox 2318 3245 3837 3317">
    <p class='ocr_par' dir='ltr' id='par_1_70' title="bbox 2318 3245 3837 3317">
     <span class='ocr_line' id='line_1_70' title="bbox 2318 3245 3837 3317; baseline -0.001 -17"><span class='ocrx_word' id='word_1_472' title='bbox 2318 3245 2648 3317; x_wconf 79' lang='lat' dir='ltr'><strong>llugbertus,</strong></span> <span class='ocrx_word' id='word_1_473' title='bbox 2674 3247 2904 3301; x_wconf 90' lang='lat' dir='ltr'><strong>clericus</strong></span> <span class='ocrx_word' id='word_1_474' title='bbox 2931 3248 3251 3315; x_wconf 83' lang='lat' dir='ltr'><strong>conjugatus</strong></span> <span class='ocrx_word' id='word_1_475' title='bbox 3279 3254 3335 3300; x_wconf 93' lang='lat' dir='ltr'><strong>et</strong></span> <span class='ocrx_word' id='word_1_476' title='bbox 3361 3246 3536 3301; x_wconf 83' lang='lat' dir='ltr'><strong>abbas</strong></span> <span class='ocrx_word' id='word_1_477' title='bbox 3568 3254 3837 3302; x_wconf 84' lang='lat' dir='ltr'><strong>monaste-</strong></span> 
     </span>
    </p>
   </div>
   <div class='ocr_carea' id='block_1_71' title="bbox 2245 3336 3849 3407">
    <p class='ocr_par' dir='ltr' id='par_1_71' title="bbox 2245 3336 3849 3407">
     <span class='ocr_line' id='line_1_71' title="bbox 2245 3336 3849 3407; baseline 0.001 -15"><span class='ocrx_word' id='word_1_478' title='bbox 2245 3338 2312 3392; x_wconf 89' lang='lat' dir='ltr'><strong>rii</strong></span> <span class='ocrx_word' id='word_1_479' title='bbox 2345 3338 2517 3391; x_wconf 90' lang='lat' dir='ltr'><strong>sancti</strong></span> <span class='ocrx_word' id='word_1_480' title='bbox 2547 3337 2792 3402; x_wconf 76' lang='lat' dir='ltr'><strong>Martini,</strong></span> <span class='ocrx_word' id='word_1_481' title='bbox 2837 3337 2927 3407; x_wconf 86' lang='lat' dir='ltr'><strong>qui</strong></span> <span class='ocrx_word' id='word_1_482' title='bbox 2971 3337 3145 3391; x_wconf 88' lang='lat' dir='ltr'><strong>sancti</strong></span> <span class='ocrx_word' id='word_1_483' title='bbox 3194 3336 3436 3391; x_wconf 81' lang='lat' dir='ltr'><strong>Mauricii</strong></span> <span class='ocrx_word' id='word_1_484' title='bbox 3484 3337 3849 3394; x_wconf 70' lang='lat' dir='ltr'><strong>abbatiamct</strong></span> 
     </span>
    </p>
   </div>
   <div class='ocr_carea' id='block_1_72' title="bbox 2247 3428 3850 3499">
    <p class='ocr_par' dir='ltr' id='par_1_72' title="bbox 2247 3428 3850 3499">
     <span class='ocr_line' id='line_1_72' title="bbox 2247 3428 3850 3499; baseline 0.001 -17"><span class='ocrx_word' id='word_1_485' title='bbox 2247 3430 2382 3483; x_wconf 89' lang='lat' dir='ltr'><strong>alios</strong></span> <span class='ocrx_word' id='word_1_486' title='bbox 2415 3431 2648 3484; x_wconf 82' lang='lat' dir='ltr'><strong>honores</strong></span> <span class='ocrx_word' id='word_1_487' title='bbox 2678 3429 3004 3492; x_wconf 86' lang='lat' dir='ltr'><strong>llludowici,</strong></span> <span class='ocrx_word' id='word_1_488' title='bbox 3045 3429 3390 3499; x_wconf 89' lang='lat' dir='ltr'><strong>imperatoris</strong></span> <span class='ocrx_word' id='word_1_489' title='bbox 3417 3428 3611 3495; x_wconf 58' lang='lat' dir='ltr'><strong>Italiae,</strong></span> <span class='ocrx_word' id='word_1_490' title='bbox 3647 3439 3850 3484; x_wconf 73' lang='lat' dir='ltr'><strong>contra</strong></span> 
     </span>
    </p>
   </div>
   <div class='ocr_carea' id='block_1_73' title="bbox 2246 3517 3852 3588">
    <p class='ocr_par' dir='ltr' id='par_1_73' title="bbox 2246 3517 3852 3588">
     <span class='ocr_line' id='line_1_73' title="bbox 2246 3517 3852 3588; baseline -0.001 -15"><span class='ocrx_word' id='word_1_491' title='bbox 2246 3519 2576 3574; x_wconf 82' lang='lat' dir='ltr'><strong>voluntatem</strong></span> <span class='ocrx_word' id='word_1_492' title='bbox 2609 3520 2775 3588; x_wconf 90' lang='lat' dir='ltr'><strong>ipsius</strong></span> <span class='ocrx_word' id='word_1_493' title='bbox 2808 3519 3056 3582; x_wconf 82' lang='lat' dir='ltr'><strong>tenebat,</strong></span> <span class='ocrx_word' id='word_1_494' title='bbox 3107 3519 3176 3572; x_wconf 91' lang='lat' dir='ltr'><strong>ab</strong></span> <span class='ocrx_word' id='word_1_495' title='bbox 3207 3517 3504 3572; x_wconf 86' lang='lat' dir='ltr'><strong>hominibus</strong></span> <span class='ocrx_word' id='word_1_496' title='bbox 3537 3517 3665 3584; x_wconf 83' lang='lat' dir='ltr'><strong>ejus</strong></span> <span class='ocrx_word' id='word_1_497' title='bbox 3695 3519 3852 3576; x_wconf 78' lang='lat' dir='ltr'><strong>oeci-</strong></span> 
     </span>
    </p>
   </div>
   <div class='ocr_carea' id='block_1_74' title="bbox 2247 3607 3848 3689">
    <p class='ocr_par' dir='ltr' id='par_1_74' title="bbox 2247 3607 3848 3689">
     <span class='ocr_line' id='line_1_74' title="bbox 2247 3607 3848 3689; baseline -0.001 -25"><span class='ocrx_word' id='word_1_498' title='bbox 2247 3612 2416 3675; x_wconf 91' lang='lat' dir='ltr'><strong>ditur,</strong></span> <span class='ocrx_word' id='word_1_499' title='bbox 2447 3621 2502 3665; x_wconf 88' lang='lat' dir='ltr'><strong>et</strong></span> <span class='ocrx_word' id='word_1_500' title='bbox 2529 3610 2867 3680; x_wconf 81' lang='lat' dir='ltr'><strong>Thcotberga</strong></span> <span class='ocrx_word' id='word_1_501' title='bbox 2898 3625 3053 3664; x_wconf 91' lang='lat' dir='ltr'><strong>soror</strong></span> <span class='ocrx_word' id='word_1_502' title='bbox 3074 3607 3213 3677; x_wconf 84' lang='lat' dir='ltr'><strong>ejus,</strong></span> <span class='ocrx_word' id='word_1_503' title='bbox 3239 3609 3445 3689; x_wconf 85' lang='lat' dir='ltr'><strong>abjecta</strong></span> <span class='ocrx_word' id='word_1_504' title='bbox 3467 3607 3753 3674; x_wconf 82' lang='lat' dir='ltr'><strong>Lotharii,</strong></span> <span class='ocrx_word' id='word_1_505' title='bbox 3778 3608 3848 3664; x_wconf 74' lang='lat' dir='ltr'><strong>ad</strong></span> 
     </span>
    </p>
   </div>
   <div class='ocr_carea' id='block_1_75' title="bbox 2204 3725 2607 3782">
    <p class='ocr_par' dir='ltr' id='par_1_75' title="bbox 2204 3725 2607 3782">
     <span class='ocr_line' id='line_1_75' title="bbox 2204 3725 2607 3782; baseline 0.005 -3"><span class='ocrx_word' id='word_1_506' title='bbox 2204 3725 2607 3782; x_wconf 74' lang='lat' dir='ltr'><strong>LECTIONES.</strong></span> 
     </span>
    </p>
   </div>
   <div class='ocr_carea' id='block_1_76' title="bbox 1456 3838 2686 3897">
    <p class='ocr_par' dir='ltr' id='par_1_76' title="bbox 1456 3838 2686 3897">
     <span class='ocr_line' id='line_1_76' title="bbox 1456 3838 2686 3897; baseline 0.002 -3"><span class='ocrx_word' id='word_1_507' title='bbox 1456 3838 1477 3871; x_wconf 88' lang='grc'><em>³</em></span> <span class='ocrx_word' id='word_1_508' title='bbox 1512 3839 1879 3895; x_wconf 90' lang='lat' dir='ltr'><strong>conditionem</strong></span> <span class='ocrx_word' id='word_1_509' title='bbox 1910 3838 2004 3893; x_wconf 83' lang='lat' dir='ltr'><strong>Ch.</strong></span> <span class='ocrx_word' id='word_1_510' title='bbox 2031 3850 2078 3894; x_wconf 81' lang='lat' dir='ltr'><strong>et</strong></span> <span class='ocrx_word' id='word_1_511' title='bbox 2106 3839 2173 3894; x_wconf 82' lang='grc' dir='ltr'><strong>Β.</strong></span> <span class='ocrx_word' id='word_1_512' title='bbox 2251 3841 2273 3871; x_wconf 78' lang='grc'><strong>⁸</strong></span> <span class='ocrx_word' id='word_1_513' title='bbox 2317 3842 2558 3897; x_wconf 88' lang='lat' dir='ltr'><strong>divorcio</strong></span> <span class='ocrx_word' id='word_1_514' title='bbox 2587 3839 2686 3896; x_wconf 84' lang='lat' dir='ltr'><strong>Ch.</strong></span> 
     </span>
    </p>
   </div>
   <div class='ocr_carea' id='block_1_77' title="bbox 2078 3951 2314 4008">
    <p class='ocr_par' dir='ltr' id='par_1_77' title="bbox 2078 3951 2314 4008">
     <span class='ocr_line' id='line_1_77' title="bbox 2078 3951 2314 4008; baseline -0.004 0"><span class='ocrx_word' id='word_1_515' title='bbox 2078 3951 2314 4008; x_wconf 71' lang='grc' dir='ltr'><strong>ΝΟΤᾸΞ.</strong></span> 
     </span>
    </p>
   </div>
   <div class='ocr_carea' id='block_1_78' title="bbox 551 4043 2136 4113">
    <p class='ocr_par' dir='ltr' id='par_1_78' title="bbox 551 4043 2136 4113">
     <span class='ocr_line' id='line_1_78' title="bbox 551 4043 2136 4113; baseline -0.003 -12"><span class='ocrx_word' id='word_1_516' title='bbox 551 4043 924 4101; x_wconf 87' lang='lat' dir='ltr'><strong>misericordia</strong></span> <span class='ocrx_word' id='word_1_517' title='bbox 951 4083 964 4102; x_wconf 89' lang='lat'><strong>,</strong></span> <span class='ocrx_word' id='word_1_518' title='bbox 995 4043 1086 4112; x_wconf 87' lang='lat' dir='ltr'><strong>qui</strong></span> <span class='ocrx_word' id='word_1_519' title='bbox 1111 4058 1209 4113; x_wconf 90' lang='lat' dir='ltr'><strong>per</strong></span> <span class='ocrx_word' id='word_1_520' title='bbox 1236 4045 1534 4113; x_wconf 85' lang='lat' dir='ltr'><strong>apostolum</strong></span> <span class='ocrx_word' id='word_1_521' title='bbox 1563 4059 1715 4097; x_wconf 88' lang='lat' dir='ltr'><strong>suum</strong></span> <span class='ocrx_word' id='word_1_522' title='bbox 1745 4043 1906 4107; x_wconf 86' lang='lat' dir='ltr'><strong>dicit,</strong></span> <span class='ocrx_word' id='word_1_523' title='bbox 1956 4053 2014 4097; x_wconf 89' lang='lat' dir='ltr'><strong>ut</strong></span> <span class='ocrx_word' id='word_1_524' title='bbox 2044 4060 2136 4098; x_wconf 86' lang='lat' dir='ltr'><strong>su-</strong></span> 
     </span>
    </p>
   </div>
   <div class='ocr_carea' id='block_1_79' title="bbox 551 4111 2138 4188">
    <p class='ocr_par' dir='ltr' id='par_1_79' title="bbox 551 4111 2138 4188">
     <span class='ocr_line' id='line_1_79' title="bbox 551 4111 2138 4188; baseline 0.001 -20"><span class='ocrx_word' id='word_1_525' title='bbox 551 4114 850 4188; x_wconf 76' lang='lat' dir='ltr'><strong>perexaltet</strong></span> <span class='ocrx_word' id='word_1_526' title='bbox 897 4111 1268 4168; x_wconf 87' lang='lat' dir='ltr'><strong>misericordia</strong></span> <span class='ocrx_word' id='word_1_527' title='bbox 1311 4111 1608 4188; x_wconf 80' lang='lat' dir='ltr'><strong>judicium,</strong></span> <span class='ocrx_word' id='word_1_528' title='bbox 1661 4121 1716 4166; x_wconf 90' lang='lat' dir='ltr'><strong>et</strong></span> <span class='ocrx_word' id='word_1_529' title='bbox 1765 4115 1830 4167; x_wconf 91' lang='lat' dir='ltr'><strong>de</strong></span> <span class='ocrx_word' id='word_1_530' title='bbox 1850 4115 2138 4188; x_wconf 80' lang='lat' dir='ltr'><strong>_c_ltaritate</strong></span> 
     </span>
    </p>
   </div>
   <div class='ocr_carea' id='block_1_80' title="bbox 551 4183 2134 4251">
    <p class='ocr_par' dir='ltr' id='par_1_80' title="bbox 551 4183 2134 4251">
     <span class='ocr_line' id='line_1_80' title="bbox 551 4183 2134 4251; baseline -0.002 -11"><span class='ocrx_word' id='word_1_531' title='bbox 551 4183 885 4240; x_wconf 62' lang='lat' dir='ltr'><strong>confratrum</strong></span> <span class='ocrx_word' id='word_1_532' title='bbox 915 4193 1255 4247; x_wconf 89' lang='lat' dir='ltr'><strong>nostrorum,</strong></span> <span class='ocrx_word' id='word_1_533' title='bbox 1302 4184 1672 4237; x_wconf 79' lang='lat' dir='ltr'><strong>exhortandus</strong></span> <span class='ocrx_word' id='word_1_534' title='bbox 1714 4193 1799 4237; x_wconf 87' lang='lat' dir='ltr'><strong>est</strong></span> <span class='ocrx_word' id='word_1_535' title='bbox 1849 4183 2134 4251; x_wconf 84' lang='lat' dir='ltr'><strong>Pippinus,</strong></span> 
     </span>
    </p>
   </div>
   <div class='ocr_carea' id='block_1_81' title="bbox 553 4253 2133 4325">
    <p class='ocr_par' dir='ltr' id='par_1_81' title="bbox 553 4253 2133 4325">
     <span class='ocr_line' id='line_1_81' title="bbox 553 4253 2133 4325; baseline 0 -17"><span class='ocrx_word' id='word_1_536' title='bbox 553 4265 611 4308; x_wconf 94' lang='lat' dir='ltr'><strong>ut</strong></span> <span class='ocrx_word' id='word_1_537' title='bbox 639 4270 829 4325; x_wconf 85' lang='lat' dir='ltr'><strong>puram</strong></span> <span class='ocrx_word' id='word_1_538' title='bbox 878 4253 1270 4308; x_wconf 82' lang='lat' dir='ltr'><strong>confessionem</strong></span> <span class='ocrx_word' id='word_1_539' title='bbox 1315 4255 1380 4325; x_wconf 76' lang='lat' dir='ltr'><strong>de</strong></span> <span class='ocrx_word' id='word_1_540' title='bbox 1425 4253 1677 4325; x_wconf 88' lang='lat' dir='ltr'><strong>omnibus</strong></span> <span class='ocrx_word' id='word_1_541' title='bbox 1722 4255 1957 4325; x_wconf 76' lang='lat' dir='ltr'><strong>peccatis</strong></span> <span class='ocrx_word' id='word_1_542' title='bbox 1988 4254 2133 4325; x_wconf 76' lang='lat' dir='ltr'><strong>suis,</strong></span> 
     </span>
    </p>
   </div>
   <div class='ocr_carea' id='block_1_82' title="bbox 553 4323 2132 4395">
    <p class='ocr_par' dir='ltr' id='par_1_82' title="bbox 553 4323 2132 4395">
     <span class='ocr_line' id='line_1_82' title="bbox 553 4323 2132 4395; baseline -0.001 -15"><span class='ocrx_word' id='word_1_543' title='bbox 553 4323 676 4395; x_wconf 58' lang='lat' dir='ltr'><strong>qua</strong></span> <span class='ocrx_word' id='word_1_544' title='bbox 716 4327 782 4395; x_wconf 77' lang='lat' dir='ltr'><strong>ab</strong></span> <span class='ocrx_word' id='word_1_545' title='bbox 813 4325 1052 4395; x_wconf 3' lang='lat' dir='ltr'><strong>ineunte,</strong></span> <span class='ocrx_word' id='word_1_546' title='bbox 1076 4334 1236 4377; x_wconf 67' lang='lat' dir='ltr'><strong>aetate</strong></span> <span class='ocrx_word' id='word_1_547' title='bbox 1283 4323 1641 4393; x_wconf 81' lang='lat' dir='ltr'><strong>perpetravit,</strong></span> <span class='ocrx_word' id='word_1_548' title='bbox 1689 4334 1896 4395; x_wconf 77' lang='lat' dir='ltr'><strong>secrete</strong></span> <span class='ocrx_word' id='word_1_549' title='bbox 1928 4323 2132 4395; x_wconf 79' lang='lat' dir='ltr'><strong>faciat:</strong></span> 
     </span>
    </p>
   </div>
   <div class='ocr_carea' id='block_1_83' title="bbox 553 4393 2138 4464">
    <p class='ocr_par' dir='ltr' id='par_1_83' title="bbox 553 4393 2138 4464">
     <span class='ocr_line' id='line_1_83' title="bbox 553 4393 2138 4464; baseline -0.001 -14"><span class='ocrx_word' id='word_1_550' title='bbox 553 4393 682 4464; x_wconf 74' lang='lat' dir='ltr'><strong>quia</strong></span> <span class='ocrx_word' id='word_1_551' title='bbox 710 4393 849 4449; x_wconf 87' lang='lat' dir='ltr'><strong>forte</strong></span> <span class='ocrx_word' id='word_1_552' title='bbox 877 4394 1000 4448; x_wconf 85' lang='lat' dir='ltr'><strong>talia</strong></span> <span class='ocrx_word' id='word_1_553' title='bbox 1030 4394 1186 4454; x_wconf 90' lang='lat' dir='ltr'><strong>fecit,</strong></span> <span class='ocrx_word' id='word_1_554' title='bbox 1229 4409 1350 4462; x_wconf 73' lang='lat' dir='ltr'><strong>qua:</strong></span> <span class='ocrx_word' id='word_1_555' title='bbox 1397 4403 1550 4462; x_wconf 86' lang='lat' dir='ltr'><strong>turpe</strong></span> <span class='ocrx_word' id='word_1_556' title='bbox 1578 4405 1660 4446; x_wconf 87' lang='lat' dir='ltr'><strong>est</strong></span> <span class='ocrx_word' id='word_1_557' title='bbox 1687 4394 1848 4448; x_wconf 86' lang='lat' dir='ltr'><strong>etiam</strong></span> <span class='ocrx_word' id='word_1_558' title='bbox 1881 4394 1933 4447; x_wconf 92' lang='lat' dir='ltr'><strong>in</strong></span> <span class='ocrx_word' id='word_1_559' title='bbox 1965 4394 2138 4463; x_wconf 86' lang='lat' dir='ltr'><strong>publi-</strong></span> 
     </span>
    </p>
   </div>
   <div class='ocr_carea' id='block_1_84' title="bbox 556 4464 2137 4534">
    <p class='ocr_par' dir='ltr' id='par_1_84' title="bbox 556 4464 2137 4534">
     <span class='ocr_line' id='line_1_84' title="bbox 556 4464 2137 4534; baseline -0.002 -15"><span class='ocrx_word' id='word_1_560' title='bbox 556 4481 681 4519; x_wconf 90' lang='lat' dir='ltr'><strong>cum</strong></span> <span class='ocrx_word' id='word_1_561' title='bbox 711 4465 892 4519; x_wconf 90' lang='lat' dir='ltr'><strong>dicere</strong></span> <span class='ocrx_word' id='word_1_562' title='bbox 922 4481 935 4516; x_wconf 88' lang='lat'>:</span> <span class='ocrx_word' id='word_1_563' title='bbox 967 4472 1023 4516; x_wconf 92' lang='lat' dir='ltr'><strong>et</strong></span> <span class='ocrx_word' id='word_1_564' title='bbox 1048 4465 1115 4517; x_wconf 89' lang='lat' dir='ltr'><strong>de</strong></span> <span class='ocrx_word' id='word_1_565' title='bbox 1141 4466 1243 4518; x_wconf 84' lang='lat' dir='ltr'><strong>hoc</strong></span> <span class='ocrx_word' id='word_1_566' title='bbox 1272 4465 1413 4534; x_wconf 87' lang='lat' dir='ltr'><strong>quod</strong></span> <span class='ocrx_word' id='word_1_567' title='bbox 1435 4479 1590 4518; x_wconf 90' lang='lat' dir='ltr'><strong>suum</strong></span> <span class='ocrx_word' id='word_1_568' title='bbox 1618 4464 1860 4534; x_wconf 83' lang='lat' dir='ltr'><strong>habitum</strong></span> <span class='ocrx_word' id='word_1_569' title='bbox 1891 4464 2137 4527; x_wconf 88' lang='lat' dir='ltr'><strong>dimisit,</strong></span> 
     </span>
    </p>
   </div>
   <div class='ocr_carea' id='block_1_85' title="bbox 557 4531 2139 4602">
    <p class='ocr_par' dir='ltr' id='par_1_85' title="bbox 557 4531 2139 4602">
     <span class='ocr_line' id='line_1_85' title="bbox 557 4531 2139 4602; baseline -0.001 -13"><span class='ocrx_word' id='word_1_570' title='bbox 557 4544 617 4589; x_wconf 91' lang='lat' dir='ltr'><strong>et</strong></span> <span class='ocrx_word' id='word_1_571' title='bbox 643 4549 701 4588; x_wconf 86' lang='lat' dir='ltr'><strong>se</strong></span> <span class='ocrx_word' id='word_1_572' title='bbox 730 4535 1057 4602; x_wconf 74' lang='lat' dir='ltr'><strong>periuravit,</strong></span> <span class='ocrx_word' id='word_1_573' title='bbox 1103 4545 1155 4587; x_wconf 92' lang='lat' dir='ltr'><strong>et</strong></span> <span class='ocrx_word' id='word_1_574' title='bbox 1187 4531 1310 4599; x_wconf 80' lang='lat' dir='ltr'><strong>quia</strong></span> <span class='ocrx_word' id='word_1_575' title='bbox 1351 4550 1472 4586; x_wconf 87' lang='lat' dir='ltr'><strong>cum</strong></span> <span class='ocrx_word' id='word_1_576' title='bbox 1505 4533 1726 4602; x_wconf 85' lang='lat' dir='ltr'><strong>paganis</strong></span> <span class='ocrx_word' id='word_1_577' title='bbox 1753 4548 1810 4585; x_wconf 87' lang='lat' dir='ltr'><strong>se</strong></span> <span class='ocrx_word' id='word_1_578' title='bbox 1835 4531 2016 4600; x_wconf 78' lang='lat' dir='ltr'><strong>junxit</strong></span> <span class='ocrx_word' id='word_1_579' title='bbox 2040 4534 2139 4602; x_wconf 89' lang='lat' dir='ltr'><strong>(de</strong></span> 
     </span>
    </p>
   </div>
   <div class='ocr_carea' id='block_1_86' title="bbox 556 4601 2136 4672">
    <p class='ocr_par' dir='ltr' id='par_1_86' title="bbox 556 4601 2136 4672">
     <span class='ocr_line' id='line_1_86' title="bbox 556 4601 2136 4672; baseline 0 -16"><span class='ocrx_word' id='word_1_580' title='bbox 556 4617 662 4670; x_wconf 86' lang='lat' dir='ltr'><strong>qua</strong></span> <span class='ocrx_word' id='word_1_581' title='bbox 692 4618 788 4654; x_wconf 89' lang='lat' dir='ltr'><strong>sua</strong></span> <span class='ocrx_word' id='word_1_582' title='bbox 819 4601 1195 4672; x_wconf 86' lang='lat' dir='ltr'><strong>conjunctione</strong></span> <span class='ocrx_word' id='word_1_583' title='bbox 1241 4601 1406 4672; x_wconf 85' lang='lat' dir='ltr'><strong>multa</strong></span> <span class='ocrx_word' id='word_1_584' title='bbox 1435 4601 1574 4656; x_wconf 84' lang='lat' dir='ltr'><strong>mala</strong></span> <span class='ocrx_word' id='word_1_585' title='bbox 1602 4610 1727 4656; x_wconf 91' lang='lat' dir='ltr'><strong>sunt</strong></span> <span class='ocrx_word' id='word_1_586' title='bbox 1762 4601 2136 4672; x_wconf 88' lang='lat' dir='ltr'><strong>perpetrata),</strong></span> 
     </span>
    </p>
   </div>
   <div class='ocr_carea' id='block_1_87' title="bbox 557 4671 2140 4741">
    <p class='ocr_par' dir='ltr' id='par_1_87' title="bbox 557 4671 2140 4741">
     <span class='ocr_line' id='line_1_87' title="bbox 557 4671 2140 4741; baseline -0.001 -15"><span class='ocrx_word' id='word_1_587' title='bbox 557 4686 741 4726; x_wconf 89' lang='lat' dir='ltr'><strong>coram</strong></span> <span class='ocrx_word' id='word_1_588' title='bbox 765 4671 992 4725; x_wconf 85' lang='lat' dir='ltr'><strong>ecclesia</strong></span> <span class='ocrx_word' id='word_1_589' title='bbox 1021 4673 1161 4725; x_wconf 88' lang='lat' dir='ltr'><strong>inter</strong></span> <span class='ocrx_word' id='word_1_590' title='bbox 1197 4671 1410 4741; x_wconf 90' lang='lat' dir='ltr'><strong>puhlice</strong></span> <span class='ocrx_word' id='word_1_591' title='bbox 1433 4673 1756 4741; x_wconf 63' lang='lat' dir='ltr'><strong>peanitentes</strong></span> <span class='ocrx_word' id='word_1_592' title='bbox 1786 4686 1842 4725; x_wconf 86' lang='lat' dir='ltr'><strong>se</strong></span> <span class='ocrx_word' id='word_1_593' title='bbox 1869 4671 2140 4741; x_wconf 83' lang='lat' dir='ltr'><strong>lacryma-</strong></span> 
     </span>
    </p>
   </div>
   <div class='ocr_carea' id='block_1_88' title="bbox 557 4741 2138 4810">
    <p class='ocr_par' dir='ltr' id='par_1_88' title="bbox 557 4741 2138 4810">
     <span class='ocr_line' id='line_1_88' title="bbox 557 4741 2138 4810; baseline -0.001 -14"><span class='ocrx_word' id='word_1_594' title='bbox 557 4741 738 4796; x_wconf 88' lang='lat' dir='ltr'><strong>biliter</strong></span> <span class='ocrx_word' id='word_1_595' title='bbox 767 4749 1017 4804; x_wconf 87' lang='lat' dir='ltr'><strong>accuset,</strong></span> <span class='ocrx_word' id='word_1_596' title='bbox 1062 4750 1116 4794; x_wconf 90' lang='lat' dir='ltr'><strong>et</strong></span> <span class='ocrx_word' id='word_1_597' title='bbox 1143 4741 1515 4810; x_wconf 75' lang='lat' dir='ltr'><strong>pwnitentiam</strong></span> <span class='ocrx_word' id='word_1_598' title='bbox 1546 4751 1601 4796; x_wconf 89' lang='lat' dir='ltr'><strong>et</strong></span> <span class='ocrx_word' id='word_1_599' title='bbox 1646 4741 2138 4796; x_wconf 88' lang='lat' dir='ltr'><strong>reconciliationem</strong></span> 
     </span>
    </p>
   </div>
   <div class='ocr_carea' id='block_1_89' title="bbox 558 4811 2139 4880">
    <p class='ocr_par' dir='ltr' id='par_1_89' title="bbox 558 4811 2139 4880">
     <span class='ocr_line' id='line_1_89' title="bbox 558 4811 2139 4880; baseline 0 -14"><span class='ocrx_word' id='word_1_600' title='bbox 558 4811 835 4880; x_wconf 87' lang='lat' dir='ltr'><strong>humiliter</strong></span> <span class='ocrx_word' id='word_1_601' title='bbox 877 4819 1060 4880; x_wconf 89' lang='lat' dir='ltr'><strong>petat:</strong></span> <span class='ocrx_word' id='word_1_602' title='bbox 1111 4820 1167 4863; x_wconf 91' lang='lat' dir='ltr'><strong>et</strong></span> <span class='ocrx_word' id='word_1_603' title='bbox 1205 4812 1269 4864; x_wconf 92' lang='lat' dir='ltr'><strong>de</strong></span> <span class='ocrx_word' id='word_1_604' title='bbox 1304 4811 1586 4875; x_wconf 88' lang='lat' dir='ltr'><strong>omnibus,</strong></span> <span class='ocrx_word' id='word_1_605' title='bbox 1637 4827 1756 4880; x_wconf 69' lang='lat' dir='ltr'><strong>quze</strong></span> <span class='ocrx_word' id='word_1_606' title='bbox 1800 4811 1879 4863; x_wconf 85' lang='lat' dir='ltr'><strong>vel</strong></span> <span class='ocrx_word' id='word_1_607' title='bbox 1929 4822 2139 4867; x_wconf 86' lang='lat' dir='ltr'><strong>secrete</strong></span> 
     </span>
    </p>
   </div>
   <div class='ocr_carea' id='block_1_90' title="bbox 557 4879 2140 4951">
    <p class='ocr_par' dir='ltr' id='par_1_90' title="bbox 557 4879 2140 4951">
     <span class='ocr_line' id='line_1_90' title="bbox 557 4879 2140 4951; baseline -0.002 -15"><span class='ocrx_word' id='word_1_608' title='bbox 557 4879 840 4936; x_wconf 86' lang='lat' dir='ltr'><strong>confessus</strong></span> <span class='ocrx_word' id='word_1_609' title='bbox 864 4879 1042 4944; x_wconf 80' lang='lat' dir='ltr'><strong>fuerit,</strong></span> <span class='ocrx_word' id='word_1_610' title='bbox 1075 4882 1155 4934; x_wconf 86' lang='lat' dir='ltr'><strong>vel</strong></span> <span class='ocrx_word' id='word_1_611' title='bbox 1184 4880 1395 4951; x_wconf 86' lang='lat' dir='ltr'><strong>publice</strong></span> <span class='ocrx_word' id='word_1_612' title='bbox 1424 4896 1482 4934; x_wconf 91' lang='lat' dir='ltr'><strong>se</strong></span> <span class='ocrx_word' id='word_1_613' title='bbox 1512 4879 1873 4945; x_wconf 81' lang='lat' dir='ltr'><strong>accuSaverit,</strong></span> <span class='ocrx_word' id='word_1_614' title='bbox 1903 4898 1999 4951; x_wconf 89' lang='lat' dir='ltr'><strong>per</strong></span> <span class='ocrx_word' id='word_1_615' title='bbox 2027 4898 2140 4934; x_wconf 86' lang='lat' dir='ltr'><strong>ma-</strong></span> 
     </span>
    </p>
   </div>
   <div class='ocr_carea' id='block_1_91' title="bbox 557 4951 2141 5034">
    <p class='ocr_par' dir='ltr' id='par_1_91' title="bbox 557 4951 2141 5034">
     <span class='ocr_line' id='line_1_91' title="bbox 557 4951 2141 5034; baseline 0.001 -28"><span class='ocrx_word' id='word_1_616' title='bbox 557 4967 661 5006; x_wconf 89' lang='lat' dir='ltr'><strong>nus</strong></span> <span class='ocrx_word' id='word_1_617' title='bbox 725 4952 1122 5034; x_wconf 57' lang='lat' dir='ltr'><strong>itiipositiOIIetn</strong></span> <span class='ocrx_word' id='word_1_618' title='bbox 1173 4951 1880 5034; x_wconf 55' lang='lat' dir='ltr'><strong>episcopalisauctoritatis</strong></span> <span class='ocrx_word' id='word_1_619' title='bbox 1928 4952 2141 5034; x_wconf 73' lang='lat' dir='ltr'><strong>publice</strong></span> 
     </span>
    </p>
   </div>
   <div class='ocr_carea' id='block_1_92' title="bbox 558 5021 2137 5082">
    <p class='ocr_par' dir='ltr' id='par_1_92' title="bbox 558 5021 2137 5082">
     <span class='ocr_line' id='line_1_92' title="bbox 558 5021 2137 5082; baseline 0 -6"><span class='ocrx_word' id='word_1_620' title='bbox 558 5021 957 5082; x_wconf 86' lang='lat' dir='ltr'><strong>reconcilietur,</strong></span> <span class='ocrx_word' id='word_1_621' title='bbox 1003 5030 1056 5075; x_wconf 91' lang='lat' dir='ltr'><strong>et</strong></span> <span class='ocrx_word' id='word_1_622' title='bbox 1093 5021 1470 5076; x_wconf 89' lang='lat' dir='ltr'><strong>reconciliatus</strong></span> <span class='ocrx_word' id='word_1_623' title='bbox 1515 5030 1792 5075; x_wconf 87' lang='lat' dir='ltr'><strong>tonsuram</strong></span> <span class='ocrx_word' id='word_1_624' title='bbox 1832 5022 2137 5076; x_wconf 84' lang='lat' dir='ltr'><strong>clericalem</strong></span> 
     </span>
    </p>
   </div>
   <div class='ocr_carea' id='block_1_93' title="bbox 558 5091 2141 5161">
    <p class='ocr_par' dir='ltr' id='par_1_93' title="bbox 558 5091 2141 5161">
     <span class='ocr_line' id='line_1_93' title="bbox 558 5091 2141 5161; baseline -0.001 -16"><span class='ocrx_word' id='word_1_625' title='bbox 558 5095 819 5161; x_wconf 75' lang='lat' dir='ltr'><strong>acezpiat,</strong></span> <span class='ocrx_word' id='word_1_626' title='bbox 867 5099 922 5145; x_wconf 93' lang='lat' dir='ltr'><strong>et</strong></span> <span class='ocrx_word' id='word_1_627' title='bbox 948 5091 1186 5145; x_wconf 88' lang='lat' dir='ltr'><strong>habitum</strong></span> <span class='ocrx_word' id='word_1_628' title='bbox 1220 5093 1572 5145; x_wconf 89' lang='lat' dir='ltr'><strong>monasticum</strong></span> <span class='ocrx_word' id='word_1_629' title='bbox 1605 5091 1858 5160; x_wconf 89' lang='lat' dir='ltr'><strong>recipiat,</strong></span> <span class='ocrx_word' id='word_1_630' title='bbox 1901 5101 1957 5144; x_wconf 90' lang='lat' dir='ltr'><strong>et</strong></span> <span class='ocrx_word' id='word_1_631' title='bbox 1983 5093 2141 5160; x_wconf 84' lang='lat' dir='ltr'><strong>proli-</strong></span> 
     </span>
    </p>
   </div>
   <div class='ocr_carea' id='block_1_94' title="bbox 561 5161 2141 5231">
    <p class='ocr_par' dir='ltr' id='par_1_94' title="bbox 561 5161 2141 5231">
     <span class='ocr_line' id='line_1_94' title="bbox 561 5161 2141 5231; baseline 0.001 -16"><span class='ocrx_word' id='word_1_632' title='bbox 561 5171 739 5217; x_wconf 88' lang='lat' dir='ltr'><strong>teatur</strong></span> <span class='ocrx_word' id='word_1_633' title='bbox 765 5164 833 5216; x_wconf 92' lang='lat' dir='ltr'><strong>de</strong></span> <span class='ocrx_word' id='word_1_634' title='bbox 857 5170 1054 5216; x_wconf 71' lang='lat' dir='ltr'><strong>czetero</strong></span> <span class='ocrx_word' id='word_1_635' title='bbox 1085 5177 1303 5216; x_wconf 89' lang='lat' dir='ltr'><strong>servare</strong></span> <span class='ocrx_word' id='word_1_636' title='bbox 1329 5177 1452 5230; x_wconf 70' lang='lat' dir='ltr'><strong>qua:</strong></span> <span class='ocrx_word' id='word_1_637' title='bbox 1491 5161 1693 5231; x_wconf 80' lang='lat' dir='ltr'><strong>expetit</strong></span> <span class='ocrx_word' id='word_1_638' title='bbox 1717 5172 1772 5215; x_wconf 93' lang='lat' dir='ltr'><strong>et</strong></span> <span class='ocrx_word' id='word_1_639' title='bbox 1795 5162 2010 5231; x_wconf 64' lang='lat' dir='ltr'><strong>expedit</strong></span> <span class='ocrx_word' id='word_1_640' title='bbox 2037 5179 2050 5214; x_wconf 88' lang='lat'><strong>:</strong></span> <span class='ocrx_word' id='word_1_641' title='bbox 2087 5171 2141 5216; x_wconf 88' lang='lat' dir='ltr'><strong>et</strong></span> 
     </span>
    </p>
   </div>
   <div class='ocr_carea' id='block_1_95' title="bbox 560 5229 2124 5303">
    <p class='ocr_par' dir='ltr' id='par_1_95' title="bbox 560 5229 2124 5303">
     <span class='ocr_line' id='line_1_95' title="bbox 560 5229 2124 5303; baseline -0.001 -17"><span class='ocrx_word' id='word_1_642' title='bbox 560 5231 640 5286; x_wconf 90' lang='lat' dir='ltr'><strong>sic</strong></span> <span class='ocrx_word' id='word_1_643' title='bbox 673 5231 1104 5303; x_wconf 86' lang='lat' dir='ltr'><strong>communionem</strong></span> <span class='ocrx_word' id='word_1_644' title='bbox 1129 5231 1265 5285; x_wconf 79' lang='lat' dir='ltr'><strong>sacri</strong></span> <span class='ocrx_word' id='word_1_645' title='bbox 1299 5229 1486 5285; x_wconf 85' lang='lat' dir='ltr'><strong>altaris</strong></span> <span class='ocrx_word' id='word_1_646' title='bbox 1511 5229 1758 5303; x_wconf 71' lang='lat' dir='ltr'><strong>recipiat.</strong></span> <span class='ocrx_word' id='word_1_647' title='bbox 1794 5229 2124 5303; x_wconf 75' lang='lat' dir='ltr'><strong>Reconcilia-</strong></span> 
     </span>
    </p>
   </div>
   <div class='ocr_carea' id='block_1_96' title="bbox 533 5300 2125 5364">
    <p class='ocr_par' dir='ltr' id='par_1_96' title="bbox 533 5300 2125 5364">
     <span class='ocr_line' id='line_1_96' title="bbox 533 5300 2125 5364; baseline -0.002 -9"><span class='ocrx_word' id='word_1_648' title='bbox 533 5301 649 5355; x_wconf 30' lang='lat' dir='ltr'><strong>‘tus</strong></span> <span class='ocrx_word' id='word_1_649' title='bbox 674 5314 854 5358; x_wconf 89' lang='lat' dir='ltr'><strong>autem</strong></span> <span class='ocrx_word' id='word_1_650' title='bbox 897 5301 1033 5354; x_wconf 86' lang='lat' dir='ltr'><strong>bene</strong></span> <span class='ocrx_word' id='word_1_651' title='bbox 1063 5309 1339 5364; x_wconf 90' lang='lat' dir='ltr'><strong>tractetur,</strong></span> <span class='ocrx_word' id='word_1_652' title='bbox 1367 5312 1425 5354; x_wconf 92' lang='lat' dir='ltr'><strong>ut</strong></span> <span class='ocrx_word' id='word_1_653' title='bbox 1454 5301 1543 5355; x_wconf 90' lang='lat' dir='ltr'><strong>tali</strong></span> <span class='ocrx_word' id='word_1_654' title='bbox 1578 5300 1696 5354; x_wconf 85' lang='lat' dir='ltr'><strong>loco</strong></span> <span class='ocrx_word' id='word_1_655' title='bbox 1722 5302 1822 5354; x_wconf 92' lang='lat' dir='ltr'><strong>sub</strong></span> <span class='ocrx_word' id='word_1_656' title='bbox 1852 5300 2016 5353; x_wconf 88' lang='lat' dir='ltr'><strong>libera</strong></span> <span class='ocrx_word' id='word_1_657' title='bbox 2047 5316 2125 5354; x_wconf 74' lang='lat' dir='ltr'><strong>cu.</strong></span> 
     </span>
    </p>
   </div>
   <div class='ocr_carea' id='block_1_97' title="bbox 559 5371 2142 5435">
    <p class='ocr_par' dir='ltr' id='par_1_97' title="bbox 559 5371 2142 5435">
     <span class='ocr_line' id='line_1_97' title="bbox 559 5371 2142 5435; baseline -0.003 -9"><span class='ocrx_word' id='word_1_658' title='bbox 559 5371 734 5427; x_wconf 73' lang='lat' dir='ltr'><strong>stadia</strong></span> <span class='ocrx_word' id='word_1_659' title='bbox 765 5371 1188 5426; x_wconf 88' lang='lat' dir='ltr'><strong>misericorditer</strong></span> <span class='ocrx_word' id='word_1_660' title='bbox 1215 5373 1568 5435; x_wconf 86' lang='lat' dir='ltr'><strong>custodiatur,</strong></span> <span class='ocrx_word' id='word_1_661' title='bbox 1602 5380 1657 5422; x_wconf 91' lang='lat' dir='ltr'><strong>et</strong></span> <span class='ocrx_word' id='word_1_662' title='bbox 1681 5371 1930 5424; x_wconf 85' lang='lat' dir='ltr'><strong>custodes</strong></span> <span class='ocrx_word' id='word_1_663' title='bbox 1956 5385 2142 5423; x_wconf 89' lang='lat' dir='ltr'><strong>mona-</strong></span> 
     </span>
    </p>
   </div>
   <div class='ocr_carea' id='block_1_98' title="bbox 559 5441 2144 5510">
    <p class='ocr_par' dir='ltr' id='par_1_98' title="bbox 559 5441 2144 5510">
     <span class='ocr_line' id='line_1_98' title="bbox 559 5441 2144 5510; baseline -0.003 -14"><span class='ocrx_word' id='word_1_664' title='bbox 559 5443 695 5496; x_wconf 88' lang='lat' dir='ltr'><strong>chos</strong></span> <span class='ocrx_word' id='word_1_665' title='bbox 734 5457 799 5497; x_wconf 90' lang='lat' dir='ltr'><strong>ac</strong></span> <span class='ocrx_word' id='word_1_666' title='bbox 831 5443 1000 5495; x_wconf 90' lang='lat' dir='ltr'><strong>honos</strong></span> <span class='ocrx_word' id='word_1_667' title='bbox 1029 5441 1342 5505; x_wconf 87' lang='lat' dir='ltr'><strong>canouieos,</strong></span> <span class='ocrx_word' id='word_1_668' title='bbox 1382 5442 1474 5510; x_wconf 91' lang='lat' dir='ltr'><strong>qui</strong></span> <span class='ocrx_word' id='word_1_669' title='bbox 1519 5456 1642 5496; x_wconf 89' lang='lat' dir='ltr'><strong>eum</strong></span> <span class='ocrx_word' id='word_1_670' title='bbox 1683 5441 2055 5502; x_wconf 78' lang='lat' dir='ltr'><strong>exhortentur,</strong></span> <span class='ocrx_word' id='word_1_671' title='bbox 2089 5447 2144 5494; x_wconf 91' lang='lat' dir='ltr'><strong>et</strong></span> 
     </span>
    </p>
   </div>
   <div class='ocr_carea' id='block_1_99' title="bbox 560 5510 2140 5580">
    <p class='ocr_par' dir='ltr' id='par_1_99' title="bbox 560 5510 2140 5580">
     <span class='ocr_line' id='line_1_99' title="bbox 560 5510 2140 5580; baseline -0.001 -15"><span class='ocrx_word' id='word_1_672' title='bbox 560 5526 792 5580; x_wconf 88' lang='lat' dir='ltr'><strong>quorum</strong></span> <span class='ocrx_word' id='word_1_673' title='bbox 821 5511 1065 5566; x_wconf 89' lang='lat' dir='ltr'><strong>doctrina</strong></span> <span class='ocrx_word' id='word_1_674' title='bbox 1089 5519 1142 5564; x_wconf 90' lang='lat' dir='ltr'><strong>et</strong></span> <span class='ocrx_word' id='word_1_675' title='bbox 1165 5511 1410 5580; x_wconf 76' lang='lat' dir='ltr'><strong>exemplo</strong></span> <span class='ocrx_word' id='word_1_676' title='bbox 1437 5513 1574 5566; x_wconf 90' lang='lat' dir='ltr'><strong>bene</strong></span> <span class='ocrx_word' id='word_1_677' title='bbox 1603 5510 1669 5565; x_wconf 89' lang='lat' dir='ltr'><strong>de</strong></span> <span class='ocrx_word' id='word_1_678' title='bbox 1697 5521 1891 5566; x_wconf 64' lang='lat' dir='ltr'><strong>caetero</strong></span> <span class='ocrx_word' id='word_1_679' title='bbox 1933 5511 2140 5573; x_wconf 87' lang='lat' dir='ltr'><strong>vivere,</strong></span> 
     </span>
    </p>
   </div>
   <div class='ocr_carea' id='block_1_100' title="bbox 497 5580 2141 5661">
    <p class='ocr_par' dir='ltr' id='par_1_100' title="bbox 497 5580 2141 5661">
     <span class='ocr_line' id='line_1_100' title="bbox 497 5580 2141 5661; baseline -0.002 -26"><span class='ocrx_word' id='word_1_680' title='bbox 497 5606 515 5622; x_wconf 86' lang='lat'><strong>-</strong></span> <span class='ocrx_word' id='word_1_681' title='bbox 561 5592 616 5636; x_wconf 90' lang='lat' dir='ltr'><strong>et</strong></span> <span class='ocrx_word' id='word_1_682' title='bbox 657 5582 930 5661; x_wconf 65' lang='lat' dir='ltr'><strong>praaterita</strong></span> <span class='ocrx_word' id='word_1_683' title='bbox 980 5589 1202 5661; x_wconf 78' lang='lat' dir='ltr'><strong>peccata</strong></span> <span class='ocrx_word' id='word_1_684' title='bbox 1246 5581 1504 5661; x_wconf 75' lang='lat' dir='ltr'><strong>plangere</strong></span> <span class='ocrx_word' id='word_1_685' title='bbox 1545 5580 1764 5661; x_wconf 68' lang='lat' dir='ltr'><strong>discat:</strong></span> <span class='ocrx_word' id='word_1_686' title='bbox 1813 5590 2141 5661; x_wconf 44' lang='lat' dir='ltr'><strong>ethquorum</strong></span> 
     </span>
    </p>
   </div>
   <div class='ocr_carea' id='block_1_101' title="bbox 560 5649 2148 5719">
    <p class='ocr_par' dir='ltr' id='par_1_101' title="bbox 560 5649 2148 5719">
     <span class='ocr_line' id='line_1_101' title="bbox 560 5649 2148 5719; baseline -0.001 -15"><span class='ocrx_word' id='word_1_687' title='bbox 560 5649 895 5719; x_wconf 78' lang='lat' dir='ltr'><strong>providentia</strong></span> <span class='ocrx_word' id='word_1_688' title='bbox 941 5659 997 5706; x_wconf 91' lang='lat' dir='ltr'><strong>et</strong></span> <span class='ocrx_word' id='word_1_689' title='bbox 1036 5651 1138 5706; x_wconf 91' lang='lat' dir='ltr'><strong>loci</strong></span> <span class='ocrx_word' id='word_1_690' title='bbox 1170 5649 1542 5705; x_wconf 86' lang='lat' dir='ltr'><strong>convenientia</strong></span> <span class='ocrx_word' id='word_1_691' title='bbox 1577 5651 1647 5702; x_wconf 91' lang='lat' dir='ltr'><strong>ita</strong></span> <span class='ocrx_word' id='word_1_692' title='bbox 1687 5649 2042 5715; x_wconf 90' lang='lat' dir='ltr'><strong>custodiatur,</strong></span> <span class='ocrx_word' id='word_1_693' title='bbox 2087 5659 2148 5703; x_wconf 88' lang='lat' dir='ltr'><strong>ut</strong></span> 
     </span>
    </p>
   </div>
   <div class='ocr_carea' id='block_1_102' title="bbox 561 5719 2145 5789">
    <p class='ocr_par' dir='ltr' id='par_1_102' title="bbox 561 5719 2145 5789">
     <span class='ocr_line' id='line_1_102' title="bbox 561 5719 2145 5789; baseline 0.002 -17"><span class='ocrx_word' id='word_1_694' title='bbox 561 5720 628 5774; x_wconf 75' lang='lat' dir='ltr'><strong>ad</strong></span> <span class='ocrx_word' id='word_1_695' title='bbox 655 5721 940 5789; x_wconf 82' lang='lat' dir='ltr'><strong>pristinum</strong></span> <span class='ocrx_word' id='word_1_696' title='bbox 968 5719 1226 5778; x_wconf 85' lang='lat' dir='ltr'><strong>vomitum</strong></span> <span class='ocrx_word' id='word_1_697' title='bbox 1254 5721 1431 5777; x_wconf 88' lang='lat' dir='ltr'><strong>redire</strong></span> <span class='ocrx_word' id='word_1_698' title='bbox 1460 5729 1720 5789; x_wconf 85' lang='lat' dir='ltr'><strong>nequeat,</strong></span> <span class='ocrx_word' id='word_1_699' title='bbox 1772 5721 1984 5777; x_wconf 87' lang='lat' dir='ltr'><strong>etiamsi</strong></span> <span class='ocrx_word' id='word_1_700' title='bbox 2025 5720 2145 5775; x_wconf 88' lang='lat' dir='ltr'><strong>dia-</strong></span> 
     </span>
    </p>
   </div>
   <div class='ocr_carea' id='block_1_103' title="bbox 2247 4037 3845 4108">
    <p class='ocr_par' dir='ltr' id='par_1_103' title="bbox 2247 4037 3845 4108">
     <span class='ocr_line' id='line_1_103' title="bbox 2247 4037 3845 4108; baseline -0.005 -8"><span class='ocrx_word' id='word_1_701' title='bbox 2247 4046 2370 4100; x_wconf 89' lang='lat' dir='ltr'><strong>bolo</strong></span> <span class='ocrx_word' id='word_1_702' title='bbox 2393 4044 2654 4099; x_wconf 89' lang='lat' dir='ltr'><strong>suadente</strong></span> <span class='ocrx_word' id='word_1_703' title='bbox 2683 4043 2912 4097; x_wconf 89' lang='lat' dir='ltr'><strong>volnerit</strong></span> <span class='ocrx_word' id='word_1_704' title='bbox 2939 4059 2954 4096; x_wconf 91' lang='lat'><strong>:</strong></span> <span class='ocrx_word' id='word_1_705' title='bbox 2980 4050 3034 4096; x_wconf 91' lang='lat' dir='ltr'><strong>et</strong></span> <span class='ocrx_word' id='word_1_706' title='bbox 3061 4037 3364 4096; x_wconf 86' lang='lat' dir='ltr'><strong>redivivum</strong></span> <span class='ocrx_word' id='word_1_707' title='bbox 3398 4038 3722 4094; x_wconf 81' lang='lat' dir='ltr'><strong>scandalum</strong></span> <span class='ocrx_word' id='word_1_708' title='bbox 3747 4053 3845 4108; x_wconf 85' lang='lat' dir='ltr'><strong>per</strong></span> 
     </span>
    </p>
   </div>
   <div class='ocr_carea' id='block_1_104' title="bbox 2241 4110 3844 4170">
    <p class='ocr_par' dir='ltr' id='par_1_104' title="bbox 2241 4110 3844 4170">
     <span class='ocr_line' id='line_1_104' title="bbox 2241 4110 3844 4170; baseline -0.004 0"><span class='ocrx_word' id='word_1_709' title='bbox 2241 4133 2365 4170; x_wconf 88' lang='lat' dir='ltr'><strong>eum</strong></span> <span class='ocrx_word' id='word_1_710' title='bbox 2399 4117 2450 4168; x_wconf 91' lang='lat' dir='ltr'><strong>in</strong></span> <span class='ocrx_word' id='word_1_711' title='bbox 2477 4125 2663 4168; x_wconf 87' lang='lat' dir='ltr'><strong>sancta</strong></span> <span class='ocrx_word' id='word_1_712' title='bbox 2694 4115 2931 4170; x_wconf 86' lang='lat' dir='ltr'><strong>Ecclesia</strong></span> <span class='ocrx_word' id='word_1_713' title='bbox 2962 4122 3018 4168; x_wconf 92' lang='lat' dir='ltr'><strong>et</strong></span> <span class='ocrx_word' id='word_1_714' title='bbox 3046 4115 3098 4166; x_wconf 93' lang='lat' dir='ltr'><strong>in</strong></span> <span class='ocrx_word' id='word_1_715' title='bbox 3137 4113 3237 4164; x_wconf 90' lang='lat' dir='ltr'><strong>ista</strong></span> <span class='ocrx_word' id='word_1_716' title='bbox 3266 4110 3690 4165; x_wconf 87' lang='lat' dir='ltr'><strong>Christianitate</strong></span> <span class='ocrx_word' id='word_1_717' title='bbox 3717 4111 3844 4164; x_wconf 89' lang='lat' dir='ltr'><strong>oriri</strong></span> 
     </span>
    </p>
   </div>
   <div class='ocr_carea' id='block_1_105' title="bbox 2241 4179 3844 4254">
    <p class='ocr_par' dir='ltr' id='par_1_105' title="bbox 2241 4179 3844 4254">
     <span class='ocr_line' id='line_1_105' title="bbox 2241 4179 3844 4254; baseline -0.006 -14"><span class='ocrx_word' id='word_1_718' title='bbox 2241 4203 2348 4241; x_wconf 88' lang='lat' dir='ltr'><strong>non</strong></span> <span class='ocrx_word' id='word_1_719' title='bbox 2379 4186 2566 4254; x_wconf 87' lang='lat' dir='ltr'><strong>possit.</strong></span> <span class='ocrx_word' id='word_1_720' title='bbox 2598 4185 2820 4253; x_wconf 89' lang='lat' dir='ltr'><strong>Accipe,</strong></span> <span class='ocrx_word' id='word_1_721' title='bbox 2858 4193 3010 4252; x_wconf 80' lang='lat' dir='ltr'><strong>pater</strong></span> <span class='ocrx_word' id='word_1_722' title='bbox 3035 4195 3089 4237; x_wconf 92' lang='lat' dir='ltr'><strong>et</strong></span> <span class='ocrx_word' id='word_1_723' title='bbox 3116 4181 3185 4254; x_wconf 84' lang='lat' dir='ltr'><strong>lil_.i</strong></span> <span class='ocrx_word' id='word_1_724' title='bbox 3207 4222 3221 4243; x_wconf 91' lang='lat'><strong>,</strong></span> <span class='ocrx_word' id='word_1_725' title='bbox 3262 4183 3421 4254; x_wconf 86' lang='lat' dir='ltr'><strong>istam</strong></span> <span class='ocrx_word' id='word_1_726' title='bbox 3448 4179 3691 4234; x_wconf 85' lang='lat' dir='ltr'><strong>rotulam</strong></span> <span class='ocrx_word' id='word_1_727' title='bbox 3713 4180 3844 4254; x_wconf 24' lang='lat' dir='ltr'><strong>,__s_e‘l</strong></span> 
     </span>
    </p>
   </div>
   <div class='ocr_carea' id='block_1_106' title="bbox 2239 4249 3847 4324">
    <p class='ocr_par' dir='ltr' id='par_1_106' title="bbox 2239 4249 3847 4324">
     <span class='ocr_line' id='line_1_106' title="bbox 2239 4249 3847 4324; baseline -0.004 -15"><span class='ocrx_word' id='word_1_728' title='bbox 2239 4266 2293 4310; x_wconf 92' lang='lat' dir='ltr'><strong>et</strong></span> <span class='ocrx_word' id='word_1_729' title='bbox 2317 4249 2459 4309; x_wconf 75' lang='lat' dir='ltr'><strong>illam</strong></span> <span class='ocrx_word' id='word_1_730' title='bbox 2485 4257 2550 4308; x_wconf 87' lang='lat' dir='ltr'><strong>de</strong></span> <span class='ocrx_word' id='word_1_731' title='bbox 2576 4249 2896 4324; x_wconf 74' lang='lat' dir='ltr'><strong>cognatione</strong></span> <span class='ocrx_word' id='word_1_732' title='bbox 2921 4269 3025 4306; x_wconf 92' lang='lat' dir='ltr'><strong>non</strong></span> <span class='ocrx_word' id='word_1_733' title='bbox 3054 4249 3450 4324; x_wconf 74' lang='lat' dir='ltr'><strong>coniungenda,</strong></span> <span class='ocrx_word' id='word_1_734' title='bbox 3477 4257 3537 4324; x_wconf 86' lang='lat' dir='ltr'><strong>e_t</strong></span> <span class='ocrx_word' id='word_1_735' title='bbox 3555 4258 3709 4324; x_wconf 75' lang='lat' dir='ltr'><strong>porta</strong></span> <span class='ocrx_word' id='word_1_736' title='bbox 3735 4249 3847 4303; x_wconf 84' lang='lat' dir='ltr'><strong>illas</strong></span> 
     </span>
    </p>
   </div>
   <div class='ocr_carea' id='block_1_107' title="bbox 2240 4319 3846 4393">
    <p class='ocr_par' dir='ltr' id='par_1_107' title="bbox 2240 4319 3846 4393">
     <span class='ocr_line' id='line_1_107' title="bbox 2240 4319 3846 4393; baseline -0.005 -13"><span class='ocrx_word' id='word_1_737' title='bbox 2240 4327 2438 4381; x_wconf 71' lang='lat' dir='ltr'><strong>doznno</strong></span> <span class='ocrx_word' id='word_1_738' title='bbox 2468 4327 2614 4392; x_wconf 78' lang='lat' dir='ltr'><strong>regi,</strong></span> <span class='ocrx_word' id='word_1_739' title='bbox 2646 4319 2719 4378; x_wconf 70' lang='grc' dir='ltr'><strong>ἐι</strong></span> <span class='ocrx_word' id='word_1_740' title='bbox 2747 4325 2924 4393; x_wconf 86' lang='lat' dir='ltr'><strong>relege</strong></span> <span class='ocrx_word' id='word_1_741' title='bbox 2951 4338 3132 4378; x_wconf 88' lang='lat' dir='ltr'><strong>coram</strong></span> <span class='ocrx_word' id='word_1_742' title='bbox 3163 4319 3295 4374; x_wconf 90' lang='lat' dir='ltr'><strong>illo:</strong></span> <span class='ocrx_word' id='word_1_743' title='bbox 3329 4329 3383 4393; x_wconf 81' lang='lat' dir='ltr'><strong>et</strong></span> <span class='ocrx_word' id='word_1_744' title='bbox 3413 4321 3480 4393; x_wconf 83' lang='lat' dir='ltr'><strong>de</strong></span> <span class='ocrx_word' id='word_1_745' title='bbox 3512 4319 3615 4371; x_wconf 88' lang='lat' dir='ltr'><strong>ista</strong></span> <span class='ocrx_word' id='word_1_746' title='bbox 3655 4320 3743 4372; x_wconf 87' lang='lat' dir='ltr'><strong>fac</strong></span> <span class='ocrx_word' id='word_1_747' title='bbox 3765 4333 3846 4393; x_wconf 76' lang='lat' dir='ltr'><strong>se-</strong></span> 
     </span>
    </p>
   </div>
   <div class='ocr_carea' id='block_1_108' title="bbox 2239 4390 3846 4466">
    <p class='ocr_par' dir='ltr' id='par_1_108' title="bbox 2239 4390 3846 4466">
     <span class='ocr_line' id='line_1_108' title="bbox 2239 4390 3846 4466; baseline -0.006 -16"><span class='ocrx_word' id='word_1_748' title='bbox 2239 4397 2473 4450; x_wconf 88' lang='lat' dir='ltr'><strong>cundum</strong></span> <span class='ocrx_word' id='word_1_749' title='bbox 2519 4390 2636 4461; x_wconf 70' lang='lat' dir='ltr'><strong>(Ejus</strong></span> <span class='ocrx_word' id='word_1_750' title='bbox 2659 4390 2948 4450; x_wconf 79' lang='lat' dir='ltr'><strong>consilium</strong></span> <span class='ocrx_word' id='word_1_751' title='bbox 2980 4405 3035 4447; x_wconf 90' lang='lat' dir='ltr'><strong>et</strong></span> <span class='ocrx_word' id='word_1_752' title='bbox 3064 4390 3606 4466; x_wconf 78' lang='lat' dir='ltr'><strong>commendationem</strong></span> <span class='ocrx_word' id='word_1_753' title='bbox 3633 4406 3651 4453; x_wconf 91' lang='lat'><strong>;</strong></span> <span class='ocrx_word' id='word_1_754' title='bbox 3703 4399 3759 4442; x_wconf 89' lang='lat' dir='ltr'><strong>et</strong></span> 
     </span>
    </p>
   </div>
   <div class='ocr_carea' id='block_1_109' title="bbox 2243 4458 3847 4537">
    <p class='ocr_par' dir='ltr' id='par_1_109' title="bbox 2243 4458 3847 4537">
     <span class='ocr_line' id='line_1_109' title="bbox 2243 4458 3847 4537; baseline -0.004 -18"><span class='ocrx_word' id='word_1_755' title='bbox 2243 4467 2331 4537; x_wconf 84' lang='lat' dir='ltr'><strong>illa</strong></span> <span class='ocrx_word' id='word_1_756' title='bbox 2364 4467 2430 4519; x_wconf 89' lang='lat' dir='ltr'><strong>de</strong></span> <span class='ocrx_word' id='word_1_757' title='bbox 2455 4458 2776 4537; x_wconf 73' lang='lat' dir='ltr'><strong>cognatione</strong></span> <span class='ocrx_word' id='word_1_758' title='bbox 2819 4479 2924 4517; x_wconf 93' lang='lat' dir='ltr'><strong>non</strong></span> <span class='ocrx_word' id='word_1_759' title='bbox 2955 4462 3324 4532; x_wconf 87' lang='lat' dir='ltr'><strong>conjugenda,</strong></span> <span class='ocrx_word' id='word_1_760' title='bbox 3369 4475 3468 4537; x_wconf 72' lang='lat' dir='ltr'><strong>per</strong></span> <span class='ocrx_word' id='word_1_761' title='bbox 3499 4458 3622 4537; x_wconf 86' lang='lat' dir='ltr'><strong>ejus</strong></span> <span class='ocrx_word' id='word_1_762' title='bbox 3668 4458 3847 4537; x_wconf 62' lang='lat' dir='ltr'><strong>cousi-</strong></span> 
     </span>
    </p>
   </div>
   <div class='ocr_carea' id='block_1_110' title="bbox 2242 4525 3843 4602">
    <p class='ocr_par' dir='ltr' id='par_1_110' title="bbox 2242 4525 3843 4602">
     <span class='ocr_line' id='line_1_110' title="bbox 2242 4525 3843 4602; baseline -0.004 -14"><span class='ocrx_word' id='word_1_763' title='bbox 2242 4535 2371 4589; x_wconf 91' lang='lat' dir='ltr'><strong>lium</strong></span> <span class='ocrx_word' id='word_1_764' title='bbox 2415 4546 2468 4588; x_wconf 93' lang='lat' dir='ltr'><strong>et</strong></span> <span class='ocrx_word' id='word_1_765' title='bbox 2496 4525 2757 4589; x_wconf 60' lang='lat' dir='ltr'><strong>auxilium</strong></span> <span class='ocrx_word' id='word_1_766' title='bbox 2787 4549 3015 4602; x_wconf 85' lang='lat' dir='ltr'><strong>sequere</strong></span> <span class='ocrx_word' id='word_1_767' title='bbox 3039 4525 3225 4587; x_wconf 56' lang='lat' dir='ltr'><strong>s&#39;ac&#39;ras</strong></span> <span class='ocrx_word' id='word_1_768' title='bbox 3251 4525 3619 4602; x_wconf 72' lang='lat' dir='ltr'><strong>auctoritates</strong></span> <span class='ocrx_word' id='word_1_769' title='bbox 3643 4525 3843 4602; x_wconf 63' lang='lat' dir='ltr'><strong>tibi_dio</strong></span> 
     </span>
    </p>
   </div>
   <div class='ocr_carea' id='block_1_111' title="bbox 2241 4597 3842 4679">
    <p class='ocr_par' dir='ltr' id='par_1_111' title="bbox 2241 4597 3842 4679">
     <span class='ocr_line' id='line_1_111' title="bbox 2241 4597 3842 4679; baseline -0.008 -19"><span class='ocrx_word' id='word_1_770' title='bbox 2241 4615 2440 4660; x_wconf 90' lang='lat' dir='ltr'><strong>rectas.</strong></span> <span class='ocrx_word' id='word_1_771' title='bbox 2473 4604 2822 4679; x_wconf 76' lang='lat' dir='ltr'><strong>Providentia</strong></span> <span class='ocrx_word' id='word_1_772' title='bbox 2860 4597 2929 4657; x_wconf 80' lang='lat' dir='ltr'><strong>de</strong></span> <span class='ocrx_word' id='word_1_773' title='bbox 2959 4603 3441 4679; x_wconf 48' lang='lat' dir='ltr'><strong>Pippinounouest</strong></span> <span class='ocrx_word' id='word_1_774' title='bbox 3471 4597 3842 4679; x_wconf 50' lang='lat' dir='ltr'><strong>negligenda;</strong></span> 
     </span>
    </p>
   </div>
   <div class='ocr_carea' id='block_1_112' title="bbox 2241 4669 3844 4746">
    <p class='ocr_par' dir='ltr' id='par_1_112' title="bbox 2241 4669 3844 4746">
     <span class='ocr_line' id='line_1_112' title="bbox 2241 4669 3844 4746; baseline -0.006 -16"><span class='ocrx_word' id='word_1_775' title='bbox 2241 4685 2296 4731; x_wconf 88' lang='lat' dir='ltr'><strong>et</strong></span> <span class='ocrx_word' id='word_1_776' title='bbox 2323 4685 2383 4729; x_wconf 94' lang='lat' dir='ltr'><strong>ut</strong></span> <span class='ocrx_word' id='word_1_777' title='bbox 2405 4675 2543 4729; x_wconf 90' lang='lat' dir='ltr'><strong>certi</strong></span> <span class='ocrx_word' id='word_1_778' title='bbox 2569 4689 2634 4728; x_wconf 88' lang='lat' dir='ltr'><strong>ac</strong></span> <span class='ocrx_word' id='word_1_779' title='bbox 2663 4675 2846 4728; x_wconf 86' lang='lat' dir='ltr'><strong>ﬁdeles</strong></span> <span class='ocrx_word' id='word_1_780' title='bbox 2872 4669 3126 4746; x_wconf 75' lang='lat' dir='ltr'><strong>custodes</strong></span> <span class='ocrx_word' id='word_1_781' title='bbox 3161 4672 3235 4725; x_wconf 91' lang='lat' dir='ltr'><strong>illi</strong></span> <span class='ocrx_word' id='word_1_782' title='bbox 3258 4669 3654 4746; x_wconf 66' lang='lat' dir='ltr'><strong>adhibeantur,</strong></span> <span class='ocrx_word' id='word_1_783' title='bbox 3711 4669 3844 4746; x_wconf 71' lang='lat' dir='ltr'><strong>satis</strong></span> 
     </span>
    </p>
   </div>
   <div class='ocr_carea' id='block_1_113' title="bbox 2243 4736 3853 4814">
    <p class='ocr_par' dir='ltr' id='par_1_113' title="bbox 2243 4736 3853 4814">
     <span class='ocr_line' id='line_1_113' title="bbox 2243 4736 3853 4814; baseline -0.006 -15"><span class='ocrx_word' id='word_1_784' title='bbox 2243 4755 2329 4800; x_wconf 89' lang='lat' dir='ltr'><strong>est</strong></span> <span class='ocrx_word' id='word_1_785' title='bbox 2354 4746 2750 4814; x_wconf 87' lang='lat' dir='ltr'><strong>procurandum</strong></span> <span class='ocrx_word' id='word_1_786' title='bbox 2775 4763 2790 4798; x_wconf 86' lang='lat'><strong>:</strong></span> <span class='ocrx_word' id='word_1_787' title='bbox 2821 4758 2920 4814; x_wconf 85' lang='lat' dir='ltr'><strong>nec</strong></span> <span class='ocrx_word' id='word_1_788' title='bbox 2961 4741 3386 4814; x_wconf 80' lang='lat' dir='ltr'><strong>obliviscendum</strong></span> <span class='ocrx_word' id='word_1_789' title='bbox 3415 4739 3563 4814; x_wconf 79' lang='lat' dir='ltr'><strong>quod</strong></span> <span class='ocrx_word' id='word_1_790' title='bbox 3687 4752 3756 4814; x_wconf 60' lang='grc' dir='ltr'><strong>ορ</strong></span> <span class='ocrx_word' id='word_1_791' title='bbox 3785 4738 3853 4790; x_wconf 52' lang='lat' dir='ltr'><strong>iu‘</strong></span> 
     </span>
    </p>
   </div>
   <div class='ocr_carea' id='block_1_114' title="bbox 2301 4803 3846 4877">
    <p class='ocr_par' dir='ltr' id='par_1_114' title="bbox 2301 4803 3846 4877">
     <span class='ocr_line' id='line_1_114' title="bbox 2301 4803 3846 4877; baseline -0.005 -9"><span class='ocrx_word' id='word_1_792' title='bbox 2301 4803 2573 4868; x_wconf 71' lang='lat' dir='ltr'><strong>oxiasterio</strong></span> <span class='ocrx_word' id='word_1_793' title='bbox 2597 4815 2770 4868; x_wconf 86' lang='lat' dir='ltr'><strong>sancti</strong></span> <span class='ocrx_word' id='word_1_794' title='bbox 2817 4813 3054 4868; x_wconf 78' lang='lat' dir='ltr'><strong>Medardi</strong></span> <span class='ocrx_word' id='word_1_795' title='bbox 3084 4811 3302 4872; x_wconf 85' lang='lat' dir='ltr'><strong>accidit,</strong></span> <span class='ocrx_word' id='word_1_796' title='bbox 3331 4817 3385 4864; x_wconf 90' lang='lat' dir='ltr'><strong>et</strong></span> <span class='ocrx_word' id='word_1_797' title='bbox 3411 4803 3560 4877; x_wconf 79' lang='lat' dir='ltr'><strong>quod</strong></span> <span class='ocrx_word' id='word_1_798' title='bbox 3586 4808 3656 4858; x_wconf 89' lang='lat' dir='ltr'><strong>de</strong></span> <span class='ocrx_word' id='word_1_799' title='bbox 3705 4803 3846 4860; x_wconf 81' lang='lat' dir='ltr'><strong>Kar-</strong></span> 
     </span>
    </p>
   </div>
   <div class='ocr_carea' id='block_1_115' title="bbox 2172 4832 3841 4946">
    <p class='ocr_par' dir='ltr' id='par_1_115' title="bbox 2172 4832 3841 4946">
     <span class='ocr_line' id='line_1_115' title="bbox 2244 4832 3841 4877; baseline -0.005 -9"><span class='ocrx_word' id='word_1_800' title='bbox 2244 4832 2573 4868; x_wconf 81' lang='lat' dir='ltr'><strong>monaSterto</strong></span> <span class='ocrx_word' id='word_1_801' title='bbox 2597 4832 2770 4868; x_wconf 71' lang='lat' dir='ltr'><strong>SﬂllCll</strong></span> <span class='ocrx_word' id='word_1_802' title='bbox 2817 4832 3054 4868; x_wconf 76' lang='lat' dir='ltr'><strong>meuarul</strong></span> <span class='ocrx_word' id='word_1_803' title='bbox 3084 4832 3302 4872; x_wconf 79' lang='lat' dir='ltr'><strong>aecum,</strong></span> <span class='ocrx_word' id='word_1_804' title='bbox 3331 4832 3385 4864; x_wconf 70' lang='lat' dir='ltr'><strong>et</strong></span> <span class='ocrx_word' id='word_1_805' title='bbox 3411 4832 3560 4877; x_wconf 81' lang='grc' dir='ltr'><strong>ψιυυ</strong></span> <span class='ocrx_word' id='word_1_806' title='bbox 3586 4832 3656 4858; x_wconf 82' lang='lat' dir='ltr'><strong>uc</strong></span> <span class='ocrx_word' id='word_1_807' title='bbox 3705 4832 3841 4860; x_wconf 61' lang='lat' dir='ltr'><strong>neu&quot;</strong></span> 
     </span>
     <span class='ocr_line' id='line_1_116' title="bbox 2172 4861 3841 4946; baseline -0.006 -9"><span class='ocrx_word' id='word_1_808' title='bbox 2172 4861 2217 4918; x_wconf 74' lang='grc' dir='ltr'><strong>θ</strong></span> <span class='ocrx_word' id='word_1_809' title='bbox 2246 4885 2498 4937; x_wconf 84' lang='lat' dir='ltr'><strong>lomanno</strong></span> <span class='ocrx_word' id='word_1_810' title='bbox 2532 4885 2585 4938; x_wconf 91' lang='lat' dir='ltr'><strong>in</strong></span> <span class='ocrx_word' id='word_1_811' title='bbox 2615 4883 2846 4938; x_wconf 86' lang='lat' dir='ltr'><strong>Gorbeia</strong></span> <span class='ocrx_word' id='word_1_812' title='bbox 2893 4883 3092 4936; x_wconf 85' lang='lat' dir='ltr'><strong>evenit.</strong></span> <span class='ocrx_word' id='word_1_813' title='bbox 3141 4880 3274 4933; x_wconf 88' lang='lat' dir='ltr'><strong>Nam</strong></span> <span class='ocrx_word' id='word_1_814' title='bbox 3304 4881 3445 4946; x_wconf 90' lang='lat' dir='ltr'><strong>quod</strong></span> <span class='ocrx_word' id='word_1_815' title='bbox 3485 4875 3700 4928; x_wconf 86' lang='lat' dir='ltr'><strong>factum</strong></span> <span class='ocrx_word' id='word_1_816' title='bbox 3738 4883 3841 4937; x_wconf 85' lang='lat' dir='ltr'><strong>est,</strong></span> 
     </span>
    </p>
   </div>
   <div class='ocr_carea' id='block_1_116' title="bbox 2243 4954 3046 5022">
    <p class='ocr_par' dir='ltr' id='par_1_116' title="bbox 2243 4954 3046 5022">
     <span class='ocr_line' id='line_1_117' title="bbox 2243 4954 3046 5022; baseline -0.005 -14"><span class='ocrx_word' id='word_1_817' title='bbox 2243 4956 2418 5008; x_wconf 90' lang='lat' dir='ltr'><strong>adhuc</strong></span> <span class='ocrx_word' id='word_1_818' title='bbox 2443 4954 2563 5009; x_wconf 89' lang='lat' dir='ltr'><strong>ﬁeri</strong></span> <span class='ocrx_word' id='word_1_819' title='bbox 2590 4963 2788 5022; x_wconf 81' lang='lat' dir='ltr'><strong>potest.</strong></span> <span class='ocrx_word' id='word_1_820' title='bbox 2827 4971 2845 5003; x_wconf 75' lang='grc' dir='ltr'><strong><em>ι</em></strong></span> <span class='ocrx_word' id='word_1_821' title='bbox 2884 4954 3046 5014; x_wconf 76' lang='lat' dir='ltr'><strong>Bono.</strong></span> 
     </span>
    </p>
   </div>
   <div class='ocr_carea' id='block_1_117' title="bbox 2318 5016 3843 5086">
    <p class='ocr_par' dir='ltr' id='par_1_117' title="bbox 2318 5016 3843 5086">
     <span class='ocr_line' id='line_1_118' title="bbox 2318 5016 3843 5086; baseline -0.008 -7"><span class='ocrx_word' id='word_1_822' title='bbox 2318 5037 2344 5064; x_wconf 72' lang='grc' dir='ltr'><strong>α</strong></span> <span class='ocrx_word' id='word_1_823' title='bbox 2387 5016 2634 5078; x_wconf 75' lang='lat' dir='ltr'><strong>Ecl’ridus</strong></span> <span class='ocrx_word' id='word_1_824' title='bbox 2661 5025 2801 5077; x_wconf 87' lang='lat' dir='ltr'><strong>idem</strong></span> <span class='ocrx_word' id='word_1_825' title='bbox 2829 5022 3041 5076; x_wconf 85' lang='lat' dir='ltr'><strong>videtur</strong></span> <span class='ocrx_word' id='word_1_826' title='bbox 3065 5035 3185 5076; x_wconf 91' lang='lat' dir='ltr'><strong>esse</strong></span> <span class='ocrx_word' id='word_1_827' title='bbox 3211 5035 3274 5072; x_wconf 90' lang='lat' dir='ltr'><strong>ac</strong></span> <span class='ocrx_word' id='word_1_828' title='bbox 3308 5016 3583 5079; x_wconf 76' lang='lat' dir='ltr'><strong>Acfridus,</strong></span> <span class='ocrx_word' id='word_1_829' title='bbox 3613 5019 3706 5070; x_wconf 88' lang='lat' dir='ltr'><strong>cui</strong></span> <span class='ocrx_word' id='word_1_830' title='bbox 3728 5017 3843 5086; x_wconf 83' lang='lat' dir='ltr'><strong>jam</strong></span> 
     </span>
    </p>
   </div>
   <div class='ocr_carea' id='block_1_118' title="bbox 2244 5087 3845 5147">
    <p class='ocr_par' dir='ltr' id='par_1_118' title="bbox 2244 5087 3845 5147">
     <span class='ocr_line' id='line_1_119' title="bbox 2244 5087 3845 5147; baseline -0.005 -1"><span class='ocrx_word' id='word_1_831' title='bbox 2244 5094 2514 5147; x_wconf 90' lang='lat' dir='ltr'><strong>abbatiam</strong></span> <span class='ocrx_word' id='word_1_832' title='bbox 2546 5095 2715 5147; x_wconf 90' lang='lat' dir='ltr'><strong>sancti</strong></span> <span class='ocrx_word' id='word_1_833' title='bbox 2751 5092 2936 5147; x_wconf 83' lang='lat' dir='ltr'><strong>Hilarii</strong></span> <span class='ocrx_word' id='word_1_834' title='bbox 2965 5090 3183 5146; x_wconf 87' lang='lat' dir='ltr'><strong>habenti</strong></span> <span class='ocrx_word' id='word_1_835' title='bbox 3215 5088 3359 5141; x_wconf 85' lang='lat' dir='ltr'><strong>dedit</strong></span> <span class='ocrx_word' id='word_1_836' title='bbox 3380 5087 3615 5141; x_wconf 80' lang='lat' dir='ltr'><strong>Carolus</strong></span> <span class='ocrx_word' id='word_1_837' title='bbox 3646 5087 3845 5142; x_wconf 78' lang='lat' dir='ltr'><strong>Calvus</strong></span> 
     </span>
    </p>
   </div>
   <div class='ocr_carea' id='block_1_119' title="bbox 2243 5158 3444 5226">
    <p class='ocr_par' dir='ltr' id='par_1_119' title="bbox 2243 5158 3444 5226">
     <span class='ocr_line' id='line_1_120' title="bbox 2243 5158 3444 5226; baseline -0.007 -9"><span class='ocrx_word' id='word_1_838' title='bbox 2243 5167 2560 5220; x_wconf 87' lang='lat' dir='ltr'><strong>comitatum</strong></span> <span class='ocrx_word' id='word_1_839' title='bbox 2589 5165 2987 5218; x_wconf 82' lang='lat' dir='ltr'><strong>Bituricensem</strong></span> <span class='ocrx_word' id='word_1_840' title='bbox 3021 5177 3072 5215; x_wconf 90' lang='lat' dir='ltr'><strong>a.</strong></span> <span class='ocrx_word' id='word_1_841' title='bbox 3113 5159 3238 5215; x_wconf 88' lang='lat'><strong>867.</strong></span> <span class='ocrx_word' id='word_1_842' title='bbox 3261 5158 3444 5226; x_wconf 71' lang='lat' dir='ltr'><strong>Bono.</strong></span> 
     </span>
    </p>
   </div>
   <div class='ocr_carea' id='block_1_120' title="bbox 2317 5233 3074 5302">
    <p class='ocr_par' dir='ltr' id='par_1_120' title="bbox 2317 5233 3074 5302">
     <span class='ocr_line' id='line_1_121' title="bbox 2317 5233 3074 5302; baseline -0.004 -14"><span class='ocrx_word' id='word_1_843' title='bbox 2317 5233 2344 5273; x_wconf 70' lang='grc' dir='ltr'><strong>ι)</strong></span> <span class='ocrx_word' id='word_1_844' title='bbox 2389 5235 2714 5294; x_wconf 77' lang='lat' dir='ltr'><strong>l’erdonare,</strong></span> <span class='ocrx_word' id='word_1_845' title='bbox 2755 5234 3074 5302; x_wconf 83' lang='lat' dir='ltr'><strong>pardonner.</strong></span> 
     </span>
    </p>
   </div>
   <div class='ocr_carea' id='block_1_121' title="bbox 2322 5302 3097 5364">
    <p class='ocr_par' dir='ltr' id='par_1_121' title="bbox 2322 5302 3097 5364">
     <span class='ocr_line' id='line_1_122' title="bbox 2322 5302 3097 5364; baseline -0.006 -7"><span class='ocrx_word' id='word_1_846' title='bbox 2322 5315 2343 5342; x_wconf 73' lang='grc' dir='ltr'><strong>ο</strong></span> <span class='ocrx_word' id='word_1_847' title='bbox 2389 5303 2640 5358; x_wconf 86' lang='lat' dir='ltr'><strong>Nostrum</strong></span> <span class='ocrx_word' id='word_1_848' title='bbox 2669 5302 2856 5364; x_wconf 75' lang='lat' dir='ltr'><strong>Brithl,</strong></span> <span class='ocrx_word' id='word_1_849' title='bbox 2888 5315 3097 5355; x_wconf 90' lang='lat' dir='ltr'><strong>nemus.</strong></span> 
     </span>
    </p>
   </div>
   <div class='ocr_carea' id='block_1_122' title="bbox 2319 5363 3846 5444">
    <p class='ocr_par' dir='ltr' id='par_1_122' title="bbox 2319 5363 3846 5444">
     <span class='ocr_line' id='line_1_123' title="bbox 2319 5363 3846 5444; baseline -0.009 -17"><span class='ocrx_word' id='word_1_850' title='bbox 2319 5373 2345 5413; x_wconf 76' lang='grc' dir='ltr'><em>ἀ</em></span> <span class='ocrx_word' id='word_1_851' title='bbox 2386 5374 2624 5444; x_wconf 89' lang='lat' dir='ltr'><strong>lgnatius</strong></span> <span class='ocrx_word' id='word_1_852' title='bbox 2655 5388 2798 5426; x_wconf 91' lang='lat' dir='ltr'><strong>anno</strong></span> <span class='ocrx_word' id='word_1_853' title='bbox 2837 5363 2944 5444; x_wconf 82' lang='lat' dir='ltr'><strong>86_l</strong></span> <span class='ocrx_word' id='word_1_854' title='bbox 2969 5377 3352 5444; x_wconf 59' lang='lat' dir='ltr'><strong>exauguratus</strong></span> <span class='ocrx_word' id='word_1_855' title='bbox 3399 5366 3500 5444; x_wconf 76' lang='lat' dir='ltr'><strong>fuit</strong></span> <span class='ocrx_word' id='word_1_856' title='bbox 3530 5367 3585 5420; x_wconf 92' lang='lat' dir='ltr'><strong>in</strong></span> <span class='ocrx_word' id='word_1_857' title='bbox 3611 5363 3846 5444; x_wconf 58' lang='lat' dir='ltr'><strong>pseudo-</strong></span> 
     </span>
    </p>
   </div>
   <div class='ocr_carea' id='block_1_123' title="bbox 2250 5432 3842 5515">
    <p class='ocr_par' dir='ltr' id='par_1_123' title="bbox 2250 5432 3842 5515">
     <span class='ocr_line' id='line_1_124' title="bbox 2250 5432 3842 5515; baseline -0.006 -17"><span class='ocrx_word' id='word_1_858' title='bbox 2250 5432 2456 5515; x_wconf 70' lang='lat' dir='ltr'><strong>synodo</strong></span> <span class='ocrx_word' id='word_1_859' title='bbox 2480 5438 3353 5515; x_wconf 47' lang='lat' dir='ltr'><strong>Constantinopolitana.Plautius</strong></span> <span class='ocrx_word' id='word_1_860' title='bbox 3375 5432 3668 5515; x_wconf 64' lang='lat' dir='ltr'><strong>episcopus</strong></span> 
     </span>
    </p>
   </div>
   <div class='ocr_carea' id='block_1_124' title="bbox 2251 5505 3846 5577">
    <p class='ocr_par' dir='ltr' id='par_1_124' title="bbox 2251 5505 3846 5577">
     <span class='ocr_line' id='line_1_125' title="bbox 2251 5505 3846 5577; baseline -0.006 -9"><span class='ocrx_word' id='word_1_861' title='bbox 2251 5505 2409 5568; x_wconf 60' lang='lat' dir='ltr'><strong>n&#39;atus</strong></span> <span class='ocrx_word' id='word_1_862' title='bbox 2435 5514 2507 5568; x_wconf 75' lang='grc'><strong>25</strong></span> <span class='ocrx_word' id='word_1_863' title='bbox 2536 5513 2623 5568; x_wconf 90' lang='lat' dir='ltr'><strong>die</strong></span> <span class='ocrx_word' id='word_1_864' title='bbox 2651 5505 2959 5567; x_wconf 80' lang='lat' dir='ltr'><strong>Decembris</strong></span> <span class='ocrx_word' id='word_1_865' title='bbox 2984 5525 3073 5563; x_wconf 90' lang='lat' dir='ltr'><strong>an.</strong></span> <span class='ocrx_word' id='word_1_866' title='bbox 3107 5509 3232 5572; x_wconf 81' lang='lat'><strong>857,</strong></span> <span class='ocrx_word' id='word_1_867' title='bbox 3266 5522 3410 5565; x_wconf 85' lang='lat' dir='ltr'><strong>anno</strong></span> <span class='ocrx_word' id='word_1_868' title='bbox 3433 5508 3540 5564; x_wconf 61' lang='lat' dir='ltr'><strong>85b</strong></span> <span class='ocrx_word' id='word_1_869' title='bbox 3563 5508 3620 5562; x_wconf 81' lang='lat' dir='ltr'><strong>in</strong></span> <span class='ocrx_word' id='word_1_870' title='bbox 3651 5505 3846 5577; x_wconf 74' lang='lat' dir='ltr'><strong>Iguatii</strong></span> 
     </span>
    </p>
   </div>
   <div class='ocr_carea' id='block_1_125' title="bbox 2251 5579 3254 5649">
    <p class='ocr_par' dir='ltr' id='par_1_125' title="bbox 2251 5579 3254 5649">
     <span class='ocr_line' id='line_1_126' title="bbox 2251 5579 3254 5649; baseline -0.007 -11"><span class='ocrx_word' id='word_1_871' title='bbox 2251 5584 2429 5640; x_wconf 86' lang='lat' dir='ltr'><strong>locum</strong></span> <span class='ocrx_word' id='word_1_872' title='bbox 2450 5583 2562 5649; x_wconf 82' lang='lat' dir='ltr'><strong>jam</strong></span> <span class='ocrx_word' id='word_1_873' title='bbox 2593 5583 2832 5639; x_wconf 89' lang='lat' dir='ltr'><strong>intrusus</strong></span> <span class='ocrx_word' id='word_1_874' title='bbox 2857 5580 3056 5638; x_wconf 90' lang='lat' dir='ltr'><strong>fuerat.</strong></span> <span class='ocrx_word' id='word_1_875' title='bbox 3086 5579 3254 5642; x_wconf 73' lang='grc' dir='ltr'><strong>Βουρ.</strong></span> 
     </span>
    </p>
   </div>
   <div class='ocr_carea' id='block_1_126' title="bbox 2327 5652 2721 5717">
    <p class='ocr_par' dir='ltr' id='par_1_126' title="bbox 2327 5652 2721 5717">
     <span class='ocr_line' id='line_1_127' title="bbox 2327 5652 2721 5717; baseline 0.003 -8"><span class='ocrx_word' id='word_1_876' title='bbox 2327 5667 2350 5694; x_wconf 70' lang='grc' dir='ltr'><strong>ο</strong></span> <span class='ocrx_word' id='word_1_877' title='bbox 2387 5652 2590 5710; x_wconf 86' lang='lat' dir='ltr'><strong>Gallice</strong></span> <span class='ocrx_word' id='word_1_878' title='bbox 2615 5661 2721 5717; x_wconf 77' lang='lat' dir='ltr'><strong>rut.</strong></span> 
     </span>
    </p>
   </div>
  </div>
