  <div class='ocr_page' id='page_1' title='image "/cluster/home/n/w/nwhite01/storage/ocr_20150623/125/hvd.32044015471667/616.png"; bbox 0 0 4038 6322; ppageno 0'>
   <div class='ocr_carea' id='block_1_1' title="bbox 103 374 340 432">
    <p class='ocr_par' dir='ltr' id='par_1_1' title="bbox 103 374 340 432">
     <span class='ocr_line' id='line_1_1' title="bbox 103 374 340 432; baseline -0.008 0"><span class='ocrx_word' id='word_1_1' title='bbox 103 386 116 393; x_wconf 87' lang='grc'><em>’</em></span> <span class='ocrx_word' id='word_1_2' title='bbox 195 374 340 432; x_wconf 68' lang='grc'><strong>1221</strong></span> 
     </span>
    </p>
   </div>
   <div class='ocr_carea' id='block_1_2' title="bbox 1061 365 2629 432">
    <p class='ocr_par' dir='ltr' id='par_1_2' title="bbox 1061 365 2629 432">
     <span class='ocr_line' id='line_1_2' title="bbox 1061 365 2629 432; baseline -0.005 0"><span class='ocrx_word' id='word_1_3' title='bbox 1061 371 1379 432; x_wconf 80' lang='lat' dir='ltr'><strong>ANNALES</strong></span> <span class='ocrx_word' id='word_1_4' title='bbox 1416 366 1776 427; x_wconf 78' lang='lat' dir='ltr'><strong>HINCMARO</strong></span> <span class='ocrx_word' id='word_1_5' title='bbox 1815 366 2256 426; x_wconf 81' lang='lat' dir='ltr'><strong>DUBITANTER</strong></span> <span class='ocrx_word' id='word_1_6' title='bbox 2295 365 2629 424; x_wconf 81' lang='lat' dir='ltr'><strong>ASCRIPTL</strong></span> 
     </span>
    </p>
   </div>
   <div class='ocr_carea' id='block_1_3' title="bbox 3346 371 3486 430">
    <p class='ocr_par' dir='ltr' id='par_1_3' title="bbox 3346 371 3486 430">
     <span class='ocr_line' id='line_1_3' title="bbox 3346 371 3486 430; baseline 0.029 -4"><span class='ocrx_word' id='word_1_7' title='bbox 3346 371 3486 430; x_wconf 67' lang='lat'><strong>1222</strong></span> 
     </span>
    </p>
   </div>
   <div class='ocr_carea' id='block_1_4' title="bbox 185 474 3481 551">
    <p class='ocr_par' dir='ltr' id='par_1_4' title="bbox 185 474 3481 551">
     <span class='ocr_line' id='line_1_4' title="bbox 185 474 3481 551; baseline -0 -11"><span class='ocrx_word' id='word_1_8' title='bbox 185 485 372 540; x_wconf 69' lang='lat' dir='ltr'><strong>ﬁdem</strong></span> <span class='ocrx_word' id='word_1_9' title='bbox 403 482 582 539; x_wconf 79' lang='lat' dir='ltr'><strong>Caroli</strong></span> <span class='ocrx_word' id='word_1_10' title='bbox 611 484 791 551; x_wconf 84' lang='lat' dir='ltr'><strong>venit,</strong></span> <span class='ocrx_word' id='word_1_11' title='bbox 841 483 929 541; x_wconf 91' lang='lat' dir='ltr'><strong>cui</strong></span> <span class='ocrx_word' id='word_1_12' title='bbox 955 484 1183 541; x_wconf 83' lang='lat' dir='ltr'><strong>Carolus</strong></span> <span class='ocrx_word' id='word_1_13' title='bbox 1225 483 1642 540; x_wconf 68' lang='lat' dir='ltr'><strong>Avenniaeumn</strong></span> <span class='ocrx_word' id='word_1_14' title='bbox 1671 496 1789 535; x_wconf 89' lang='lat' dir='ltr'><strong>mo-</strong></span> <span class='ocrx_word' id='word_1_15' title='bbox 1820 483 1870 543; x_wconf 74' lang='grc' dir='ltr'>Α</span> <span class='ocrx_word' id='word_1_16' title='bbox 1896 491 2122 546; x_wconf 78' lang='lat' dir='ltr'><strong>quaeque</strong></span> <span class='ocrx_word' id='word_1_17' title='bbox 2161 475 2584 546; x_wconf 66' lang='lat' dir='ltr'><strong>depopttlantes:</strong></span> <span class='ocrx_word' id='word_1_18' title='bbox 2613 475 2682 530; x_wconf 86' lang='lat' dir='ltr'><strong>ad</strong></span> <span class='ocrx_word' id='word_1_19' title='bbox 2727 474 3017 531; x_wconf 77' lang='lat' dir='ltr'><strong>stationem</strong></span> <span class='ocrx_word' id='word_1_20' title='bbox 3067 492 3219 534; x_wconf 88' lang='lat' dir='ltr'><strong>suam</strong></span> <span class='ocrx_word' id='word_1_21' title='bbox 3275 485 3481 539; x_wconf 80' lang='lat' dir='ltr'><strong>reversi</strong></span> 
     </span>
    </p>
   </div>
   <div class='ocr_carea' id='block_1_5' title="bbox 193 573 1795 642">
    <p class='ocr_par' dir='ltr' id='par_1_5' title="bbox 193 573 1795 642">
     <span class='ocr_line' id='line_1_5' title="bbox 193 573 1795 642; baseline -0.002 -12"><span class='ocrx_word' id='word_1_22' title='bbox 193 577 516 631; x_wconf 86' lang='lat' dir='ltr'><strong>nasterium</strong></span> <span class='ocrx_word' id='word_1_23' title='bbox 549 577 732 641; x_wconf 83' lang='lat' dir='ltr'><strong>donat,</strong></span> <span class='ocrx_word' id='word_1_24' title='bbox 783 585 839 632; x_wconf 90' lang='lat' dir='ltr'><strong>et</strong></span> <span class='ocrx_word' id='word_1_25' title='bbox 873 578 1145 633; x_wconf 87' lang='lat' dir='ltr'><strong>abbatiam</strong></span> <span class='ocrx_word' id='word_1_26' title='bbox 1177 579 1348 632; x_wconf 92' lang='lat' dir='ltr'><strong>sancti</strong></span> <span class='ocrx_word' id='word_1_27' title='bbox 1378 575 1594 629; x_wconf 84' lang='lat' dir='ltr'><strong>Martini</strong></span> <span class='ocrx_word' id='word_1_28' title='bbox 1624 573 1795 642; x_wconf 82' lang='lat' dir='ltr'><strong>lnge!-</strong></span> 
     </span>
    </p>
   </div>
   <div class='ocr_carea' id='block_1_6' title="bbox 191 665 1792 738">
    <p class='ocr_par' dir='ltr' id='par_1_6' title="bbox 191 665 1792 738">
     <span class='ocr_line' id='line_1_6' title="bbox 191 665 1792 738; baseline -0.002 -17"><span class='ocrx_word' id='word_1_29' title='bbox 191 667 390 732; x_wconf 76' lang='lat' dir='ltr'><strong>wino,</strong></span> <span class='ocrx_word' id='word_1_30' title='bbox 444 667 668 722; x_wconf 81' lang='lat' dir='ltr'><strong>diacono</strong></span> <span class='ocrx_word' id='word_1_31' title='bbox 713 668 894 738; x_wconf 81' lang='lat' dir='ltr'><strong>palatii</strong></span> <span class='ocrx_word' id='word_1_32' title='bbox 941 669 1060 732; x_wconf 90' lang='lat' dir='ltr'><strong>sui,</strong></span> <span class='ocrx_word' id='word_1_33' title='bbox 1108 667 1416 722; x_wconf 89' lang='lat' dir='ltr'><strong>committit.</strong></span> <span class='ocrx_word' id='word_1_34' title='bbox 1451 665 1792 728; x_wconf 82' lang='lat' dir='ltr'><strong>Rodhertus,</strong></span> 
     </span>
    </p>
   </div>
   <div class='ocr_carea' id='block_1_7' title="bbox 194 755 1795 828">
    <p class='ocr_par' dir='ltr' id='par_1_7' title="bbox 194 755 1795 828">
     <span class='ocr_line' id='line_1_7' title="bbox 194 755 1795 828; baseline -0.001 -18"><span class='ocrx_word' id='word_1_35' title='bbox 194 771 392 811; x_wconf 86' lang='lat' dir='ltr'><strong>comes</strong></span> <span class='ocrx_word' id='word_1_36' title='bbox 417 756 824 827; x_wconf 81' lang='lat' dir='ltr'><strong>Andegavensis</strong></span> <span class='ocrx_word' id='word_1_37' title='bbox 845 799 859 823; x_wconf 94' lang='lat'><strong>,</strong></span> <span class='ocrx_word' id='word_1_38' title='bbox 912 758 1234 828; x_wconf 88' lang='lat' dir='ltr'><strong>aggrediens</strong></span> <span class='ocrx_word' id='word_1_39' title='bbox 1255 759 1272 788; x_wconf 74' lang='grc' dir='ltr'>ί</span> <span class='ocrx_word' id='word_1_40' title='bbox 1320 757 1456 811; x_wconf 86' lang='lat' dir='ltr'><strong>duos</strong></span> <span class='ocrx_word' id='word_1_41' title='bbox 1494 770 1695 810; x_wconf 90' lang='lat' dir='ltr'><strong>cuneos</strong></span> <span class='ocrx_word' id='word_1_42' title='bbox 1726 755 1795 808; x_wconf 88' lang='lat' dir='ltr'><strong>de</strong></span> 
     </span>
    </p>
   </div>
   <div class='ocr_carea' id='block_1_8' title="bbox 153 843 1794 952">
    <p class='ocr_par' dir='ltr' id='par_1_8' title="bbox 153 843 1794 952">
     <span class='ocr_line' id='line_1_8' title="bbox 153 843 1794 952; baseline -0.001 -53"><span class='ocrx_word' id='word_1_43' title='bbox 153 843 167 952; x_wconf 57' lang='grc' dir='ltr'>ἐ</span> <span class='ocrx_word' id='word_1_44' title='bbox 195 843 564 900; x_wconf 79' lang='lat' dir='ltr'><strong>Nortmannis</strong></span> <span class='ocrx_word' id='word_1_45' title='bbox 608 847 698 916; x_wconf 88' lang='lat' dir='ltr'><strong>qui</strong></span> <span class='ocrx_word' id='word_1_46' title='bbox 731 846 784 900; x_wconf 92' lang='lat' dir='ltr'><strong>in</strong></span> <span class='ocrx_word' id='word_1_47' title='bbox 836 845 1011 917; x_wconf 96' lang='lat' dir='ltr'><strong>Ligeri</strong></span> <span class='ocrx_word' id='word_1_48' title='bbox 1042 847 1204 900; x_wconf 86' lang='lat' dir='ltr'><strong>fluvio</strong></span> <span class='ocrx_word' id='word_1_49' title='bbox 1250 846 1592 909; x_wconf 84' lang='lat' dir='ltr'><strong>residebant,</strong></span> <span class='ocrx_word' id='word_1_50' title='bbox 1625 860 1794 898; x_wconf 91' lang='lat' dir='ltr'><strong>unum</strong></span> 
     </span>
    </p>
   </div>
   <div class='ocr_carea' id='block_1_9' title="bbox 191 935 1794 1009">
    <p class='ocr_par' dir='ltr' id='par_1_9' title="bbox 191 935 1794 1009">
     <span class='ocr_line' id='line_1_9' title="bbox 191 935 1794 1009; baseline 0 -20"><span class='ocrx_word' id='word_1_51' title='bbox 191 936 433 1004; x_wconf 87' lang='lat' dir='ltr'><strong>quidem</strong></span> <span class='ocrx_word' id='word_1_52' title='bbox 481 936 723 1006; x_wconf 83' lang='lat' dir='ltr'><strong>exceptis</strong></span> <span class='ocrx_word' id='word_1_53' title='bbox 769 937 956 1007; x_wconf 86' lang='lat' dir='ltr'><strong>paucis</strong></span> <span class='ocrx_word' id='word_1_54' title='bbox 999 937 1354 992; x_wconf 86' lang='lat' dir='ltr'><strong>evadentibtts</strong></span> <span class='ocrx_word' id='word_1_55' title='bbox 1384 935 1688 1009; x_wconf 66' lang='lat' dir='ltr'><strong>interfecit,</strong></span> <span class='ocrx_word' id='word_1_56' title='bbox 1740 944 1794 989; x_wconf 90' lang='lat' dir='ltr'><strong>et</strong></span> 
     </span>
    </p>
   </div>
   <div class='ocr_carea' id='block_1_10' title="bbox 194 1023 1795 1098">
    <p class='ocr_par' dir='ltr' id='par_1_10' title="bbox 194 1023 1795 1098">
     <span class='ocr_line' id='line_1_10' title="bbox 194 1023 1795 1098; baseline 0 -19"><span class='ocrx_word' id='word_1_57' title='bbox 194 1025 382 1080; x_wconf 88' lang='lat' dir='ltr'><strong>altero</strong></span> <span class='ocrx_word' id='word_1_58' title='bbox 409 1023 618 1093; x_wconf 88' lang='lat' dir='ltr'><strong>majore</strong></span> <span class='ocrx_word' id='word_1_59' title='bbox 650 1035 798 1082; x_wconf 90' lang='lat' dir='ltr'><strong>retro</strong></span> <span class='ocrx_word' id='word_1_60' title='bbox 819 1028 1231 1098; x_wconf 69' lang='lat' dir='ltr'><strong>superveniente</strong></span> <span class='ocrx_word' id='word_1_61' title='bbox 1257 1026 1612 1090; x_wconf 84' lang='lat' dir='ltr'><strong>vulneratur;</strong></span> <span class='ocrx_word' id='word_1_62' title='bbox 1652 1023 1795 1079; x_wconf 86' lang='lat' dir='ltr'><strong>unde</strong></span> 
     </span>
    </p>
   </div>
   <div class='ocr_carea' id='block_1_11' title="bbox 192 1114 1795 1184">
    <p class='ocr_par' dir='ltr' id='par_1_11' title="bbox 192 1114 1795 1184">
     <span class='ocr_line' id='line_1_11' title="bbox 192 1114 1795 1184; baseline 0.001 -17"><span class='ocrx_word' id='word_1_63' title='bbox 192 1114 392 1184; x_wconf 88' lang='lat' dir='ltr'><strong>paucis</strong></span> <span class='ocrx_word' id='word_1_64' title='bbox 427 1130 646 1170; x_wconf 91' lang='lat' dir='ltr'><strong>suorum</strong></span> <span class='ocrx_word' id='word_1_65' title='bbox 691 1115 934 1180; x_wconf 78' lang='lat' dir='ltr'><strong>amissis,</strong></span> <span class='ocrx_word' id='word_1_66' title='bbox 984 1116 1087 1170; x_wconf 86' lang='lat' dir='ltr'><strong>sibi</strong></span> <span class='ocrx_word' id='word_1_67' title='bbox 1135 1131 1352 1170; x_wconf 90' lang='lat' dir='ltr'><strong>secessu</strong></span> <span class='ocrx_word' id='word_1_68' title='bbox 1396 1115 1699 1179; x_wconf 84' lang='lat' dir='ltr'><strong>consuluit,</strong></span> <span class='ocrx_word' id='word_1_69' title='bbox 1739 1124 1795 1168; x_wconf 91' lang='lat' dir='ltr'><strong>et</strong></span> 
     </span>
    </p>
   </div>
   <div class='ocr_carea' id='block_1_12' title="bbox 189 1206 1026 1276">
    <p class='ocr_par' dir='ltr' id='par_1_12' title="bbox 189 1206 1026 1276">
     <span class='ocr_line' id='line_1_12' title="bbox 189 1206 1026 1276; baseline 0 -15"><span class='ocrx_word' id='word_1_70' title='bbox 189 1215 321 1276; x_wconf 88' lang='lat' dir='ltr'><strong>post</strong></span> <span class='ocrx_word' id='word_1_71' title='bbox 350 1221 567 1276; x_wconf 86' lang='lat' dir='ltr'><strong>paucos</strong></span> <span class='ocrx_word' id='word_1_72' title='bbox 594 1206 709 1261; x_wconf 88' lang='lat' dir='ltr'><strong>dies</strong></span> <span class='ocrx_word' id='word_1_73' title='bbox 736 1207 1026 1262; x_wconf 83' lang='lat' dir='ltr'><strong>convaluit.</strong></span> 
     </span>
    </p>
   </div>
   <div class='ocr_carea' id='block_1_13' title="bbox 835 1295 1166 1352">
    <p class='ocr_par' dir='ltr' id='par_1_13' title="bbox 835 1295 1166 1352">
     <span class='ocr_line' id='line_1_13' title="bbox 835 1295 1166 1352; baseline 0 -2"><span class='ocrx_word' id='word_1_74' title='bbox 835 1295 1166 1352; x_wconf 67' lang='lat' dir='ltr'><strong>DCCCLKV.</strong></span> 
     </span>
    </p>
   </div>
   <div class='ocr_carea' id='block_1_14' title="bbox 248 1382 1789 1456">
    <p class='ocr_par' dir='ltr' id='par_1_14' title="bbox 248 1382 1789 1456">
     <span class='ocr_line' id='line_1_14' title="bbox 248 1382 1789 1456; baseline 0.001 -16"><span class='ocrx_word' id='word_1_75' title='bbox 248 1382 509 1440; x_wconf 74' lang='lat' dir='ltr'><strong>Carolus</strong></span> <span class='ocrx_word' id='word_1_76' title='bbox 533 1400 629 1440; x_wconf 69' lang='lat' dir='ltr'><strong>rex</strong></span> <span class='ocrx_word' id='word_1_77' title='bbox 671 1385 1010 1442; x_wconf 80' lang='lat' dir='ltr'><strong>nativitatem</strong></span> <span class='ocrx_word' id='word_1_78' title='bbox 1055 1387 1266 1442; x_wconf 87' lang='lat' dir='ltr'><strong>Domini</strong></span> <span class='ocrx_word' id='word_1_79' title='bbox 1299 1387 1360 1441; x_wconf 87' lang='lat' dir='ltr'><strong>in</strong></span> <span class='ocrx_word' id='word_1_80' title='bbox 1391 1385 1667 1442; x_wconf 88' lang='lat' dir='ltr'><strong>Carisiaco</strong></span> <span class='ocrx_word' id='word_1_81' title='bbox 1693 1402 1789 1456; x_wconf 87' lang='lat' dir='ltr'><strong>pa-</strong></span> 
     </span>
    </p>
   </div>
   <div class='ocr_carea' id='block_1_15' title="bbox 175 1476 1788 1533">
    <p class='ocr_par' dir='ltr' id='par_1_15' title="bbox 175 1476 1788 1533">
     <span class='ocr_line' id='line_1_15' title="bbox 175 1476 1788 1533; baseline 0 -1"><span class='ocrx_word' id='word_1_82' title='bbox 175 1477 327 1533; x_wconf 56' lang='lat' dir='ltr'><strong>tiatio</strong></span> <span class='ocrx_word' id='word_1_83' title='bbox 361 1476 630 1532; x_wconf 79' lang='lat' dir='ltr'><strong>celebrat.</strong></span> <span class='ocrx_word' id='word_1_84' title='bbox 655 1478 890 1532; x_wconf 81' lang='lat' dir='ltr'><strong>Vernum</strong></span> <span class='ocrx_word' id='word_1_85' title='bbox 923 1478 1103 1532; x_wconf 88' lang='lat' dir='ltr'><strong>villam</strong></span> <span class='ocrx_word' id='word_1_86' title='bbox 1134 1479 1356 1533; x_wconf 89' lang='lat' dir='ltr'><strong>veniens</strong></span> <span class='ocrx_word' id='word_1_87' title='bbox 1378 1479 1522 1532; x_wconf 87' lang='lat' dir='ltr'><strong>circa</strong></span> <span class='ocrx_word' id='word_1_88' title='bbox 1556 1480 1788 1532; x_wconf 90' lang='lat' dir='ltr'><strong>meditttn</strong></span> 
     </span>
    </p>
   </div>
   <div class='ocr_carea' id='block_1_16' title="bbox 189 1565 1788 1631">
    <p class='ocr_par' dir='ltr' id='par_1_16' title="bbox 189 1565 1788 1631">
     <span class='ocr_line' id='line_1_16' title="bbox 189 1565 1788 1631; baseline 0.002 -13"><span class='ocrx_word' id='word_1_89' title='bbox 189 1565 567 1620; x_wconf 80' lang='lat' dir='ltr'><strong>Februarium</strong></span> <span class='ocrx_word' id='word_1_90' title='bbox 600 1580 865 1631; x_wconf 80' lang='lat' dir='ltr'><strong>mensem,</strong></span> <span class='ocrx_word' id='word_1_91' title='bbox 900 1565 1123 1621; x_wconf 81' lang='lat' dir='ltr'><strong>fratrem</strong></span> <span class='ocrx_word' id='word_1_92' title='bbox 1155 1582 1310 1621; x_wconf 90' lang='lat' dir='ltr'><strong>suum</strong></span> <span class='ocrx_word' id='word_1_93' title='bbox 1338 1565 1711 1621; x_wconf 83' lang='lat' dir='ltr'><strong>llltnlowicum</strong></span> <span class='ocrx_word' id='word_1_94' title='bbox 1737 1569 1788 1622; x_wconf 88' lang='lat' dir='ltr'><strong>in</strong></span> 
     </span>
    </p>
   </div>
   <div class='ocr_carea' id='block_1_17' title="bbox 191 1656 1790 1730">
    <p class='ocr_par' dir='ltr' id='par_1_17' title="bbox 191 1656 1790 1730">
     <span class='ocr_line' id='line_1_17' title="bbox 191 1656 1790 1730; baseline 0.002 -20"><span class='ocrx_word' id='word_1_95' title='bbox 191 1656 328 1711; x_wconf 85' lang='lat' dir='ltr'><strong>villa</strong></span> <span class='ocrx_word' id='word_1_96' title='bbox 362 1657 600 1711; x_wconf 87' lang='lat' dir='ltr'><strong>Tusiaeo</strong></span> <span class='ocrx_word' id='word_1_97' title='bbox 628 1657 657 1696; x_wconf 72' lang='grc' dir='ltr'>δ</span> <span class='ocrx_word' id='word_1_98' title='bbox 679 1672 800 1712; x_wconf 93' lang='lat' dir='ltr'><strong>cum</strong></span> <span class='ocrx_word' id='word_1_99' title='bbox 834 1657 960 1712; x_wconf 87' lang='lat' dir='ltr'><strong>ﬁliis</strong></span> <span class='ocrx_word' id='word_1_100' title='bbox 991 1658 1294 1713; x_wconf 91' lang='lat' dir='ltr'><strong>venientem</strong></span> <span class='ocrx_word' id='word_1_101' title='bbox 1330 1658 1790 1730; x_wconf 7' lang='lat' dir='ltr'><strong>satisghonoriﬁce</strong></span> 
     </span>
    </p>
   </div>
   <div class='ocr_carea' id='block_1_18' title="bbox 191 1747 1788 1817">
    <p class='ocr_par' dir='ltr' id='par_1_18' title="bbox 191 1747 1788 1817">
     <span class='ocr_line' id='line_1_18' title="bbox 191 1747 1788 1817; baseline 0.001 -15"><span class='ocrx_word' id='word_1_102' title='bbox 191 1749 468 1817; x_wconf 86' lang='lat' dir='ltr'><strong>suscepit,</strong></span> <span class='ocrx_word' id='word_1_103' title='bbox 523 1748 706 1817; x_wconf 91' lang='lat' dir='ltr'><strong>ibique</strong></span> <span class='ocrx_word' id='word_1_104' title='bbox 755 1747 1006 1804; x_wconf 91' lang='lat' dir='ltr'><strong>omnibus</strong></span> <span class='ocrx_word' id='word_1_105' title='bbox 1055 1765 1176 1802; x_wconf 91' lang='lat' dir='ltr'><strong>cum</strong></span> <span class='ocrx_word' id='word_1_106' title='bbox 1219 1751 1239 1780; x_wconf 83' lang='lat'>&#39;</span> <span class='ocrx_word' id='word_1_107' title='bbox 1291 1749 1501 1802; x_wconf 90' lang='lat' dir='ltr'><strong>illorum</strong></span> <span class='ocrx_word' id='word_1_108' title='bbox 1543 1748 1788 1803; x_wconf 83' lang='lat' dir='ltr'><strong>ﬁdelibus</strong></span> 
     </span>
    </p>
   </div>
   <div class='ocr_carea' id='block_1_19' title="bbox 1899 567 3481 644">
    <p class='ocr_par' dir='ltr' id='par_1_19' title="bbox 1899 567 3481 644">
     <span class='ocr_line' id='line_1_19' title="bbox 1899 567 3481 644; baseline 0.004 -20"><span class='ocrx_word' id='word_1_109' title='bbox 1899 579 2042 624; x_wconf 88' lang='lat' dir='ltr'><strong>sunt.</strong></span> <span class='ocrx_word' id='word_1_110' title='bbox 2079 570 2153 624; x_wconf 89' lang='lat' dir='ltr'><strong>De</strong></span> <span class='ocrx_word' id='word_1_111' title='bbox 2199 569 2430 622; x_wconf 83' lang='lat' dir='ltr'><strong>Tttsiaco</strong></span> <span class='ocrx_word' id='word_1_112' title='bbox 2477 568 2824 623; x_wconf 83' lang='lat' dir='ltr'><strong>Hludovvicus</strong></span> <span class='ocrx_word' id='word_1_113' title='bbox 2870 567 3172 638; x_wconf 79' lang='lat' dir='ltr'><strong>Bajoariam</strong></span> <span class='ocrx_word' id='word_1_114' title='bbox 3226 586 3481 644; x_wconf 77' lang='lat' dir='ltr'><strong>pergens,</strong></span> 
     </span>
    </p>
   </div>
   <div class='ocr_carea' id='block_1_20' title="bbox 1895 660 3478 734">
    <p class='ocr_par' dir='ltr' id='par_1_20' title="bbox 1895 660 3478 734">
     <span class='ocr_line' id='line_1_20' title="bbox 1895 660 3478 734; baseline 0.004 -19"><span class='ocrx_word' id='word_1_115' title='bbox 1895 660 2293 715; x_wconf 90' lang='lat' dir='ltr'><strong>Carolomanno</strong></span> <span class='ocrx_word' id='word_1_116' title='bbox 2354 660 2466 713; x_wconf 91' lang='lat' dir='ltr'><strong>ﬁlio</strong></span> <span class='ocrx_word' id='word_1_117' title='bbox 2516 661 2619 714; x_wconf 90' lang='lat' dir='ltr'><strong>sibi</strong></span> <span class='ocrx_word' id='word_1_118' title='bbox 2675 661 3019 716; x_wconf 79' lang='lat' dir='ltr'><strong>familiariter</strong></span> <span class='ocrx_word' id='word_1_119' title='bbox 3081 666 3478 734; x_wconf 87' lang='lat' dir='ltr'><strong>reconciliato,</strong></span> 
     </span>
    </p>
   </div>
   <div class='ocr_carea' id='block_1_21' title="bbox 1898 751 3483 818">
    <p class='ocr_par' dir='ltr' id='par_1_21' title="bbox 1898 751 3483 818">
     <span class='ocr_line' id='line_1_21' title="bbox 1898 751 3483 818; baseline 0.006 -13"><span class='ocrx_word' id='word_1_120' title='bbox 1898 765 2112 806; x_wconf 84' lang='lat' dir='ltr'><strong>marcas</strong></span> <span class='ocrx_word' id='word_1_121' title='bbox 2143 765 2277 818; x_wconf 87' lang='lat' dir='ltr'><strong>quas</strong></span> <span class='ocrx_word' id='word_1_122' title='bbox 2330 752 2398 804; x_wconf 89' lang='lat' dir='ltr'><strong>ab</strong></span> <span class='ocrx_word' id='word_1_123' title='bbox 2428 765 2494 804; x_wconf 90' lang='lat' dir='ltr'><strong>eo</strong></span> <span class='ocrx_word' id='word_1_124' title='bbox 2524 751 2721 805; x_wconf 90' lang='lat' dir='ltr'><strong>tulerat</strong></span> <span class='ocrx_word' id='word_1_125' title='bbox 2748 752 2998 818; x_wconf 83' lang='lat' dir='ltr'><strong>reddidit,</strong></span> <span class='ocrx_word' id='word_1_126' title='bbox 3031 762 3090 808; x_wconf 91' lang='lat' dir='ltr'><strong>et</strong></span> <span class='ocrx_word' id='word_1_127' title='bbox 3128 755 3196 809; x_wconf 90' lang='lat' dir='ltr'><strong>ad</strong></span> <span class='ocrx_word' id='word_1_128' title='bbox 3241 755 3483 814; x_wconf 87' lang='lat' dir='ltr'><strong>Franco-</strong></span> 
     </span>
    </p>
   </div>
   <div class='ocr_carea' id='block_1_22' title="bbox 1897 841 3482 915">
    <p class='ocr_par' dir='ltr' id='par_1_22' title="bbox 1897 841 3482 915">
     <span class='ocr_line' id='line_1_22' title="bbox 1897 841 3482 915; baseline 0.005 -21"><span class='ocrx_word' id='word_1_129' title='bbox 1897 841 2091 895; x_wconf 82' lang='lat' dir='ltr'><strong>notortl</strong></span> <span class='ocrx_word' id='word_1_130' title='bbox 2128 841 2386 911; x_wconf 86' lang='lat' dir='ltr'><strong>palatium</strong></span> <span class='ocrx_word' id='word_1_131' title='bbox 2415 843 2590 896; x_wconf 88' lang='lat' dir='ltr'><strong>rediit.</strong></span> <span class='ocrx_word' id='word_1_132' title='bbox 2639 842 2867 898; x_wconf 85' lang='lat' dir='ltr'><strong>Carolus</strong></span> <span class='ocrx_word' id='word_1_133' title='bbox 2905 854 3086 898; x_wconf 88' lang='lat' dir='ltr'><strong>autem</strong></span> <span class='ocrx_word' id='word_1_134' title='bbox 3117 861 3214 915; x_wconf 90' lang='lat' dir='ltr'><strong>per</strong></span> <span class='ocrx_word' id='word_1_135' title='bbox 3248 847 3482 902; x_wconf 82' lang='lat' dir='ltr'><strong>Attiuia-</strong></span> 
     </span>
    </p>
   </div>
   <div class='ocr_carea' id='block_1_23' title="bbox 1899 931 3486 1008">
    <p class='ocr_par' dir='ltr' id='par_1_23' title="bbox 1899 931 3486 1008">
     <span class='ocr_line' id='line_1_23' title="bbox 1899 931 3486 1008; baseline 0.006 -22"><span class='ocrx_word' id='word_1_136' title='bbox 1899 946 2020 986; x_wconf 92' lang='lat' dir='ltr'><strong>cum</strong></span> <span class='ocrx_word' id='word_1_137' title='bbox 2046 935 2111 986; x_wconf 89' lang='lat' dir='ltr'><strong>ad</strong></span> <span class='ocrx_word' id='word_1_138' title='bbox 2143 931 2434 987; x_wconf 86' lang='lat' dir='ltr'><strong>Silviacum</strong></span> <span class='ocrx_word' id='word_1_139' title='bbox 2463 933 2483 971; x_wconf 71' lang='grc' dir='ltr'>ί</span> <span class='ocrx_word' id='word_1_140' title='bbox 2518 935 2758 998; x_wconf 86' lang='lat' dir='ltr'><strong>veniens,</strong></span> <span class='ocrx_word' id='word_1_141' title='bbox 2789 936 2983 991; x_wconf 87' lang='lat' dir='ltr'><strong>ibidem</strong></span> <span class='ocrx_word' id='word_1_142' title='bbox 3007 953 3216 992; x_wconf 88' lang='lat' dir='ltr'><strong>sacram</strong></span> <span class='ocrx_word' id='word_1_143' title='bbox 3249 941 3486 1008; x_wconf 86' lang='lat' dir='ltr'><strong>quadra-</strong></span> 
     </span>
    </p>
   </div>
   <div class='ocr_carea' id='block_1_24' title="bbox 1895 1024 3482 1094">
    <p class='ocr_par' dir='ltr' id='par_1_24' title="bbox 1895 1024 3482 1094">
     <span class='ocr_line' id='line_1_24' title="bbox 1895 1024 3482 1094; baseline 0.005 -17"><span class='ocrx_word' id='word_1_144' title='bbox 1895 1024 2157 1094; x_wconf 86' lang='lat' dir='ltr'><strong>gesimam</strong></span> <span class='ocrx_word' id='word_1_145' title='bbox 2179 1027 2202 1055; x_wconf 68' lang='grc'><strong>⁴</strong></span> <span class='ocrx_word' id='word_1_146' title='bbox 2231 1033 2286 1077; x_wconf 89' lang='lat' dir='ltr'><strong>et</strong></span> <span class='ocrx_word' id='word_1_147' title='bbox 2308 1026 2502 1092; x_wconf 83' lang='lat' dir='ltr'><strong>pascha</strong></span> <span class='ocrx_word' id='word_1_148' title='bbox 2536 1026 2745 1079; x_wconf 89' lang='lat' dir='ltr'><strong>Domini</strong></span> <span class='ocrx_word' id='word_1_149' title='bbox 2779 1028 3038 1092; x_wconf 85' lang='lat' dir='ltr'><strong>celebrat,</strong></span> <span class='ocrx_word' id='word_1_150' title='bbox 3066 1040 3120 1082; x_wconf 87' lang='lat' dir='ltr'><strong>et</strong></span> <span class='ocrx_word' id='word_1_151' title='bbox 3147 1029 3482 1085; x_wconf 84' lang='lat' dir='ltr'><strong>Bernardum</strong></span> 
     </span>
    </p>
   </div>
   <div class='ocr_carea' id='block_1_25' title="bbox 1898 1113 3485 1187">
    <p class='ocr_par' dir='ltr' id='par_1_25' title="bbox 1898 1113 3485 1187">
     <span class='ocr_line' id='line_1_25' title="bbox 1898 1113 3485 1187; baseline 0.004 -19"><span class='ocrx_word' id='word_1_152' title='bbox 1898 1128 1962 1168; x_wconf 76' lang='lat' dir='ltr'><strong>ex</strong></span> <span class='ocrx_word' id='word_1_153' title='bbox 1987 1115 2217 1183; x_wconf 88' lang='lat' dir='ltr'><strong>quodam</strong></span> <span class='ocrx_word' id='word_1_154' title='bbox 2247 1113 2522 1167; x_wconf 87' lang='lat' dir='ltr'><strong>Berttardo</strong></span> <span class='ocrx_word' id='word_1_155' title='bbox 2553 1116 2580 1154; x_wconf 73' lang='grc' dir='ltr'>ε</span> <span class='ocrx_word' id='word_1_156' title='bbox 2609 1124 2662 1168; x_wconf 89' lang='lat' dir='ltr'><strong>et</strong></span> <span class='ocrx_word' id='word_1_157' title='bbox 2695 1115 2799 1169; x_wconf 88' lang='lat' dir='ltr'><strong>ﬁlia</strong></span> <span class='ocrx_word' id='word_1_158' title='bbox 2827 1117 3117 1187; x_wconf 78' lang='lat' dir='ltr'><strong>llorigonis</strong></span> <span class='ocrx_word' id='word_1_159' title='bbox 3145 1119 3361 1174; x_wconf 82' lang='lat' dir='ltr'><strong>comitis</strong></span> <span class='ocrx_word' id='word_1_160' title='bbox 3386 1134 3485 1174; x_wconf 85' lang='lat' dir='ltr'><strong>na-</strong></span> 
     </span>
    </p>
   </div>
   <div class='ocr_carea' id='block_1_26' title="bbox 1899 1205 3481 1275">
    <p class='ocr_par' dir='ltr' id='par_1_26' title="bbox 1899 1205 3481 1275">
     <span class='ocr_line' id='line_1_26' title="bbox 1899 1205 3481 1275; baseline 0.003 -17"><span class='ocrx_word' id='word_1_161' title='bbox 1899 1214 2036 1268; x_wconf 91' lang='lat' dir='ltr'><strong>tum,</strong></span> <span class='ocrx_word' id='word_1_162' title='bbox 2069 1207 2121 1259; x_wconf 91' lang='lat' dir='ltr'><strong>in</strong></span> <span class='ocrx_word' id='word_1_163' title='bbox 2140 1205 2394 1259; x_wconf 87' lang='lat' dir='ltr'><strong>Gothiam</strong></span> <span class='ocrx_word' id='word_1_164' title='bbox 2426 1206 2666 1268; x_wconf 90' lang='lat' dir='ltr'><strong>mittens,</strong></span> <span class='ocrx_word' id='word_1_165' title='bbox 2705 1217 2913 1273; x_wconf 87' lang='lat' dir='ltr'><strong>partem</strong></span> <span class='ocrx_word' id='word_1_166' title='bbox 2955 1208 3123 1275; x_wconf 87' lang='lat' dir='ltr'><strong>ipsius</strong></span> <span class='ocrx_word' id='word_1_167' title='bbox 3163 1209 3421 1263; x_wconf 74' lang='lat' dir='ltr'><strong>marcltia:</strong></span> <span class='ocrx_word' id='word_1_168' title='bbox 3447 1209 3481 1252; x_wconf 79' lang='grc' dir='ltr'><strong>Ιι</strong></span> 
     </span>
    </p>
   </div>
   <div class='ocr_carea' id='block_1_27' title="bbox 1895 1295 3484 1363">
    <p class='ocr_par' dir='ltr' id='par_1_27' title="bbox 1895 1295 3484 1363">
     <span class='ocr_line' id='line_1_27' title="bbox 1895 1295 3484 1363; baseline 0.001 -12"><span class='ocrx_word' id='word_1_169' title='bbox 1895 1297 1970 1351; x_wconf 89' lang='lat' dir='ltr'><strong>illi</strong></span> <span class='ocrx_word' id='word_1_170' title='bbox 1997 1297 2322 1360; x_wconf 88' lang='lat' dir='ltr'><strong>committit;</strong></span> <span class='ocrx_word' id='word_1_171' title='bbox 2347 1304 2401 1349; x_wconf 92' lang='lat' dir='ltr'><strong>et</strong></span> <span class='ocrx_word' id='word_1_172' title='bbox 2423 1295 2503 1350; x_wconf 90' lang='lat' dir='ltr'><strong>sie</strong></span> <span class='ocrx_word' id='word_1_173' title='bbox 2535 1296 2748 1350; x_wconf 92' lang='lat' dir='ltr'><strong>demum</strong></span> <span class='ocrx_word' id='word_1_174' title='bbox 2777 1295 3007 1349; x_wconf 79' lang='lat' dir='ltr'><strong>Vernum</strong></span> <span class='ocrx_word' id='word_1_175' title='bbox 3033 1297 3216 1350; x_wconf 87' lang='lat' dir='ltr'><strong>villam</strong></span> <span class='ocrx_word' id='word_1_176' title='bbox 3237 1297 3484 1363; x_wconf 85' lang='lat' dir='ltr'><strong>veniens,</strong></span> 
     </span>
    </p>
   </div>
   <div class='ocr_carea' id='block_1_28' title="bbox 1898 1385 3484 1456">
    <p class='ocr_par' dir='ltr' id='par_1_28' title="bbox 1898 1385 3484 1456">
     <span class='ocr_line' id='line_1_28' title="bbox 1898 1385 3484 1456; baseline 0.001 -15"><span class='ocrx_word' id='word_1_177' title='bbox 1898 1388 2180 1456; x_wconf 90' lang='lat' dir='ltr'><strong>episcopos</strong></span> <span class='ocrx_word' id='word_1_178' title='bbox 2241 1402 2305 1440; x_wconf 89' lang='lat' dir='ltr'><strong>ac</strong></span> <span class='ocrx_word' id='word_1_179' title='bbox 2357 1395 2572 1439; x_wconf 88' lang='lat' dir='ltr'><strong>ceteros</strong></span> <span class='ocrx_word' id='word_1_180' title='bbox 2619 1385 2924 1453; x_wconf 65' lang='lat' dir='ltr'><strong>Aquitania:</strong></span> <span class='ocrx_word' id='word_1_181' title='bbox 2965 1387 3234 1456; x_wconf 87' lang='lat' dir='ltr'><strong>primores</strong></span> <span class='ocrx_word' id='word_1_182' title='bbox 3282 1387 3484 1442; x_wconf 83' lang='lat' dir='ltr'><strong>ibidem</strong></span> 
     </span>
    </p>
   </div>
   <div class='ocr_carea' id='block_1_29' title="bbox 1897 1476 3484 1548">
    <p class='ocr_par' dir='ltr' id='par_1_29' title="bbox 1897 1476 3484 1548">
     <span class='ocr_line' id='line_1_29' title="bbox 1897 1476 3484 1548; baseline 0.001 -17"><span class='ocrx_word' id='word_1_183' title='bbox 1897 1479 2088 1532; x_wconf 90' lang='lat' dir='ltr'><strong>obvius</strong></span> <span class='ocrx_word' id='word_1_184' title='bbox 2141 1479 2397 1546; x_wconf 85' lang='lat' dir='ltr'><strong>suscepit.</strong></span> <span class='ocrx_word' id='word_1_185' title='bbox 2456 1476 2535 1530; x_wconf 85' lang='lat' dir='ltr'><strong>Ad</strong></span> <span class='ocrx_word' id='word_1_186' title='bbox 2587 1493 2817 1545; x_wconf 89' lang='lat' dir='ltr'><strong>quorum</strong></span> <span class='ocrx_word' id='word_1_187' title='bbox 2874 1478 3099 1532; x_wconf 90' lang='lat' dir='ltr'><strong>mttltam</strong></span> <span class='ocrx_word' id='word_1_188' title='bbox 3161 1479 3484 1548; x_wconf 83' lang='lat' dir='ltr'><strong>petitionem</strong></span> 
     </span>
    </p>
   </div>
   <div class='ocr_carea' id='block_1_30' title="bbox 1895 1566 3476 1637">
    <p class='ocr_par' dir='ltr' id='par_1_30' title="bbox 1895 1566 3476 1637">
     <span class='ocr_line' id='line_1_30' title="bbox 1895 1566 3476 1637; baseline 0.001 -17"><span class='ocrx_word' id='word_1_189' title='bbox 1895 1567 2064 1620; x_wconf 88' lang='lat' dir='ltr'><strong>ﬁlium</strong></span> <span class='ocrx_word' id='word_1_190' title='bbox 2133 1583 2288 1620; x_wconf 89' lang='lat' dir='ltr'><strong>suum</strong></span> <span class='ocrx_word' id='word_1_191' title='bbox 2335 1566 2591 1620; x_wconf 88' lang='lat' dir='ltr'><strong>Carolum</strong></span> <span class='ocrx_word' id='word_1_192' title='bbox 2639 1567 2868 1620; x_wconf 85' lang='lat' dir='ltr'><strong>necdum</strong></span> <span class='ocrx_word' id='word_1_193' title='bbox 2911 1568 3049 1622; x_wconf 91' lang='lat' dir='ltr'><strong>bene</strong></span> <span class='ocrx_word' id='word_1_194' title='bbox 3107 1578 3411 1637; x_wconf 85' lang='lat' dir='ltr'><strong>spassatum</strong></span> <span class='ocrx_word' id='word_1_195' title='bbox 3458 1568 3476 1609; x_wconf 71' lang='grc' dir='ltr'><strong>ί</strong></span> 
     </span>
    </p>
   </div>
   <div class='ocr_carea' id='block_1_31' title="bbox 1896 1656 3482 1726">
    <p class='ocr_par' dir='ltr' id='par_1_31' title="bbox 1896 1656 3482 1726">
     <span class='ocr_line' id='line_1_31' title="bbox 1896 1656 3482 1726; baseline 0.002 -17"><span class='ocrx_word' id='word_1_196' title='bbox 1896 1657 1950 1709; x_wconf 91' lang='lat' dir='ltr'><strong>in</strong></span> <span class='ocrx_word' id='word_1_197' title='bbox 1977 1657 2326 1724; x_wconf 84' lang='lat' dir='ltr'><strong>Aquitaniam</strong></span> <span class='ocrx_word' id='word_1_198' title='bbox 2349 1671 2472 1710; x_wconf 90' lang='lat' dir='ltr'><strong>cum</strong></span> <span class='ocrx_word' id='word_1_199' title='bbox 2505 1657 2655 1726; x_wconf 86' lang='lat' dir='ltr'><strong>regio</strong></span> <span class='ocrx_word' id='word_1_200' title='bbox 2678 1656 2896 1711; x_wconf 85' lang='lat' dir='ltr'><strong>nomine</strong></span> <span class='ocrx_word' id='word_1_201' title='bbox 2920 1671 2984 1709; x_wconf 84' lang='lat' dir='ltr'><strong>ac</strong></span> <span class='ocrx_word' id='word_1_202' title='bbox 3005 1666 3276 1725; x_wconf 85' lang='lat' dir='ltr'><strong>potestate</strong></span> <span class='ocrx_word' id='word_1_203' title='bbox 3306 1657 3482 1713; x_wconf 88' lang='lat' dir='ltr'><strong>redire</strong></span> 
     </span>
    </p>
   </div>
   <div class='ocr_carea' id='block_1_32' title="bbox 1891 1745 2180 1814">
    <p class='ocr_par' dir='ltr' id='par_1_32' title="bbox 1891 1745 2180 1814">
     <span class='ocr_line' id='line_1_32' title="bbox 1891 1745 2180 1814; baseline -0.003 -16"><span class='ocrx_word' id='word_1_204' title='bbox 1891 1745 2180 1814; x_wconf 82' lang='lat' dir='ltr'><strong>permittit.</strong></span> 
     </span>
    </p>
   </div>
   <div class='ocr_carea' id='block_1_33' title="bbox 190 1823 3480 1908">
    <p class='ocr_par' dir='ltr' id='par_1_33' title="bbox 190 1823 3480 1908">
     <span class='ocr_line' id='line_1_33' title="bbox 190 1823 3480 1908; baseline -0.002 -16"><span class='ocrx_word' id='word_1_205' title='bbox 190 1837 588 1901; x_wconf 90' lang='lat' dir='ltr'><strong>consideratis,</strong></span> <span class='ocrx_word' id='word_1_206' title='bbox 618 1837 949 1891; x_wconf 88' lang='lat' dir='ltr'><strong>missaticum</strong></span> <span class='ocrx_word' id='word_1_207' title='bbox 985 1853 1083 1906; x_wconf 91' lang='lat' dir='ltr'><strong>per</strong></span> <span class='ocrx_word' id='word_1_208' title='bbox 1112 1839 1413 1906; x_wconf 85' lang='lat' dir='ltr'><strong>episcopos,</strong></span> <span class='ocrx_word' id='word_1_209' title='bbox 1443 1837 1728 1890; x_wconf 88' lang='lat' dir='ltr'><strong>Altfridum</strong></span> <span class='ocrx_word' id='word_1_210' title='bbox 1751 1849 1783 1876; x_wconf 75' lang='grc' dir='ltr'><strong>-ο</strong></span> <span class='ocrx_word' id='word_1_211' title='bbox 1823 1850 1866 1908; x_wconf 78' lang='grc' dir='ltr'><strong><em>Β</em></strong></span> <span class='ocrx_word' id='word_1_212' title='bbox 1964 1834 2218 1889; x_wconf 79' lang='lat' dir='ltr'><strong>Nicolaus</strong></span> <span class='ocrx_word' id='word_1_213' title='bbox 2246 1849 2382 1904; x_wconf 90' lang='lat' dir='ltr'><strong>papa</strong></span> <span class='ocrx_word' id='word_1_214' title='bbox 2419 1833 2734 1896; x_wconf 80' lang='lat' dir='ltr'><strong>Arsenium,</strong></span> <span class='ocrx_word' id='word_1_215' title='bbox 2763 1823 3048 1888; x_wconf 84' lang='lat' dir='ltr'><strong>Ortensem</strong></span> <span class='ocrx_word' id='word_1_216' title='bbox 3077 1834 3391 1902; x_wconf 88' lang='lat' dir='ltr'><strong>episcopum</strong></span> <span class='ocrx_word' id='word_1_217' title='bbox 3423 1845 3480 1889; x_wconf 88' lang='lat' dir='ltr'><strong>et</strong></span> 
     </span>
    </p>
   </div>
   <div class='ocr_carea' id='block_1_34' title="bbox 188 1925 1788 1996">
    <p class='ocr_par' dir='ltr' id='par_1_34' title="bbox 188 1925 1788 1996">
     <span class='ocr_line' id='line_1_34' title="bbox 188 1925 1788 1996; baseline 0.001 -17"><span class='ocrx_word' id='word_1_218' title='bbox 188 1925 461 1981; x_wconf 70' lang='lat' dir='ltr'><strong>videlicet</strong></span> <span class='ocrx_word' id='word_1_219' title='bbox 505 1935 562 1980; x_wconf 91' lang='lat' dir='ltr'><strong>et</strong></span> <span class='ocrx_word' id='word_1_220' title='bbox 609 1926 1006 1980; x_wconf 86' lang='lat' dir='ltr'><strong>Ercbattratum</strong></span> <span class='ocrx_word' id='word_1_221' title='bbox 1054 1925 1106 1990; x_wconf 76' lang='grc' dir='ltr'><strong>ἀ,</strong></span> <span class='ocrx_word' id='word_1_222' title='bbox 1151 1927 1408 1981; x_wconf 88' lang='lat' dir='ltr'><strong>Lotbario</strong></span> <span class='ocrx_word' id='word_1_223' title='bbox 1463 1928 1643 1996; x_wconf 88' lang='lat' dir='ltr'><strong>nepoti</strong></span> <span class='ocrx_word' id='word_1_224' title='bbox 1691 1941 1788 1981; x_wconf 87' lang='lat' dir='ltr'><strong>suo</strong></span> 
     </span>
    </p>
   </div>
   <div class='ocr_carea' id='block_1_35' title="bbox 175 2015 1790 2087">
    <p class='ocr_par' dir='ltr' id='par_1_35' title="bbox 175 2015 1790 2087">
     <span class='ocr_line' id='line_1_35' title="bbox 175 2015 1790 2087; baseline 0.004 -19"><span class='ocrx_word' id='word_1_225' title='bbox 175 2015 604 2080; x_wconf 81' lang='lat' dir='ltr'><strong>’transmitttmt,</strong></span> <span class='ocrx_word' id='word_1_226' title='bbox 657 2017 978 2070; x_wconf 86' lang='lat' dir='ltr'><strong>mandantes</strong></span> <span class='ocrx_word' id='word_1_227' title='bbox 1021 2025 1082 2069; x_wconf 91' lang='lat' dir='ltr'><strong>ut</strong></span> <span class='ocrx_word' id='word_1_228' title='bbox 1111 2017 1237 2085; x_wconf 89' lang='lat' dir='ltr'><strong>quia</strong></span> <span class='ocrx_word' id='word_1_229' title='bbox 1269 2031 1411 2087; x_wconf 69' lang='lat' dir='ltr'><strong>saepe</strong></span> <span class='ocrx_word' id='word_1_230' title='bbox 1457 2017 1692 2072; x_wconf 78' lang='lat' dir='ltr'><strong>dicebat</strong></span> <span class='ocrx_word' id='word_1_231' title='bbox 1731 2033 1790 2074; x_wconf 85' lang='lat' dir='ltr'><strong>se</strong></span> 
     </span>
    </p>
   </div>
   <div class='ocr_carea' id='block_1_36' title="bbox 189 2104 1790 2178">
    <p class='ocr_par' dir='ltr' id='par_1_36' title="bbox 189 2104 1790 2178">
     <span class='ocr_line' id='line_1_36' title="bbox 189 2104 1790 2178; baseline 0.002 -18"><span class='ocrx_word' id='word_1_232' title='bbox 189 2104 436 2160; x_wconf 80' lang='lat' dir='ltr'><strong>Romam</strong></span> <span class='ocrx_word' id='word_1_233' title='bbox 467 2105 690 2171; x_wconf 92' lang='lat' dir='ltr'><strong>iturum,</strong></span> <span class='ocrx_word' id='word_1_234' title='bbox 717 2108 869 2176; x_wconf 84' lang='lat' dir='ltr'><strong>prius</strong></span> <span class='ocrx_word' id='word_1_235' title='bbox 898 2109 1195 2162; x_wconf 86' lang='lat' dir='ltr'><strong>secundum</strong></span> <span class='ocrx_word' id='word_1_236' title='bbox 1217 2107 1403 2163; x_wconf 89' lang='lat' dir='ltr'><strong>domni</strong></span> <span class='ocrx_word' id='word_1_237' title='bbox 1430 2110 1707 2178; x_wconf 88' lang='lat' dir='ltr'><strong>apostolici</strong></span> <span class='ocrx_word' id='word_1_238' title='bbox 1735 2119 1790 2164; x_wconf 79' lang='lat' dir='ltr'><strong>et</strong></span> 
     </span>
    </p>
   </div>
   <div class='ocr_carea' id='block_1_37' title="bbox 171 2196 1791 2271">
    <p class='ocr_par' dir='ltr' id='par_1_37' title="bbox 171 2196 1791 2271">
     <span class='ocr_line' id='line_1_37' title="bbox 171 2196 1791 2271; baseline 0.004 -22"><span class='ocrx_word' id='word_1_239' title='bbox 171 2210 396 2250; x_wconf 77' lang='lat' dir='ltr'><strong>eorum</strong></span> <span class='ocrx_word' id='word_1_240' title='bbox 436 2196 837 2252; x_wconf 88' lang='lat' dir='ltr'><strong>hortamentum</strong></span> <span class='ocrx_word' id='word_1_241' title='bbox 865 2200 1196 2265; x_wconf 88' lang='lat' dir='ltr'><strong>emendaret,</strong></span> <span class='ocrx_word' id='word_1_242' title='bbox 1238 2200 1382 2269; x_wconf 89' lang='lat' dir='ltr'><strong>quod</strong></span> <span class='ocrx_word' id='word_1_243' title='bbox 1430 2209 1616 2254; x_wconf 85' lang='lat' dir='ltr'><strong>contra</strong></span> <span class='ocrx_word' id='word_1_244' title='bbox 1639 2201 1791 2271; x_wconf 80' lang='lat' dir='ltr'><strong>leges</strong></span> 
     </span>
    </p>
   </div>
   <div class='ocr_carea' id='block_1_38' title="bbox 187 2283 1787 2358">
    <p class='ocr_par' dir='ltr' id='par_1_38' title="bbox 187 2283 1787 2358">
     <span class='ocr_line' id='line_1_38' title="bbox 187 2283 1787 2358; baseline 0.004 -21"><span class='ocrx_word' id='word_1_245' title='bbox 187 2283 418 2339; x_wconf 89' lang='lat' dir='ltr'><strong>divinas</strong></span> <span class='ocrx_word' id='word_1_246' title='bbox 433 2293 500 2340; x_wconf 83' lang='lat' dir='ltr'><strong>et</strong></span> <span class='ocrx_word' id='word_1_247' title='bbox 538 2286 810 2342; x_wconf 83' lang='lat' dir='ltr'><strong>humanas</strong></span> <span class='ocrx_word' id='word_1_248' title='bbox 840 2289 1187 2343; x_wconf 87' lang='lat' dir='ltr'><strong>commiserat</strong></span> <span class='ocrx_word' id='word_1_249' title='bbox 1226 2289 1280 2343; x_wconf 92' lang='lat' dir='ltr'><strong>in</strong></span> <span class='ocrx_word' id='word_1_250' title='bbox 1322 2289 1593 2353; x_wconf 83' lang='lat' dir='ltr'><strong>Ecclesia,</strong></span> <span class='ocrx_word' id='word_1_251' title='bbox 1627 2305 1787 2358; x_wconf 86' lang='lat' dir='ltr'><strong>quam</strong></span> 
     </span>
    </p>
   </div>
   <div class='ocr_carea' id='block_1_39' title="bbox 173 2376 1788 2444">
    <p class='ocr_par' dir='ltr' id='par_1_39' title="bbox 173 2376 1788 2444">
     <span class='ocr_line' id='line_1_39' title="bbox 173 2376 1788 2444; baseline 0.006 -16"><span class='ocrx_word' id='word_1_252' title='bbox 173 2387 296 2429; x_wconf 62' lang='lat' dir='ltr'><strong>sua</strong></span> <span class='ocrx_word' id='word_1_253' title='bbox 346 2376 658 2430; x_wconf 75' lang='lat' dir='ltr'><strong>temeritate</strong></span> <span class='ocrx_word' id='word_1_254' title='bbox 709 2378 1196 2444; x_wconf 85' lang='lat' dir='ltr'><strong>scandalizaverat,</strong></span> <span class='ocrx_word' id='word_1_255' title='bbox 1251 2389 1307 2434; x_wconf 90' lang='lat' dir='ltr'><strong>et</strong></span> <span class='ocrx_word' id='word_1_256' title='bbox 1361 2388 1489 2435; x_wconf 89' lang='lat' dir='ltr'><strong>tunc</strong></span> <span class='ocrx_word' id='word_1_257' title='bbox 1528 2383 1788 2437; x_wconf 86' lang='lat' dir='ltr'><strong>ordinato</strong></span> 
     </span>
    </p>
   </div>
   <div class='ocr_carea' id='block_1_40' title="bbox 190 2466 1787 2541">
    <p class='ocr_par' dir='ltr' id='par_1_40' title="bbox 190 2466 1787 2541">
     <span class='ocr_line' id='line_1_40' title="bbox 190 2466 1787 2541; baseline 0.004 -23"><span class='ocrx_word' id='word_1_258' title='bbox 190 2478 370 2534; x_wconf 89' lang='lat' dir='ltr'><strong>regno</strong></span> <span class='ocrx_word' id='word_1_259' title='bbox 397 2480 518 2531; x_wconf 94' lang='lat' dir='ltr'><strong>suo,</strong></span> <span class='ocrx_word' id='word_1_260' title='bbox 543 2466 588 2520; x_wconf 90' lang='lat' dir='ltr'><strong>si</strong></span> <span class='ocrx_word' id='word_1_261' title='bbox 619 2467 796 2533; x_wconf 88' lang='lat' dir='ltr'><strong>vellet,</strong></span> <span class='ocrx_word' id='word_1_262' title='bbox 821 2483 920 2538; x_wconf 91' lang='lat' dir='ltr'><strong>pro</strong></span> <span class='ocrx_word' id='word_1_263' title='bbox 950 2469 1277 2541; x_wconf 77' lang='lat' dir='ltr'><strong>indulgentia</strong></span> <span class='ocrx_word' id='word_1_264' title='bbox 1307 2471 1541 2539; x_wconf 82' lang='lat' dir='ltr'><strong>petenda</strong></span> <span class='ocrx_word' id='word_1_265' title='bbox 1563 2481 1618 2524; x_wconf 89' lang='lat' dir='ltr'><strong>et</strong></span> <span class='ocrx_word' id='word_1_266' title='bbox 1643 2472 1787 2526; x_wconf 86' lang='lat' dir='ltr'><strong>obti-</strong></span> 
     </span>
    </p>
   </div>
   <div class='ocr_carea' id='block_1_41' title="bbox 189 2553 1788 2627">
    <p class='ocr_par' dir='ltr' id='par_1_41' title="bbox 189 2553 1788 2627">
     <span class='ocr_line' id='line_1_41' title="bbox 189 2553 1788 2627; baseline 0.006 -22"><span class='ocrx_word' id='word_1_267' title='bbox 189 2553 379 2606; x_wconf 89' lang='lat' dir='ltr'><strong>nenda</strong></span> <span class='ocrx_word' id='word_1_268' title='bbox 407 2553 476 2608; x_wconf 90' lang='lat' dir='ltr'><strong>ad</strong></span> <span class='ocrx_word' id='word_1_269' title='bbox 511 2555 877 2623; x_wconf 90' lang='lat' dir='ltr'><strong>apostolorum</strong></span> <span class='ocrx_word' id='word_1_270' title='bbox 909 2557 1094 2612; x_wconf 89' lang='lat' dir='ltr'><strong>limina</strong></span> <span class='ocrx_word' id='word_1_271' title='bbox 1132 2568 1469 2627; x_wconf 86' lang='lat' dir='ltr'><strong>properaret.</strong></span> <span class='ocrx_word' id='word_1_272' title='bbox 1503 2559 1788 2615; x_wconf 86' lang='lat' dir='ltr'><strong>Lotharius</strong></span> 
     </span>
    </p>
   </div>
   <div class='ocr_carea' id='block_1_42' title="bbox 178 2646 1787 2718">
    <p class='ocr_par' dir='ltr' id='par_1_42' title="bbox 178 2646 1787 2718">
     <span class='ocr_line' id='line_1_42' title="bbox 178 2646 1787 2718; baseline 0.006 -24"><span class='ocrx_word' id='word_1_273' title='bbox 178 2656 330 2696; x_wconf 60' lang='lat' dir='ltr'><strong>vero</strong></span> <span class='ocrx_word' id='word_1_274' title='bbox 359 2652 579 2711; x_wconf 89' lang='lat' dir='ltr'><strong>putans,</strong></span> <span class='ocrx_word' id='word_1_275' title='bbox 605 2646 748 2714; x_wconf 90' lang='lat' dir='ltr'><strong>quod</strong></span> <span class='ocrx_word' id='word_1_276' title='bbox 771 2647 872 2700; x_wconf 90' lang='lat' dir='ltr'><strong>sibi</strong></span> <span class='ocrx_word' id='word_1_277' title='bbox 913 2663 1134 2718; x_wconf 78' lang='lat' dir='ltr'><strong>regnum</strong></span> <span class='ocrx_word' id='word_1_278' title='bbox 1162 2649 1444 2718; x_wconf 88' lang='lat' dir='ltr'><strong>subripere</strong></span> <span class='ocrx_word' id='word_1_279' title='bbox 1472 2659 1527 2702; x_wconf 91' lang='lat' dir='ltr'><strong>et</strong></span> <span class='ocrx_word' id='word_1_280' title='bbox 1558 2651 1705 2704; x_wconf 89' lang='lat' dir='ltr'><strong>inter</strong></span> <span class='ocrx_word' id='word_1_281' title='bbox 1727 2663 1787 2704; x_wconf 85' lang='lat' dir='ltr'><strong>se</strong></span> 
     </span>
    </p>
   </div>
   <div class='ocr_carea' id='block_1_43' title="bbox 185 2731 1788 2801">
    <p class='ocr_par' dir='ltr' id='par_1_43' title="bbox 185 2731 1788 2801">
     <span class='ocr_line' id='line_1_43' title="bbox 185 2731 1788 2801; baseline 0.004 -16"><span class='ocrx_word' id='word_1_282' title='bbox 185 2731 404 2786; x_wconf 75' lang='lat' dir='ltr'><strong>vellent</strong></span> <span class='ocrx_word' id='word_1_283' title='bbox 441 2733 702 2798; x_wconf 72' lang='lat' dir='ltr'><strong>dividere,</strong></span> <span class='ocrx_word' id='word_1_284' title='bbox 750 2734 1094 2799; x_wconf 88' lang='lat' dir='ltr'><strong>Liutfridum,</strong></span> <span class='ocrx_word' id='word_1_285' title='bbox 1141 2738 1464 2791; x_wconf 90' lang='lat' dir='ltr'><strong>avunculum</strong></span> <span class='ocrx_word' id='word_1_286' title='bbox 1511 2753 1686 2801; x_wconf 92' lang='lat' dir='ltr'><strong>suum,</strong></span> <span class='ocrx_word' id='word_1_287' title='bbox 1720 2739 1788 2792; x_wconf 89' lang='lat' dir='ltr'><strong>ad</strong></span> 
     </span>
    </p>
   </div>
   <div class='ocr_carea' id='block_1_44' title="bbox 175 2819 1788 2897">
    <p class='ocr_par' dir='ltr' id='par_1_44' title="bbox 175 2819 1788 2897">
     <span class='ocr_line' id='line_1_44' title="bbox 175 2819 1788 2897; baseline 0.005 -22"><span class='ocrx_word' id='word_1_288' title='bbox 175 2819 431 2876; x_wconf 51' lang='lat' dir='ltr'><strong>efratrem</strong></span> <span class='ocrx_word' id='word_1_289' title='bbox 473 2829 528 2875; x_wconf 92' lang='lat' dir='ltr'><strong>et</strong></span> <span class='ocrx_word' id='word_1_290' title='bbox 559 2821 734 2876; x_wconf 68' lang='lat' dir='ltr'><strong>italia:</strong></span> <span class='ocrx_word' id='word_1_291' title='bbox 781 2823 1159 2894; x_wconf 85' lang='lat' dir='ltr'><strong>imperatorem</strong></span> <span class='ocrx_word' id='word_1_292' title='bbox 1209 2827 1549 2892; x_wconf 86' lang='lat' dir='ltr'><strong>transmittit,</strong></span> <span class='ocrx_word' id='word_1_293' title='bbox 1600 2837 1788 2897; x_wconf 88' lang='lat' dir='ltr'><strong>petens</strong></span> 
     </span>
    </p>
   </div>
   <div class='ocr_carea' id='block_1_45' title="bbox 177 2911 1788 2987">
    <p class='ocr_par' dir='ltr' id='par_1_45' title="bbox 177 2911 1788 2987">
     <span class='ocr_line' id='line_1_45' title="bbox 177 2911 1788 2987; baseline 0.006 -23"><span class='ocrx_word' id='word_1_294' title='bbox 177 2911 352 2964; x_wconf 64' lang='lat' dir='ltr'><strong>illum</strong></span> <span class='ocrx_word' id='word_1_295' title='bbox 382 2911 526 2980; x_wconf 89' lang='lat' dir='ltr'><strong>apud</strong></span> <span class='ocrx_word' id='word_1_296' title='bbox 574 2913 929 2982; x_wconf 88' lang='lat' dir='ltr'><strong>apostolicum</strong></span> <span class='ocrx_word' id='word_1_297' title='bbox 975 2915 1242 2981; x_wconf 90' lang='lat' dir='ltr'><strong>obtinere,</strong></span> <span class='ocrx_word' id='word_1_298' title='bbox 1287 2926 1556 2987; x_wconf 89' lang='lat' dir='ltr'><strong>quatenus</strong></span> <span class='ocrx_word' id='word_1_299' title='bbox 1598 2933 1695 2987; x_wconf 90' lang='lat' dir='ltr'><strong>pro</strong></span> <span class='ocrx_word' id='word_1_300' title='bbox 1722 2933 1788 2974; x_wconf 90' lang='lat' dir='ltr'><strong>eo</strong></span> 
     </span>
    </p>
   </div>
   <div class='ocr_carea' id='block_1_46' title="bbox 180 3001 1790 3080">
    <p class='ocr_par' dir='ltr' id='par_1_46' title="bbox 180 3001 1790 3080">
     <span class='ocr_line' id='line_1_46' title="bbox 180 3001 1790 3080; baseline 0.007 -27"><span class='ocrx_word' id='word_1_301' title='bbox 180 3001 413 3071; x_wconf 71' lang='lat' dir='ltr'><strong>patruis</strong></span> <span class='ocrx_word' id='word_1_302' title='bbox 441 3003 555 3058; x_wconf 88' lang='lat' dir='ltr'><strong>suis</strong></span> <span class='ocrx_word' id='word_1_303' title='bbox 585 3003 608 3035; x_wconf 88' lang='grc'>³</span> <span class='ocrx_word' id='word_1_304' title='bbox 634 3005 887 3075; x_wconf 88' lang='lat' dir='ltr'><strong>epistolas</strong></span> <span class='ocrx_word' id='word_1_305' title='bbox 941 3008 1200 3073; x_wconf 88' lang='lat' dir='ltr'><strong>mitteret,</strong></span> <span class='ocrx_word' id='word_1_306' title='bbox 1245 3017 1302 3064; x_wconf 89' lang='lat' dir='ltr'><strong>ut</strong></span> <span class='ocrx_word' id='word_1_307' title='bbox 1345 3025 1534 3080; x_wconf 88' lang='lat' dir='ltr'><strong>pacem</strong></span> <span class='ocrx_word' id='word_1_308' title='bbox 1567 3025 1790 3066; x_wconf 87' lang='lat' dir='ltr'><strong>servan-</strong></span> 
     </span>
    </p>
   </div>
   <div class='ocr_carea' id='block_1_47' title="bbox 192 3091 1782 3169">
    <p class='ocr_par' dir='ltr' id='par_1_47' title="bbox 192 3091 1782 3169">
     <span class='ocr_line' id='line_1_47' title="bbox 192 3091 1782 3169; baseline 0.007 -25"><span class='ocrx_word' id='word_1_309' title='bbox 192 3099 282 3145; x_wconf 91' lang='lat' dir='ltr'><strong>tes</strong></span> <span class='ocrx_word' id='word_1_310' title='bbox 312 3091 384 3146; x_wconf 90' lang='lat' dir='ltr'><strong>de</strong></span> <span class='ocrx_word' id='word_1_311' title='bbox 407 3107 572 3162; x_wconf 91' lang='lat' dir='ltr'><strong>regno</strong></span> <span class='ocrx_word' id='word_1_312' title='bbox 600 3110 698 3150; x_wconf 88' lang='lat' dir='ltr'><strong>suo</strong></span> <span class='ocrx_word' id='word_1_313' title='bbox 728 3096 931 3150; x_wconf 91' lang='lat' dir='ltr'><strong>nullum</strong></span> <span class='ocrx_word' id='word_1_314' title='bbox 963 3098 1010 3152; x_wconf 91' lang='lat' dir='ltr'><strong>ei</strong></span> <span class='ocrx_word' id='word_1_315' title='bbox 1043 3099 1488 3169; x_wconf 88' lang='lat' dir='ltr'><strong>impedimentum</strong></span> <span class='ocrx_word' id='word_1_316' title='bbox 1521 3099 1782 3167; x_wconf 89' lang='lat' dir='ltr'><strong>facerent;</strong></span> 
     </span>
    </p>
   </div>
   <div class='ocr_carea' id='block_1_48' title="bbox 177 3183 1397 3259">
    <p class='ocr_par' dir='ltr' id='par_1_48' title="bbox 177 3183 1397 3259">
     <span class='ocr_line' id='line_1_48' title="bbox 177 3183 1397 3259; baseline 0.008 -23"><span class='ocrx_word' id='word_1_317' title='bbox 177 3184 346 3253; x_wconf 88' lang='lat' dir='ltr'><strong>-quod</strong></span> <span class='ocrx_word' id='word_1_318' title='bbox 374 3194 431 3239; x_wconf 89' lang='lat' dir='ltr'><strong>et</strong></span> <span class='ocrx_word' id='word_1_319' title='bbox 456 3183 800 3242; x_wconf 85' lang='lat' dir='ltr'><strong>llludowicus</strong></span> <span class='ocrx_word' id='word_1_320' title='bbox 831 3189 1125 3259; x_wconf 88' lang='lat' dir='ltr'><strong>imperator</strong></span> <span class='ocrx_word' id='word_1_321' title='bbox 1143 3193 1397 3246; x_wconf 84' lang='lat' dir='ltr'><strong>obtinuit.</strong></span> 
     </span>
    </p>
   </div>
   <div class='ocr_carea' id='block_1_49' title="bbox 268 3275 1785 3354">
    <p class='ocr_par' dir='ltr' id='par_1_49' title="bbox 268 3275 1785 3354">
     <span class='ocr_line' id='line_1_49' title="bbox 268 3275 1785 3354; baseline 0.008 -25"><span class='ocrx_word' id='word_1_322' title='bbox 268 3275 486 3331; x_wconf 79' lang='lat' dir='ltr'><strong>Interea</strong></span> <span class='ocrx_word' id='word_1_323' title='bbox 531 3289 555 3318; x_wconf 80' lang='grc' dir='ltr'><strong>ο</strong></span> <span class='ocrx_word' id='word_1_324' title='bbox 590 3277 910 3335; x_wconf 83' lang='lat' dir='ltr'><strong>Nortmanni</strong></span> <span class='ocrx_word' id='word_1_325' title='bbox 968 3283 1268 3338; x_wconf 87' lang='lat' dir='ltr'><strong>residentes</strong></span> <span class='ocrx_word' id='word_1_326' title='bbox 1300 3284 1354 3338; x_wconf 92' lang='lat' dir='ltr'><strong>in</strong></span> <span class='ocrx_word' id='word_1_327' title='bbox 1410 3283 1610 3354; x_wconf 80' lang='lat' dir='ltr'><strong>Ligeri,</strong></span> <span class='ocrx_word' id='word_1_328' title='bbox 1663 3301 1785 3341; x_wconf 85' lang='lat' dir='ltr'><strong>eum</strong></span> 
     </span>
    </p>
   </div>
   <div class='ocr_carea' id='block_1_50' title="bbox 193 3368 1787 3443">
    <p class='ocr_par' dir='ltr' id='par_1_50' title="bbox 193 3368 1787 3443">
     <span class='ocr_line' id='line_1_50' title="bbox 193 3368 1787 3443; baseline 0.007 -22"><span class='ocrx_word' id='word_1_329' title='bbox 193 3368 445 3423; x_wconf 82' lang='lat' dir='ltr'><strong>maximo</strong></span> <span class='ocrx_word' id='word_1_330' title='bbox 494 3370 718 3441; x_wconf 87' lang='lat' dir='ltr'><strong>impetu,</strong></span> <span class='ocrx_word' id='word_1_331' title='bbox 769 3371 1002 3428; x_wconf 80' lang='lat' dir='ltr'><strong>faciente</strong></span> <span class='ocrx_word' id='word_1_332' title='bbox 1053 3373 1234 3428; x_wconf 77' lang='lat' dir='ltr'><strong>divino</strong></span> <span class='ocrx_word' id='word_1_333' title='bbox 1270 3375 1495 3443; x_wconf 88' lang='lat' dir='ltr'><strong>judicio,</strong></span> <span class='ocrx_word' id='word_1_334' title='bbox 1548 3377 1787 3432; x_wconf 88' lang='lat' dir='ltr'><strong>secundo</strong></span> 
     </span>
    </p>
   </div>
   <div class='ocr_carea' id='block_1_51' title="bbox 193 3463 1786 3536">
    <p class='ocr_par' dir='ltr' id='par_1_51' title="bbox 193 3463 1786 3536">
     <span class='ocr_line' id='line_1_51' title="bbox 193 3463 1786 3536; baseline 0.005 -22"><span class='ocrx_word' id='word_1_335' title='bbox 193 3471 368 3515; x_wconf 76' lang='lat' dir='ltr'><strong>vento</strong></span> <span class='ocrx_word' id='word_1_336' title='bbox 415 3476 512 3530; x_wconf 88' lang='lat' dir='ltr'><strong>per</strong></span> <span class='ocrx_word' id='word_1_337' title='bbox 537 3464 785 3518; x_wconf 92' lang='lat' dir='ltr'><strong>eumdem</strong></span> <span class='ocrx_word' id='word_1_338' title='bbox 827 3463 1046 3519; x_wconf 85' lang='lat' dir='ltr'><strong>ﬂuvium</strong></span> <span class='ocrx_word' id='word_1_339' title='bbox 1076 3481 1248 3536; x_wconf 89' lang='lat' dir='ltr'><strong>usque</strong></span> <span class='ocrx_word' id='word_1_340' title='bbox 1295 3468 1362 3520; x_wconf 90' lang='lat' dir='ltr'><strong>ad</strong></span> <span class='ocrx_word' id='word_1_341' title='bbox 1399 3468 1786 3522; x_wconf 89' lang='lat' dir='ltr'><strong>monasterium</strong></span> 
     </span>
    </p>
   </div>
   <div class='ocr_carea' id='block_1_52' title="bbox 183 3552 1788 3631">
    <p class='ocr_par' dir='ltr' id='par_1_52' title="bbox 183 3552 1788 3631">
     <span class='ocr_line' id='line_1_52' title="bbox 183 3552 1788 3631; baseline 0.004 -23"><span class='ocrx_word' id='word_1_342' title='bbox 183 3552 380 3608; x_wconf 75' lang='lat' dir='ltr'><strong>saneti</strong></span> <span class='ocrx_word' id='word_1_343' title='bbox 404 3552 676 3609; x_wconf 82' lang='lat' dir='ltr'><strong>Benedicti</strong></span> <span class='ocrx_word' id='word_1_344' title='bbox 703 3557 845 3625; x_wconf 84' lang='lat' dir='ltr'><strong>quod</strong></span> <span class='ocrx_word' id='word_1_345' title='bbox 884 3557 1163 3613; x_wconf 89' lang='lat' dir='ltr'><strong>Floriaeus</strong></span> <span class='ocrx_word' id='word_1_346' title='bbox 1193 3558 1394 3614; x_wconf 89' lang='lat' dir='ltr'><strong>dicitur</strong></span> <span class='ocrx_word' id='word_1_347' title='bbox 1429 3560 1706 3631; x_wconf 78' lang='lat' dir='ltr'><strong>navigant,</strong></span> <span class='ocrx_word' id='word_1_348' title='bbox 1732 3569 1788 3615; x_wconf 90' lang='lat' dir='ltr'><strong>et</strong></span> 
     </span>
    </p>
   </div>
   <div class='ocr_carea' id='block_1_53' title="bbox 185 3641 1786 3712">
    <p class='ocr_par' dir='ltr' id='par_1_53' title="bbox 185 3641 1786 3712">
     <span class='ocr_line' id='line_1_53' title="bbox 185 3641 1786 3712; baseline 0.006 -16"><span class='ocrx_word' id='word_1_349' title='bbox 185 3641 348 3698; x_wconf 66' lang='lat' dir='ltr'><strong>idem</strong></span> <span class='ocrx_word' id='word_1_350' title='bbox 390 3645 778 3699; x_wconf 86' lang='lat' dir='ltr'><strong>monasterium</strong></span> <span class='ocrx_word' id='word_1_351' title='bbox 814 3647 1130 3712; x_wconf 88' lang='lat' dir='ltr'><strong>incendunt,</strong></span> <span class='ocrx_word' id='word_1_352' title='bbox 1170 3658 1226 3703; x_wconf 93' lang='lat' dir='ltr'><strong>et</strong></span> <span class='ocrx_word' id='word_1_353' title='bbox 1271 3650 1325 3704; x_wconf 89' lang='lat' dir='ltr'><strong>in</strong></span> <span class='ocrx_word' id='word_1_354' title='bbox 1359 3652 1634 3706; x_wconf 90' lang='lat' dir='ltr'><strong>redeundo</strong></span> <span class='ocrx_word' id='word_1_355' title='bbox 1670 3650 1786 3706; x_wconf 83' lang='lat' dir='ltr'><strong>Au-</strong></span> 
     </span>
    </p>
   </div>
   <div class='ocr_carea' id='block_1_54' title="bbox 193 3730 1788 3795">
    <p class='ocr_par' dir='ltr' id='par_1_54' title="bbox 193 3730 1788 3795">
     <span class='ocr_line' id='line_1_54' title="bbox 193 3730 1788 3795; baseline 0.007 -11"><span class='ocrx_word' id='word_1_356' title='bbox 193 3730 432 3785; x_wconf 89' lang='lat' dir='ltr'><strong>relianis</strong></span> <span class='ocrx_word' id='word_1_357' title='bbox 459 3731 733 3787; x_wconf 88' lang='lat' dir='ltr'><strong>civitatem</strong></span> <span class='ocrx_word' id='word_1_358' title='bbox 780 3743 836 3789; x_wconf 91' lang='lat' dir='ltr'><strong>et</strong></span> <span class='ocrx_word' id='word_1_359' title='bbox 886 3739 1215 3793; x_wconf 89' lang='lat' dir='ltr'><strong>monasteria</strong></span> <span class='ocrx_word' id='word_1_360' title='bbox 1246 3740 1531 3794; x_wconf 79' lang='lat' dir='ltr'><strong>ihidem‘et</strong></span> <span class='ocrx_word' id='word_1_361' title='bbox 1556 3740 1788 3795; x_wconf 89' lang='lat' dir='ltr'><strong>cireum-</strong></span> 
     </span>
    </p>
   </div>
   <div class='ocr_carea' id='block_1_55' title="bbox 194 3819 1786 3896">
    <p class='ocr_par' dir='ltr' id='par_1_55' title="bbox 194 3819 1786 3896">
     <span class='ocr_line' id='line_1_55' title="bbox 194 3819 1786 3896; baseline 0.005 -22"><span class='ocrx_word' id='word_1_362' title='bbox 194 3819 351 3874; x_wconf 85' lang='lat' dir='ltr'><strong>circa</strong></span> <span class='ocrx_word' id='word_1_363' title='bbox 382 3820 734 3876; x_wconf 89' lang='lat' dir='ltr'><strong>consistentia</strong></span> <span class='ocrx_word' id='word_1_364' title='bbox 785 3823 910 3893; x_wconf 85' lang='lat' dir='ltr'><strong>igne</strong></span> <span class='ocrx_word' id='word_1_365' title='bbox 948 3837 1212 3891; x_wconf 88' lang='lat' dir='ltr'><strong>cremant,</strong></span> <span class='ocrx_word' id='word_1_366' title='bbox 1260 3837 1458 3896; x_wconf 67' lang='lat' dir='ltr'><strong>praeter</strong></span> <span class='ocrx_word' id='word_1_367' title='bbox 1497 3828 1786 3882; x_wconf 80' lang='lat' dir='ltr'><strong>ecclesiam</strong></span> 
     </span>
    </p>
   </div>
   <div class='ocr_carea' id='block_1_56' title="bbox 191 3910 1787 3982">
    <p class='ocr_par' dir='ltr' id='par_1_56' title="bbox 191 3910 1787 3982">
     <span class='ocr_line' id='line_1_56' title="bbox 191 3910 1787 3982; baseline 0.002 -17"><span class='ocrx_word' id='word_1_368' title='bbox 191 3919 410 3965; x_wconf 70' lang='lat' dir='ltr'><strong>sancta:</strong></span> <span class='ocrx_word' id='word_1_369' title='bbox 453 3910 661 3976; x_wconf 89' lang='lat' dir='ltr'><strong>Crucis,</strong></span> <span class='ocrx_word' id='word_1_370' title='bbox 714 3927 877 3982; x_wconf 88' lang='lat' dir='ltr'><strong>quam</strong></span> <span class='ocrx_word' id='word_1_371' title='bbox 917 3912 1153 3979; x_wconf 80' lang='lat' dir='ltr'><strong>ﬂamma,</strong></span> <span class='ocrx_word' id='word_1_372' title='bbox 1205 3930 1328 3970; x_wconf 91' lang='lat' dir='ltr'><strong>eum</strong></span> <span class='ocrx_word' id='word_1_373' title='bbox 1381 3915 1506 3969; x_wconf 91' lang='lat' dir='ltr'><strong>inde</strong></span> <span class='ocrx_word' id='word_1_374' title='bbox 1560 3914 1787 3970; x_wconf 85' lang='lat' dir='ltr'><strong>multum</strong></span> 
     </span>
    </p>
   </div>
   <div class='ocr_carea' id='block_1_57' title="bbox 196 4001 1784 4078">
    <p class='ocr_par' dir='ltr' id='par_1_57' title="bbox 196 4001 1784 4078">
     <span class='ocr_line' id='line_1_57' title="bbox 196 4001 1784 4078; baseline 0.004 -22"><span class='ocrx_word' id='word_1_375' title='bbox 196 4001 506 4057; x_wconf 80' lang='lat' dir='ltr'><strong>laboratum</strong></span> <span class='ocrx_word' id='word_1_376' title='bbox 535 4018 566 4057; x_wconf 89' lang='lat' dir='ltr'><strong>a</strong></span> <span class='ocrx_word' id='word_1_377' title='bbox 616 4003 965 4062; x_wconf 79' lang='lat' dir='ltr'><strong>Nortmannis</strong></span> <span class='ocrx_word' id='word_1_378' title='bbox 993 4005 1177 4073; x_wconf 90' lang='lat' dir='ltr'><strong>fuerit,</strong></span> <span class='ocrx_word' id='word_1_379' title='bbox 1211 4023 1406 4063; x_wconf 88' lang='lat' dir='ltr'><strong>vorare</strong></span> <span class='ocrx_word' id='word_1_380' title='bbox 1444 4025 1550 4064; x_wconf 91' lang='lat' dir='ltr'><strong>non</strong></span> <span class='ocrx_word' id='word_1_381' title='bbox 1583 4008 1784 4078; x_wconf 91' lang='lat' dir='ltr'><strong>potuit.</strong></span> 
     </span>
    </p>
   </div>
   <div class='ocr_carea' id='block_1_58' title="bbox 189 4091 1790 4163">
    <p class='ocr_par' dir='ltr' id='par_1_58' title="bbox 189 4091 1790 4163">
     <span class='ocr_line' id='line_1_58' title="bbox 189 4091 1790 4163; baseline 0.004 -15"><span class='ocrx_word' id='word_1_382' title='bbox 189 4091 405 4163; x_wconf 73' lang='lat' dir='ltr'><strong>“Sicque</strong></span> <span class='ocrx_word' id='word_1_383' title='bbox 453 4106 550 4162; x_wconf 89' lang='lat' dir='ltr'><strong>per</strong></span> <span class='ocrx_word' id='word_1_384' title='bbox 587 4096 763 4152; x_wconf 90' lang='lat' dir='ltr'><strong>amnis</strong></span> <span class='ocrx_word' id='word_1_385' title='bbox 807 4095 1022 4152; x_wconf 85' lang='lat' dir='ltr'><strong>alveum</strong></span> <span class='ocrx_word' id='word_1_386' title='bbox 1063 4097 1453 4156; x_wconf 87' lang='lat' dir='ltr'><strong>descendentes</strong></span> <span class='ocrx_word' id='word_1_387' title='bbox 1508 4110 1562 4154; x_wconf 89' lang='lat' dir='ltr'><strong>et</strong></span> <span class='ocrx_word' id='word_1_388' title='bbox 1612 4099 1790 4154; x_wconf 82' lang='lat' dir='ltr'><strong>vicina</strong></span> 
     </span>
    </p>
   </div>
   <div class='ocr_carea' id='block_1_59' title="bbox 1895 1922 3480 1991">
    <p class='ocr_par' dir='ltr' id='par_1_59' title="bbox 1895 1922 3480 1991">
     <span class='ocr_line' id='line_1_59' title="bbox 1895 1922 3480 1991; baseline -0.001 -14"><span class='ocrx_word' id='word_1_389' title='bbox 1895 1922 2262 1978; x_wconf 85' lang='lat' dir='ltr'><strong>consiliarium</strong></span> <span class='ocrx_word' id='word_1_390' title='bbox 2293 1938 2474 1988; x_wconf 91' lang='lat' dir='ltr'><strong>suum,</strong></span> <span class='ocrx_word' id='word_1_391' title='bbox 2505 1938 2627 1978; x_wconf 89' lang='lat' dir='ltr'><strong>cum</strong></span> <span class='ocrx_word' id='word_1_392' title='bbox 2657 1923 2903 1991; x_wconf 89' lang='lat' dir='ltr'><strong>epistolis</strong></span> <span class='ocrx_word' id='word_1_393' title='bbox 2932 1923 2998 1976; x_wconf 85' lang='lat' dir='ltr'><strong>ad</strong></span> <span class='ocrx_word' id='word_1_394' title='bbox 3030 1922 3404 1977; x_wconf 83' lang='lat' dir='ltr'><strong>Hludowicum</strong></span> <span class='ocrx_word' id='word_1_395' title='bbox 3423 1930 3480 1978; x_wconf 89' lang='lat' dir='ltr'><strong>et</strong></span> 
     </span>
    </p>
   </div>
   <div class='ocr_carea' id='block_1_60' title="bbox 1892 2011 3478 2082">
    <p class='ocr_par' dir='ltr' id='par_1_60' title="bbox 1892 2011 3478 2082">
     <span class='ocr_line' id='line_1_60' title="bbox 1892 2011 3478 2082; baseline 0.001 -17"><span class='ocrx_word' id='word_1_396' title='bbox 1892 2011 2144 2066; x_wconf 86' lang='lat' dir='ltr'><strong>Carolum</strong></span> <span class='ocrx_word' id='word_1_397' title='bbox 2201 2012 2416 2074; x_wconf 79' lang='lat' dir='ltr'><strong>fratres,</strong></span> <span class='ocrx_word' id='word_1_398' title='bbox 2447 2013 2540 2066; x_wconf 87' lang='lat' dir='ltr'><strong>sed</strong></span> <span class='ocrx_word' id='word_1_399' title='bbox 2593 2020 2648 2066; x_wconf 90' lang='lat' dir='ltr'><strong>et</strong></span> <span class='ocrx_word' id='word_1_400' title='bbox 2693 2014 2758 2067; x_wconf 91' lang='lat' dir='ltr'><strong>ad</strong></span> <span class='ocrx_word' id='word_1_401' title='bbox 2786 2013 3070 2082; x_wconf 80' lang='lat' dir='ltr'><strong>episcOpos</strong></span> <span class='ocrx_word' id='word_1_402' title='bbox 3094 2027 3158 2066; x_wconf 85' lang='lat' dir='ltr'><strong>ac</strong></span> <span class='ocrx_word' id='word_1_403' title='bbox 3207 2013 3478 2080; x_wconf 89' lang='lat' dir='ltr'><strong>primores</strong></span> 
     </span>
    </p>
   </div>
   <div class='ocr_carea' id='block_1_61' title="bbox 1893 2101 3477 2173">
    <p class='ocr_par' dir='ltr' id='par_1_61' title="bbox 1893 2101 3477 2173">
     <span class='ocr_line' id='line_1_61' title="bbox 1893 2101 3477 2173; baseline 0 -17"><span class='ocrx_word' id='word_1_404' title='bbox 1893 2117 2184 2173; x_wconf 87' lang='lat' dir='ltr'><strong>regnorum</strong></span> <span class='ocrx_word' id='word_1_405' title='bbox 2228 2102 2460 2164; x_wconf 88' lang='lat' dir='ltr'><strong>illorum,</strong></span> <span class='ocrx_word' id='word_1_406' title='bbox 2505 2117 2568 2156; x_wconf 89' lang='lat' dir='ltr'><strong>ea</strong></span> <span class='ocrx_word' id='word_1_407' title='bbox 2605 2117 2728 2172; x_wconf 66' lang='lat' dir='ltr'><strong>quas</strong></span> <span class='ocrx_word' id='word_1_408' title='bbox 2773 2101 3064 2157; x_wconf 81' lang='lat' dir='ltr'><strong>Letharius</strong></span> <span class='ocrx_word' id='word_1_409' title='bbox 3105 2117 3202 2172; x_wconf 90' lang='lat' dir='ltr'><strong>per</strong></span> <span class='ocrx_word' id='word_1_410' title='bbox 3252 2102 3477 2157; x_wconf 84' lang='lat' dir='ltr'><strong>fratrem</strong></span> 
     </span>
    </p>
   </div>
   <div class='ocr_carea' id='block_1_62' title="bbox 1892 2193 3485 2263">
    <p class='ocr_par' dir='ltr' id='par_1_62' title="bbox 1892 2193 3485 2263">
     <span class='ocr_line' id='line_1_62' title="bbox 1892 2193 3485 2263; baseline 0 -17"><span class='ocrx_word' id='word_1_411' title='bbox 1892 2195 2146 2263; x_wconf 87' lang='lat' dir='ltr'><strong>petierat,</strong></span> <span class='ocrx_word' id='word_1_412' title='bbox 2203 2193 2606 2248; x_wconf 85' lang='lat' dir='ltr'><strong>continentibus</strong></span> <span class='ocrx_word' id='word_1_413' title='bbox 2636 2193 2680 2258; x_wconf 83' lang='grc'><strong>⁵,</strong></span> <span class='ocrx_word' id='word_1_414' title='bbox 2704 2208 2808 2248; x_wconf 92' lang='lat' dir='ltr'><strong>non</strong></span> <span class='ocrx_word' id='word_1_415' title='bbox 2840 2209 2964 2248; x_wconf 91' lang='lat' dir='ltr'><strong>cum</strong></span> <span class='ocrx_word' id='word_1_416' title='bbox 3007 2193 3302 2262; x_wconf 88' lang='lat' dir='ltr'><strong>apostolica</strong></span> <span class='ocrx_word' id='word_1_417' title='bbox 3330 2207 3485 2246; x_wconf 84' lang='lat' dir='ltr'><strong>man-</strong></span> 
     </span>
    </p>
   </div>
   <div class='ocr_carea' id='block_1_63' title="bbox 1894 2281 3480 2352">
    <p class='ocr_par' dir='ltr' id='par_1_63' title="bbox 1894 2281 3480 2352">
     <span class='ocr_line' id='line_1_63' title="bbox 1894 2281 3480 2352; baseline 0 -16"><span class='ocrx_word' id='word_1_418' title='bbox 1894 2282 2180 2336; x_wconf 88' lang='lat' dir='ltr'><strong>suetudine</strong></span> <span class='ocrx_word' id='word_1_419' title='bbox 2239 2289 2294 2336; x_wconf 92' lang='lat' dir='ltr'><strong>et</strong></span> <span class='ocrx_word' id='word_1_420' title='bbox 2341 2282 2498 2335; x_wconf 84' lang='lat' dir='ltr'><strong>solita</strong></span> <span class='ocrx_word' id='word_1_421' title='bbox 2547 2282 3010 2348; x_wconf 85' lang='lat' dir='ltr'><strong>honorabilitate,</strong></span> <span class='ocrx_word' id='word_1_422' title='bbox 3056 2283 3198 2337; x_wconf 89' lang='lat' dir='ltr'><strong>sicut</strong></span> <span class='ocrx_word' id='word_1_423' title='bbox 3241 2281 3480 2352; x_wconf 86' lang='lat' dir='ltr'><strong>episcopi</strong></span> 
     </span>
    </p>
   </div>
   <div class='ocr_carea' id='block_1_64' title="bbox 1893 2373 3477 2444">
    <p class='ocr_par' dir='ltr' id='par_1_64' title="bbox 1893 2373 3477 2444">
     <span class='ocr_line' id='line_1_64' title="bbox 1893 2373 3477 2444; baseline 0 -16"><span class='ocrx_word' id='word_1_424' title='bbox 1893 2373 2124 2428; x_wconf 82' lang='lat' dir='ltr'><strong>Romani</strong></span> <span class='ocrx_word' id='word_1_425' title='bbox 2152 2387 2306 2444; x_wconf 84' lang='lat' dir='ltr'><strong>reges</strong></span> <span class='ocrx_word' id='word_1_426' title='bbox 2347 2382 2746 2428; x_wconf 88' lang='lat' dir='ltr'><strong>consueverant</strong></span> <span class='ocrx_word' id='word_1_427' title='bbox 2778 2374 2831 2426; x_wconf 90' lang='lat' dir='ltr'><strong>in</strong></span> <span class='ocrx_word' id='word_1_428' title='bbox 2885 2375 3000 2427; x_wconf 88' lang='lat' dir='ltr'><strong>suis</strong></span> <span class='ocrx_word' id='word_1_429' title='bbox 3031 2373 3275 2442; x_wconf 88' lang='lat' dir='ltr'><strong>epistolis</strong></span> <span class='ocrx_word' id='word_1_430' title='bbox 3302 2376 3477 2428; x_wconf 74' lang='lat' dir='ltr'><strong>hono~</strong></span> 
     </span>
    </p>
   </div>
   <div class='ocr_carea' id='block_1_65' title="bbox 1894 2464 3481 2528">
    <p class='ocr_par' dir='ltr' id='par_1_65' title="bbox 1894 2464 3481 2528">
     <span class='ocr_line' id='line_1_65' title="bbox 1894 2464 3481 2528; baseline 0.001 -10"><span class='ocrx_word' id='word_1_431' title='bbox 1894 2480 2036 2528; x_wconf 89' lang='lat' dir='ltr'><strong>rare,</strong></span> <span class='ocrx_word' id='word_1_432' title='bbox 2067 2465 2161 2518; x_wconf 89' lang='lat' dir='ltr'><strong>sed</strong></span> <span class='ocrx_word' id='word_1_433' title='bbox 2191 2480 2314 2518; x_wconf 89' lang='lat' dir='ltr'><strong>eum</strong></span> <span class='ocrx_word' id='word_1_434' title='bbox 2353 2464 2626 2518; x_wconf 88' lang='lat' dir='ltr'><strong>malitiosa</strong></span> <span class='ocrx_word' id='word_1_435' title='bbox 2659 2465 3099 2518; x_wconf 88' lang='lat' dir='ltr'><strong>interminatione</strong></span> <span class='ocrx_word' id='word_1_436' title='bbox 3139 2465 3481 2520; x_wconf 84' lang='lat' dir='ltr'><strong>transmittit.</strong></span> 
     </span>
    </p>
   </div>
   <div class='ocr_carea' id='block_1_66' title="bbox 1893 2556 3480 2626">
    <p class='ocr_par' dir='ltr' id='par_1_66' title="bbox 1893 2556 3480 2626">
     <span class='ocr_line' id='line_1_66' title="bbox 1893 2556 3480 2626; baseline 0.003 -17"><span class='ocrx_word' id='word_1_437' title='bbox 1893 2556 2068 2610; x_wconf 85' lang='lat' dir='ltr'><strong>Isdem</strong></span> <span class='ocrx_word' id='word_1_438' title='bbox 2111 2565 2294 2609; x_wconf 83' lang='lat' dir='ltr'><strong>autent</strong></span> <span class='ocrx_word' id='word_1_439' title='bbox 2346 2556 2608 2612; x_wconf 87' lang='lat' dir='ltr'><strong>Arsenius</strong></span> <span class='ocrx_word' id='word_1_440' title='bbox 2633 2572 2735 2626; x_wconf 89' lang='lat' dir='ltr'><strong>per</strong></span> <span class='ocrx_word' id='word_1_441' title='bbox 2769 2556 2986 2611; x_wconf 88' lang='lat' dir='ltr'><strong>Curiam</strong></span> <span class='ocrx_word' id='word_1_442' title='bbox 3014 2565 3070 2610; x_wconf 92' lang='lat' dir='ltr'><strong>et</strong></span> <span class='ocrx_word' id='word_1_443' title='bbox 3106 2558 3480 2613; x_wconf 84' lang='lat' dir='ltr'><strong>Alamanntam</strong></span> 
     </span>
    </p>
   </div>
   <div class='ocr_carea' id='block_1_67' title="bbox 1894 2644 3483 2718">
    <p class='ocr_par' dir='ltr' id='par_1_67' title="bbox 1894 2644 3483 2718">
     <span class='ocr_line' id='line_1_67' title="bbox 1894 2644 3483 2718; baseline 0.003 -20"><span class='ocrx_word' id='word_1_444' title='bbox 1894 2645 1962 2699; x_wconf 88' lang='lat' dir='ltr'><strong>ad</strong></span> <span class='ocrx_word' id='word_1_445' title='bbox 1988 2644 2385 2710; x_wconf 80' lang='lat' dir='ltr'><strong>Hludowicttm,</strong></span> <span class='ocrx_word' id='word_1_446' title='bbox 2415 2645 2724 2701; x_wconf 70' lang='lat' dir='ltr'><strong>Germaniae</strong></span> <span class='ocrx_word' id='word_1_447' title='bbox 2737 2663 2961 2718; x_wconf 72' lang='lat' dir='ltr'><strong>~regem.</strong></span> <span class='ocrx_word' id='word_1_448' title='bbox 2995 2647 3050 2701; x_wconf 91' lang='lat' dir='ltr'><strong>in</strong></span> <span class='ocrx_word' id='word_1_449' title='bbox 3073 2646 3483 2704; x_wconf 84' lang='lat' dir='ltr'><strong>Franconofurd</strong></span> 
     </span>
    </p>
   </div>
   <div class='ocr_carea' id='block_1_68' title="bbox 1889 2735 3482 2805">
    <p class='ocr_par' dir='ltr' id='par_1_68' title="bbox 1889 2735 3482 2805">
     <span class='ocr_line' id='line_1_68' title="bbox 1889 2735 3482 2805; baseline 0.004 -18"><span class='ocrx_word' id='word_1_450' title='bbox 1889 2735 2154 2805; x_wconf 82' lang='lat' dir='ltr'><strong>palatium</strong></span> <span class='ocrx_word' id='word_1_451' title='bbox 2180 2736 2421 2800; x_wconf 89' lang='lat' dir='ltr'><strong>veniens,</strong></span> <span class='ocrx_word' id='word_1_452' title='bbox 2447 2737 2706 2805; x_wconf 86' lang='lat' dir='ltr'><strong>epistolas</strong></span> <span class='ocrx_word' id='word_1_453' title='bbox 2733 2737 3014 2805; x_wconf 84' lang='lat' dir='ltr'><strong>apostolici</strong></span> <span class='ocrx_word' id='word_1_454' title='bbox 3053 2739 3104 2792; x_wconf 92' lang='lat' dir='ltr'><strong>ei</strong></span> <span class='ocrx_word' id='word_1_455' title='bbox 3149 2739 3394 2804; x_wconf 88' lang='lat' dir='ltr'><strong>tradidit,</strong></span> <span class='ocrx_word' id='word_1_456' title='bbox 3423 2747 3482 2793; x_wconf 85' lang='lat' dir='ltr'><strong>et</strong></span> 
     </span>
    </p>
   </div>
   <div class='ocr_carea' id='block_1_69' title="bbox 1891 2825 3478 2884">
    <p class='ocr_par' dir='ltr' id='par_1_69' title="bbox 1891 2825 3478 2884">
     <span class='ocr_line' id='line_1_69' title="bbox 1891 2825 3478 2884; baseline 0.001 -4"><span class='ocrx_word' id='word_1_457' title='bbox 1891 2825 2016 2880; x_wconf 90' lang='lat' dir='ltr'><strong>inde</strong></span> <span class='ocrx_word' id='word_1_458' title='bbox 2067 2827 2121 2880; x_wconf 92' lang='lat' dir='ltr'><strong>in</strong></span> <span class='ocrx_word' id='word_1_459' title='bbox 2165 2825 2416 2880; x_wconf 85' lang='lat' dir='ltr'><strong>Gundulﬁ</strong></span> <span class='ocrx_word' id='word_1_460' title='bbox 2463 2827 2645 2880; x_wconf 89' lang='lat' dir='ltr'><strong>villam</strong></span> <span class='ocrx_word' id='word_1_461' title='bbox 2689 2829 2756 2882; x_wconf 90' lang='lat' dir='ltr'><strong>ad</strong></span> <span class='ocrx_word' id='word_1_462' title='bbox 2787 2827 3128 2883; x_wconf 84' lang='lat' dir='ltr'><strong>lllotharium</strong></span> <span class='ocrx_word' id='word_1_463' title='bbox 3179 2827 3346 2883; x_wconf 88' lang='lat' dir='ltr'><strong>venit.</strong></span> <span class='ocrx_word' id='word_1_464' title='bbox 3379 2829 3478 2884; x_wconf 92' lang='lat' dir='ltr'><strong>Cui</strong></span> 
     </span>
    </p>
   </div>
   <div class='ocr_carea' id='block_1_70' title="bbox 1889 2915 3476 2988">
    <p class='ocr_par' dir='ltr' id='par_1_70' title="bbox 1889 2915 3476 2988">
     <span class='ocr_line' id='line_1_70' title="bbox 1889 2915 3476 2988; baseline 0.003 -20"><span class='ocrx_word' id='word_1_465' title='bbox 1889 2922 1946 2969; x_wconf 91' lang='lat' dir='ltr'><strong>et</strong></span> <span class='ocrx_word' id='word_1_466' title='bbox 1973 2915 2239 2984; x_wconf 91' lang='lat' dir='ltr'><strong>episcopis</strong></span> <span class='ocrx_word' id='word_1_467' title='bbox 2264 2929 2329 2970; x_wconf 88' lang='lat' dir='ltr'><strong>ac</strong></span> <span class='ocrx_word' id='word_1_468' title='bbox 2351 2915 2681 2985; x_wconf 89' lang='lat' dir='ltr'><strong>primoribus</strong></span> <span class='ocrx_word' id='word_1_469' title='bbox 2728 2917 2878 2986; x_wconf 81' lang='lat' dir='ltr'><strong>regni</strong></span> <span class='ocrx_word' id='word_1_470' title='bbox 2904 2917 2985 2972; x_wconf 92' lang='lat' dir='ltr'><strong>sui</strong></span> <span class='ocrx_word' id='word_1_471' title='bbox 3025 2916 3282 2987; x_wconf 85' lang='lat' dir='ltr'><strong>epistolas</strong></span> <span class='ocrx_word' id='word_1_472' title='bbox 3323 2931 3476 2988; x_wconf 57' lang='lat' dir='ltr'><strong>papae</strong></span> 
     </span>
    </p>
   </div>
   <div class='ocr_carea' id='block_1_71' title="bbox 1895 3009 3478 3080">
    <p class='ocr_par' dir='ltr' id='par_1_71' title="bbox 1895 3009 3478 3080">
     <span class='ocr_line' id='line_1_71' title="bbox 1895 3009 3478 3080; baseline 0.004 -16"><span class='ocrx_word' id='word_1_473' title='bbox 1895 3009 2062 3074; x_wconf 88' lang='lat' dir='ltr'><strong>dedit,</strong></span> <span class='ocrx_word' id='word_1_474' title='bbox 2117 3010 2477 3077; x_wconf 90' lang='lat' dir='ltr'><strong>continentes,</strong></span> <span class='ocrx_word' id='word_1_475' title='bbox 2511 3011 2657 3080; x_wconf 87' lang='lat' dir='ltr'><strong>quia,</strong></span> <span class='ocrx_word' id='word_1_476' title='bbox 2695 3012 2800 3066; x_wconf 91' lang='lat' dir='ltr'><strong>nisi</strong></span> <span class='ocrx_word' id='word_1_477' title='bbox 2831 3027 3054 3067; x_wconf 85' lang='lat' dir='ltr'><strong>uxorem</strong></span> <span class='ocrx_word' id='word_1_478' title='bbox 3105 3021 3258 3068; x_wconf 79' lang='lat' dir='ltr'><strong>suam</strong></span> <span class='ocrx_word' id='word_1_479' title='bbox 3301 3012 3478 3070; x_wconf 84' lang='lat' dir='ltr'><strong>Theo-</strong></span> 
     </span>
    </p>
   </div>
   <div class='ocr_carea' id='block_1_72' title="bbox 1883 3094 3480 3172">
    <p class='ocr_par' dir='ltr' id='par_1_72' title="bbox 1883 3094 3480 3172">
     <span class='ocr_line' id='line_1_72' title="bbox 1883 3094 3480 3172; baseline 0.002 -17"><span class='ocrx_word' id='word_1_480' title='bbox 1883 3099 2144 3171; x_wconf 67' lang='lat' dir='ltr'><strong>tbergam</strong></span> <span class='ocrx_word' id='word_1_481' title='bbox 2187 3102 2450 3171; x_wconf 87' lang='lat' dir='ltr'><strong>reciperet</strong></span> <span class='ocrx_word' id='word_1_482' title='bbox 2480 3109 2536 3156; x_wconf 92' lang='lat' dir='ltr'><strong>et</strong></span> <span class='ocrx_word' id='word_1_483' title='bbox 2572 3100 2921 3156; x_wconf 88' lang='lat' dir='ltr'><strong>Waldradam</strong></span> <span class='ocrx_word' id='word_1_484' title='bbox 2946 3103 3229 3172; x_wconf 88' lang='lat' dir='ltr'><strong>abjiceret,</strong></span> <span class='ocrx_word' id='word_1_485' title='bbox 3261 3094 3480 3158; x_wconf 74' lang='lat' dir='ltr'><strong>renun-</strong></span> 
     </span>
    </p>
   </div>
   <div class='ocr_carea' id='block_1_73' title="bbox 1818 3189 3481 3250">
    <p class='ocr_par' dir='ltr' id='par_1_73' title="bbox 1818 3189 3481 3250">
     <span class='ocr_line' id='line_1_73' title="bbox 1818 3189 3481 3250; baseline 0 -1"><span class='ocrx_word' id='word_1_486' title='bbox 1818 3189 1865 3250; x_wconf 69' lang='grc' dir='ltr'><strong>(ἶ</strong></span> <span class='ocrx_word' id='word_1_487' title='bbox 1897 3192 2067 3246; x_wconf 83' lang='lat' dir='ltr'><strong>tiante</strong></span> <span class='ocrx_word' id='word_1_488' title='bbox 2090 3192 2192 3246; x_wconf 89' lang='lat' dir='ltr'><strong>sibi</strong></span> <span class='ocrx_word' id='word_1_489' title='bbox 2225 3193 2455 3249; x_wconf 84' lang='lat' dir='ltr'><strong>Arsenio</strong></span> <span class='ocrx_word' id='word_1_490' title='bbox 2481 3192 2630 3246; x_wconf 90' lang='lat' dir='ltr'><strong>illum</strong></span> <span class='ocrx_word' id='word_1_491' title='bbox 2670 3195 2737 3247; x_wconf 89' lang='lat' dir='ltr'><strong>ab</strong></span> <span class='ocrx_word' id='word_1_492' title='bbox 2763 3195 2908 3248; x_wconf 90' lang='lat' dir='ltr'><strong>omni</strong></span> <span class='ocrx_word' id='word_1_493' title='bbox 2940 3193 3361 3250; x_wconf 89' lang='lat' dir='ltr'><strong>christianorutn</strong></span> <span class='ocrx_word' id='word_1_494' title='bbox 3392 3209 3481 3249; x_wconf 81' lang='lat' dir='ltr'><strong>so-</strong></span> 
     </span>
    </p>
   </div>
   <div class='ocr_carea' id='block_1_74' title="bbox 1897 3283 3486 3355">
    <p class='ocr_par' dir='ltr' id='par_1_74' title="bbox 1897 3283 3486 3355">
     <span class='ocr_line' id='line_1_74' title="bbox 1897 3283 3486 3355; baseline 0.003 -18"><span class='ocrx_word' id='word_1_495' title='bbox 1897 3283 2094 3337; x_wconf 86' lang='lat' dir='ltr'><strong>cietate</strong></span> <span class='ocrx_word' id='word_1_496' title='bbox 2132 3283 2401 3337; x_wconf 81' lang='lat' dir='ltr'><strong>debuisset</strong></span> <span class='ocrx_word' id='word_1_497' title='bbox 2445 3283 2670 3348; x_wconf 89' lang='lat' dir='ltr'><strong>reicere,</strong></span> <span class='ocrx_word' id='word_1_498' title='bbox 2695 3297 2855 3352; x_wconf 84' lang='lat' dir='ltr'><strong>quem</strong></span> <span class='ocrx_word' id='word_1_499' title='bbox 2884 3285 2937 3338; x_wconf 92' lang='lat' dir='ltr'><strong>in</strong></span> <span class='ocrx_word' id='word_1_500' title='bbox 2967 3284 3212 3354; x_wconf 91' lang='lat' dir='ltr'><strong>pluribus</strong></span> <span class='ocrx_word' id='word_1_501' title='bbox 3241 3285 3486 3355; x_wconf 85' lang='lat' dir='ltr'><strong>epistolis</strong></span> 
     </span>
    </p>
   </div>
   <div class='ocr_carea' id='block_1_75' title="bbox 1895 3373 3481 3442">
    <p class='ocr_par' dir='ltr' id='par_1_75' title="bbox 1895 3373 3481 3442">
     <span class='ocr_line' id='line_1_75' title="bbox 1895 3373 3481 3442; baseline 0.001 -15"><span class='ocrx_word' id='word_1_502' title='bbox 1895 3373 1995 3428; x_wconf 88' lang='lat' dir='ltr'><strong>has</strong></span> <span class='ocrx_word' id='word_1_503' title='bbox 2025 3373 2456 3442; x_wconf 70' lang='lat' dir='ltr'><strong>pmcedentibus</strong></span> <span class='ocrx_word' id='word_1_504' title='bbox 2480 3374 3012 3428; x_wconf 81' lang='lat' dir='ltr'><strong>excommunicatum</strong></span> <span class='ocrx_word' id='word_1_505' title='bbox 3053 3383 3108 3429; x_wconf 92' lang='lat' dir='ltr'><strong>et</strong></span> <span class='ocrx_word' id='word_1_506' title='bbox 3136 3389 3170 3428; x_wconf 88' lang='lat' dir='ltr'><strong>a</strong></span> <span class='ocrx_word' id='word_1_507' title='bbox 3204 3376 3481 3430; x_wconf 90' lang='lat' dir='ltr'><strong>consortio</strong></span> 
     </span>
    </p>
   </div>
   <div class='ocr_carea' id='block_1_76' title="bbox 1897 3463 3482 3536">
    <p class='ocr_par' dir='ltr' id='par_1_76' title="bbox 1897 3463 3482 3536">
     <span class='ocr_line' id='line_1_76' title="bbox 1897 3463 3482 3536; baseline 0.002 -17"><span class='ocrx_word' id='word_1_508' title='bbox 1897 3466 2315 3519; x_wconf 78' lang='lat' dir='ltr'><strong>Christianorum</strong></span> <span class='ocrx_word' id='word_1_509' title='bbox 2368 3463 2600 3532; x_wconf 87' lang='lat' dir='ltr'><strong>ejectum</strong></span> <span class='ocrx_word' id='word_1_510' title='bbox 2642 3465 2919 3520; x_wconf 91' lang='lat' dir='ltr'><strong>multoties</strong></span> <span class='ocrx_word' id='word_1_511' title='bbox 2957 3467 3367 3536; x_wconf 67' lang='lat' dir='ltr'><strong>praedicaverat.</strong></span> <span class='ocrx_word' id='word_1_512' title='bbox 3412 3467 3482 3522; x_wconf 87' lang='lat' dir='ltr'><strong>Et</strong></span> 
     </span>
    </p>
   </div>
   <div class='ocr_carea' id='block_1_77' title="bbox 1865 3553 3482 3611">
    <p class='ocr_par' dir='ltr' id='par_1_77' title="bbox 1865 3553 3482 3611">
     <span class='ocr_line' id='line_1_77' title="bbox 1865 3553 3482 3611; baseline 0.001 -1"><span class='ocrx_word' id='word_1_513' title='bbox 1865 3555 1976 3610; x_wconf 83' lang='lat' dir='ltr'><strong>&#39;sic</strong></span> <span class='ocrx_word' id='word_1_514' title='bbox 1998 3556 2063 3608; x_wconf 91' lang='lat' dir='ltr'><strong>de</strong></span> <span class='ocrx_word' id='word_1_515' title='bbox 2093 3553 2352 3610; x_wconf 89' lang='lat' dir='ltr'><strong>Lotbario</strong></span> <span class='ocrx_word' id='word_1_516' title='bbox 2397 3556 2464 3608; x_wconf 90' lang='lat' dir='ltr'><strong>ad</strong></span> <span class='ocrx_word' id='word_1_517' title='bbox 2503 3553 2755 3608; x_wconf 87' lang='lat' dir='ltr'><strong>Carolum</strong></span> <span class='ocrx_word' id='word_1_518' title='bbox 2801 3556 2946 3609; x_wconf 89' lang='lat' dir='ltr'><strong>circa</strong></span> <span class='ocrx_word' id='word_1_519' title='bbox 2994 3555 3229 3611; x_wconf 86' lang='lat' dir='ltr'><strong>medium</strong></span> <span class='ocrx_word' id='word_1_520' title='bbox 3279 3555 3482 3611; x_wconf 82' lang='lat' dir='ltr'><strong>Julittut</strong></span> 
     </span>
    </p>
   </div>
   <div class='ocr_carea' id='block_1_78' title="bbox 1895 3643 3482 3713">
    <p class='ocr_par' dir='ltr' id='par_1_78' title="bbox 1895 3643 3482 3713">
     <span class='ocr_line' id='line_1_78' title="bbox 1895 3643 3482 3713; baseline 0.001 -15"><span class='ocrx_word' id='word_1_521' title='bbox 1895 3659 2138 3700; x_wconf 86' lang='lat' dir='ltr'><strong>mensem</strong></span> <span class='ocrx_word' id='word_1_522' title='bbox 2171 3645 2224 3699; x_wconf 90' lang='lat' dir='ltr'><strong>in</strong></span> <span class='ocrx_word' id='word_1_523' title='bbox 2273 3644 2607 3699; x_wconf 81' lang='lat' dir='ltr'><strong>Attiniacttm</strong></span> <span class='ocrx_word' id='word_1_524' title='bbox 2663 3643 2920 3713; x_wconf 88' lang='lat' dir='ltr'><strong>palatium</strong></span> <span class='ocrx_word' id='word_1_525' title='bbox 2949 3645 3210 3700; x_wconf 85' lang='lat' dir='ltr'><strong>Arsenius</strong></span> <span class='ocrx_word' id='word_1_526' title='bbox 3239 3646 3482 3712; x_wconf 89' lang='lat' dir='ltr'><strong>veniens,</strong></span> 
     </span>
    </p>
   </div>
   <div class='ocr_carea' id='block_1_79' title="bbox 1893 3733 3485 3806">
    <p class='ocr_par' dir='ltr' id='par_1_79' title="bbox 1893 3733 3485 3806">
     <span class='ocr_line' id='line_1_79' title="bbox 1893 3733 3485 3806; baseline 0.001 -18"><span class='ocrx_word' id='word_1_527' title='bbox 1893 3734 2195 3788; x_wconf 87' lang='lat' dir='ltr'><strong>uniformes</strong></span> <span class='ocrx_word' id='word_1_528' title='bbox 2224 3735 2382 3789; x_wconf 90' lang='lat' dir='ltr'><strong>sicuti</strong></span> <span class='ocrx_word' id='word_1_529' title='bbox 2404 3733 2720 3789; x_wconf 81' lang='lat' dir='ltr'><strong>Hludowico</strong></span> <span class='ocrx_word' id='word_1_530' title='bbox 2747 3743 2800 3789; x_wconf 92' lang='lat' dir='ltr'><strong>et</strong></span> <span class='ocrx_word' id='word_1_531' title='bbox 2837 3733 3096 3790; x_wconf 88' lang='lat' dir='ltr'><strong>Lotbario</strong></span> <span class='ocrx_word' id='word_1_532' title='bbox 3124 3736 3340 3806; x_wconf 86' lang='lat' dir='ltr'><strong>regibus</strong></span> <span class='ocrx_word' id='word_1_533' title='bbox 3365 3737 3485 3806; x_wconf 89' lang='lat' dir='ltr'><strong>epi-</strong></span> 
     </span>
    </p>
   </div>
   <div class='ocr_carea' id='block_1_80' title="bbox 1893 3825 3481 3893">
    <p class='ocr_par' dir='ltr' id='par_1_80' title="bbox 1893 3825 3481 3893">
     <span class='ocr_line' id='line_1_80' title="bbox 1893 3825 3481 3893; baseline 0.003 -14"><span class='ocrx_word' id='word_1_534' title='bbox 1893 3825 2068 3880; x_wconf 89' lang='lat' dir='ltr'><strong>stolas</strong></span> <span class='ocrx_word' id='word_1_535' title='bbox 2101 3840 2230 3879; x_wconf 89' lang='lat' dir='ltr'><strong>suas</strong></span> <span class='ocrx_word' id='word_1_536' title='bbox 2267 3826 2400 3879; x_wconf 90' lang='lat' dir='ltr'><strong>satis</strong></span> <span class='ocrx_word' id='word_1_537' title='bbox 2443 3825 2742 3881; x_wconf 87' lang='lat' dir='ltr'><strong>honoriﬁce</strong></span> <span class='ocrx_word' id='word_1_538' title='bbox 2785 3827 3027 3890; x_wconf 89' lang='lat' dir='ltr'><strong>tradidit,</strong></span> <span class='ocrx_word' id='word_1_539' title='bbox 3067 3837 3123 3880; x_wconf 94' lang='lat' dir='ltr'><strong>et</strong></span> <span class='ocrx_word' id='word_1_540' title='bbox 3151 3827 3481 3893; x_wconf 71' lang='lat' dir='ltr'><strong>liotbadum,</strong></span> 
     </span>
    </p>
   </div>
   <div class='ocr_carea' id='block_1_81' title="bbox 1895 3914 3484 3985">
    <p class='ocr_par' dir='ltr' id='par_1_81' title="bbox 1895 3914 3484 3985">
     <span class='ocr_line' id='line_1_81' title="bbox 1895 3914 3484 3985; baseline 0.001 -15"><span class='ocrx_word' id='word_1_541' title='bbox 1895 3914 2157 3970; x_wconf 87' lang='lat' dir='ltr'><strong>canonice</strong></span> <span class='ocrx_word' id='word_1_542' title='bbox 2178 3929 2207 3967; x_wconf 88' lang='lat' dir='ltr'><strong>a</strong></span> <span class='ocrx_word' id='word_1_543' title='bbox 2230 3915 2468 3983; x_wconf 91' lang='lat' dir='ltr'><strong>quinque</strong></span> <span class='ocrx_word' id='word_1_544' title='bbox 2496 3915 2898 3983; x_wconf 88' lang='lat' dir='ltr'><strong>provinciarqu</strong></span> <span class='ocrx_word' id='word_1_545' title='bbox 2922 3916 3191 3985; x_wconf 90' lang='lat' dir='ltr'><strong>episcopis</strong></span> <span class='ocrx_word' id='word_1_546' title='bbox 3216 3916 3484 3984; x_wconf 83' lang='lat' dir='ltr'><strong>tlejectum</strong></span> 
     </span>
    </p>
   </div>
   <div class='ocr_carea' id='block_1_82' title="bbox 1897 4005 3482 4076">
    <p class='ocr_par' dir='ltr' id='par_1_82' title="bbox 1897 4005 3482 4076">
     <span class='ocr_line' id='line_1_82' title="bbox 1897 4005 3482 4076; baseline 0 -14"><span class='ocrx_word' id='word_1_547' title='bbox 1897 4016 1952 4063; x_wconf 92' lang='lat' dir='ltr'><strong>et</strong></span> <span class='ocrx_word' id='word_1_548' title='bbox 1990 4024 2019 4060; x_wconf 92' lang='lat' dir='ltr'><strong>a</strong></span> <span class='ocrx_word' id='word_1_549' title='bbox 2051 4006 2274 4061; x_wconf 85' lang='lat' dir='ltr'><strong>Nicolao</strong></span> <span class='ocrx_word' id='word_1_550' title='bbox 2300 4022 2438 4076; x_wconf 88' lang='lat' dir='ltr'><strong>papa</strong></span> <span class='ocrx_word' id='word_1_551' title='bbox 2489 4021 2594 4060; x_wconf 91' lang='lat' dir='ltr'><strong>non</strong></span> <span class='ocrx_word' id='word_1_552' title='bbox 2625 4005 2949 4076; x_wconf 89' lang='lat' dir='ltr'><strong>regulariter</strong></span> <span class='ocrx_word' id='word_1_553' title='bbox 2982 4007 3076 4061; x_wconf 89' lang='lat' dir='ltr'><strong>sed</strong></span> <span class='ocrx_word' id='word_1_554' title='bbox 3113 4007 3482 4076; x_wconf 90' lang='lat' dir='ltr'><strong>potentialiter</strong></span> 
     </span>
    </p>
   </div>
   <div class='ocr_carea' id='block_1_83' title="bbox 1899 4093 3488 4166">
    <p class='ocr_par' dir='ltr' id='par_1_83' title="bbox 1899 4093 3488 4166">
     <span class='ocr_line' id='line_1_83' title="bbox 1899 4093 3488 4166; baseline 0 -16"><span class='ocrx_word' id='word_1_555' title='bbox 1899 4097 2236 4160; x_wconf 90' lang='lat' dir='ltr'><strong>restitutum,</strong></span> <span class='ocrx_word' id='word_1_556' title='bbox 2263 4109 2448 4154; x_wconf 81' lang='lat' dir='ltr'><strong>secum</strong></span> <span class='ocrx_word' id='word_1_557' title='bbox 2479 4094 2764 4160; x_wconf 86' lang='lat' dir='ltr'><strong>reducens,</strong></span> <span class='ocrx_word' id='word_1_558' title='bbox 2793 4093 2987 4149; x_wconf 85' lang='lat' dir='ltr'><strong>Carolo</strong></span> <span class='ocrx_word' id='word_1_559' title='bbox 3019 4095 3389 4166; x_wconf 62' lang='lat' dir='ltr'><strong>praesentavit.</strong></span> <span class='ocrx_word' id='word_1_560' title='bbox 3417 4093 3488 4152; x_wconf 87' lang='lat' dir='ltr'><strong>Et</strong></span> 
     </span>
    </p>
   </div>
   <div class='ocr_carea' id='block_1_84' title="bbox 1420 4251 2270 4311">
    <p class='ocr_par' dir='ltr' id='par_1_84' title="bbox 1420 4251 2270 4311">
     <span class='ocr_line' id='line_1_84' title="bbox 1420 4251 2270 4311; baseline -0.007 0"><span class='ocrx_word' id='word_1_561' title='bbox 1420 4253 1814 4311; x_wconf 80' lang='lat' dir='ltr'><strong>VARIANTES</strong></span> <span class='ocrx_word' id='word_1_562' title='bbox 1867 4251 2270 4309; x_wconf 80' lang='lat' dir='ltr'><strong>LECTIONES.</strong></span> 
     </span>
    </p>
   </div>
   <div class='ocr_carea' id='block_1_85' title="bbox 269 4361 3484 4444">
    <p class='ocr_par' dir='ltr' id='par_1_85' title="bbox 269 4361 3484 4444">
     <span class='ocr_line' id='line_1_85' title="bbox 269 4361 3484 4444; baseline 0.004 -25"><span class='ocrx_word' id='word_1_563' title='bbox 269 4364 292 4395; x_wconf 77' lang='lat'><strong>‘</strong></span> <span class='ocrx_word' id='word_1_564' title='bbox 324 4361 547 4421; x_wconf 84' lang='lat' dir='ltr'><strong>rediens</strong></span> <span class='ocrx_word' id='word_1_565' title='bbox 566 4363 664 4421; x_wconf 76' lang='lat' dir='ltr'><strong>Ch.</strong></span> <span class='ocrx_word' id='word_1_566' title='bbox 739 4367 763 4399; x_wconf 76' lang='grc'><strong>⁸</strong></span> <span class='ocrx_word' id='word_1_567' title='bbox 784 4382 906 4423; x_wconf 89' lang='lat' dir='ltr'><strong>cum</strong></span> <span class='ocrx_word' id='word_1_568' title='bbox 957 4371 1212 4428; x_wconf 85' lang='lat' dir='ltr'><strong>omnibus</strong></span> <span class='ocrx_word' id='word_1_569' title='bbox 1239 4371 1334 4428; x_wconf 83' lang='lat' dir='ltr'><strong>Ch.</strong></span> <span class='ocrx_word' id='word_1_570' title='bbox 1412 4372 1436 4405; x_wconf 82' lang='grc'><strong><em>³</em></strong></span> <span class='ocrx_word' id='word_1_571' title='bbox 1456 4382 1683 4444; x_wconf 89' lang='lat' dir='ltr'><strong>patruus</strong></span> <span class='ocrx_word' id='word_1_572' title='bbox 1707 4388 1838 4428; x_wconf 91' lang='lat' dir='ltr'><strong>suus</strong></span> <span class='ocrx_word' id='word_1_573' title='bbox 1869 4372 1966 4428; x_wconf 84' lang='lat' dir='ltr'><strong>Ch.</strong></span> <span class='ocrx_word' id='word_1_574' title='bbox 2043 4372 2065 4403; x_wconf 68' lang='lat'><strong>‘</strong></span> <span class='ocrx_word' id='word_1_575' title='bbox 2091 4388 2306 4427; x_wconf 88' lang='lat' dir='ltr'><strong>sacrum</strong></span> <span class='ocrx_word' id='word_1_576' title='bbox 2334 4370 2748 4444; x_wconf 79' lang='lat' dir='ltr'><strong>quadragesima</strong></span> <span class='ocrx_word' id='word_1_577' title='bbox 2779 4370 2878 4428; x_wconf 82' lang='lat' dir='ltr'><strong>Ch.</strong></span> <span class='ocrx_word' id='word_1_578' title='bbox 2954 4373 2977 4405; x_wconf 85' lang='grc'><strong>⁸</strong></span> <span class='ocrx_word' id='word_1_579' title='bbox 2997 4372 3340 4430; x_wconf 89' lang='lat' dir='ltr'><strong>continentes</strong></span> <span class='ocrx_word' id='word_1_580' title='bbox 3383 4372 3484 4432; x_wconf 67' lang='lat' dir='ltr'><strong>Ch.</strong></span> 
     </span>
    </p>
   </div>
   <div class='ocr_carea' id='block_1_86' title="bbox 1729 4509 1962 4567">
    <p class='ocr_par' dir='ltr' id='par_1_86' title="bbox 1729 4509 1962 4567">
     <span class='ocr_line' id='line_1_86' title="bbox 1729 4509 1962 4567; baseline -0.004 -2"><span class='ocrx_word' id='word_1_581' title='bbox 1729 4509 1962 4567; x_wconf 64' lang='lat' dir='ltr'><strong>NOTzE.</strong></span> 
     </span>
    </p>
   </div>
   <div class='ocr_carea' id='block_1_87' title="bbox 272 4621 1398 4688">
    <p class='ocr_par' dir='ltr' id='par_1_87' title="bbox 272 4621 1398 4688">
     <span class='ocr_line' id='line_1_87' title="bbox 272 4621 1398 4688; baseline 0.001 -11"><span class='ocrx_word' id='word_1_582' title='bbox 272 4635 301 4664; x_wconf 77' lang='grc' dir='ltr'>ι</span> <span class='ocrx_word' id='word_1_583' title='bbox 332 4623 535 4678; x_wconf 79' lang='lat' dir='ltr'><strong>Auenai</strong></span> <span class='ocrx_word' id='word_1_584' title='bbox 562 4621 614 4678; x_wconf 89' lang='lat' dir='ltr'><strong>in</strong></span> <span class='ocrx_word' id='word_1_585' title='bbox 637 4622 860 4677; x_wconf 67' lang='lat' dir='ltr'><strong>diuaeesi</strong></span> <span class='ocrx_word' id='word_1_586' title='bbox 889 4622 1204 4678; x_wconf 79' lang='lat' dir='ltr'><strong>Rhemensi.</strong></span> <span class='ocrx_word' id='word_1_587' title='bbox 1229 4624 1398 4688; x_wconf 76' lang='lat' dir='ltr'><strong>Bono.</strong></span> 
     </span>
    </p>
   </div>
   <div class='ocr_carea' id='block_1_88' title="bbox 273 4691 1789 4762">
    <p class='ocr_par' dir='ltr' id='par_1_88' title="bbox 273 4691 1789 4762">
     <span class='ocr_line' id='line_1_88' title="bbox 273 4691 1789 4762; baseline 0.001 -14"><span class='ocrx_word' id='word_1_588' title='bbox 273 4693 302 4734; x_wconf 72' lang='grc' dir='ltr'><strong>ι’</strong></span> <span class='ocrx_word' id='word_1_589' title='bbox 334 4692 476 4748; x_wconf 82' lang='lat' dir='ltr'><strong>Villa</strong></span> <span class='ocrx_word' id='word_1_590' title='bbox 509 4693 563 4746; x_wconf 92' lang='lat' dir='ltr'><strong>in</strong></span> <span class='ocrx_word' id='word_1_591' title='bbox 596 4707 734 4762; x_wconf 88' lang='lat' dir='ltr'><strong>pago</strong></span> <span class='ocrx_word' id='word_1_592' title='bbox 771 4691 1032 4756; x_wconf 88' lang='lat' dir='ltr'><strong>&#39;l‘ullensi,</strong></span> <span class='ocrx_word' id='word_1_593' title='bbox 1070 4693 1287 4748; x_wconf 89' lang='lat' dir='ltr'><strong>Labbeo</strong></span> <span class='ocrx_word' id='word_1_594' title='bbox 1319 4695 1510 4762; x_wconf 76' lang='lat' dir='ltr'><strong>Tousy,</strong></span> <span class='ocrx_word' id='word_1_595' title='bbox 1543 4694 1789 4750; x_wconf 83' lang='lat' dir='ltr'><strong>Micltaeli</strong></span> 
     </span>
    </p>
   </div>
   <div class='ocr_carea' id='block_1_89' title="bbox 199 4761 1792 4834">
    <p class='ocr_par' dir='ltr' id='par_1_89' title="bbox 199 4761 1792 4834">
     <span class='ocr_line' id='line_1_89' title="bbox 199 4761 1792 4834; baseline 0.001 -17"><span class='ocrx_word' id='word_1_596' title='bbox 199 4761 476 4834; x_wconf 81' lang='lat' dir='ltr'><strong>Germano</strong></span> <span class='ocrx_word' id='word_1_597' title='bbox 507 4762 600 4818; x_wconf 92' lang='lat' dir='ltr'><strong>lib.</strong></span> <span class='ocrx_word' id='word_1_598' title='bbox 630 4761 704 4826; x_wconf 80' lang='lat' dir='ltr'><strong>tv,</strong></span> <span class='ocrx_word' id='word_1_599' title='bbox 733 4762 801 4817; x_wconf 85' lang='lat' dir='ltr'><strong>de</strong></span> <span class='ocrx_word' id='word_1_600' title='bbox 829 4761 910 4816; x_wconf 80' lang='lat' dir='ltr'><strong>Re</strong></span> <span class='ocrx_word' id='word_1_601' title='bbox 947 4762 1290 4833; x_wconf 88' lang='lat' dir='ltr'><strong>diplomatica</strong></span> <span class='ocrx_word' id='word_1_602' title='bbox 1337 4764 1792 4834; x_wconf 76' lang='lat' dir='ltr'><strong>Tullei-aux-gro—</strong></span> 
     </span>
    </p>
   </div>
   <div class='ocr_carea' id='block_1_90' title="bbox 200 4833 591 4896">
    <p class='ocr_par' dir='ltr' id='par_1_90' title="bbox 200 4833 591 4896">
     <span class='ocr_line' id='line_1_90' title="bbox 200 4833 591 4896; baseline 0.003 -11"><span class='ocrx_word' id='word_1_603' title='bbox 200 4833 392 4887; x_wconf 72' lang='lat' dir='ltr'><strong>uillas.</strong></span> <span class='ocrx_word' id='word_1_604' title='bbox 427 4833 591 4896; x_wconf 79' lang='lat' dir='ltr'><strong>Bono.</strong></span> 
     </span>
    </p>
   </div>
   <div class='ocr_carea' id='block_1_91' title="bbox 277 4901 877 4958">
    <p class='ocr_par' dir='ltr' id='par_1_91' title="bbox 277 4901 877 4958">
     <span class='ocr_line' id='line_1_91' title="bbox 277 4901 877 4958; baseline -0.002 -2"><span class='ocrx_word' id='word_1_605' title='bbox 277 4914 300 4942; x_wconf 74' lang='grc' dir='ltr'><strong><em>ο</em></strong></span> <span class='ocrx_word' id='word_1_606' title='bbox 331 4901 877 4958; x_wconf 81' lang='lat' dir='ltr'><strong>Hildesheimensem.</strong></span> 
     </span>
    </p>
   </div>
   <div class='ocr_carea' id='block_1_92' title="bbox 273 4970 1790 5096">
    <p class='ocr_par' dir='ltr' id='par_1_92' title="bbox 273 4970 1790 5096">
     <span class='ocr_line' id='line_1_92' title="bbox 273 4970 1790 5096; baseline 0.004 -72"><span class='ocrx_word' id='word_1_607' title='bbox 273 4971 326 5096; x_wconf 56' lang='lat'><strong>:1“</strong></span> <span class='ocrx_word' id='word_1_608' title='bbox 332 4970 565 5028; x_wconf 78' lang='lat' dir='ltr'><strong>Videtur</strong></span> <span class='ocrx_word' id='word_1_609' title='bbox 582 4986 703 5028; x_wconf 85' lang='lat' dir='ltr'><strong>esse</strong></span> <span class='ocrx_word' id='word_1_610' title='bbox 728 4971 1160 5037; x_wconf 86' lang='lat' dir='ltr'><strong>Catalaunensis,</strong></span> <span class='ocrx_word' id='word_1_611' title='bbox 1191 4972 1282 5042; x_wconf 90' lang='lat' dir='ltr'><strong>qui</strong></span> <span class='ocrx_word' id='word_1_612' title='bbox 1316 4971 1454 5027; x_wconf 82' lang='lat' dir='ltr'><strong>infra</strong></span> <span class='ocrx_word' id='word_1_613' title='bbox 1477 4971 1790 5030; x_wconf 81' lang='lat' dir='ltr'><strong>Erkanraus</strong></span> 
     </span>
     <span class='ocr_line' id='line_1_93' title="bbox 273 5051 371 5096; baseline 0 -1"><span class='ocrx_word' id='word_1_614' title='bbox 273 5089 274 5095; x_wconf 47' lang='grc' dir='ltr'><strong>η</strong></span> <span class='ocrx_word' id='word_1_615' title='bbox 335 5051 371 5096; x_wconf 86' lang='grc' dir='ltr'><strong>ι.</strong></span> 
     </span>
    </p>
   </div>
   <div class='ocr_carea' id='block_1_93' title="bbox 206 5043 371 5098">
    <p class='ocr_par' dir='ltr' id='par_1_93' title="bbox 206 5043 371 5098">
     <span class='ocr_line' id='line_1_94' title="bbox 206 5043 371 5098; baseline -0.006 -3"><span class='ocrx_word' id='word_1_616' title='bbox 206 5043 371 5098; x_wconf 82' lang='lat' dir='ltr'><strong>audit.</strong></span> 
     </span>
    </p>
   </div>
   <div class='ocr_carea' id='block_1_94' title="bbox 279 5111 1142 5181">
    <p class='ocr_par' dir='ltr' id='par_1_94' title="bbox 279 5111 1142 5181">
     <span class='ocr_line' id='line_1_95' title="bbox 279 5111 1142 5181; baseline -0.003 -13"><span class='ocrx_word' id='word_1_617' title='bbox 279 5122 304 5181; x_wconf 52' lang='grc' dir='ltr'><strong>ἑ</strong></span> <span class='ocrx_word' id='word_1_618' title='bbox 335 5111 423 5168; x_wconf 90' lang='lat' dir='ltr'><strong>Cf.</strong></span> <span class='ocrx_word' id='word_1_619' title='bbox 450 5112 650 5167; x_wconf 86' lang='lat' dir='ltr'><strong>Chron.</strong></span> <span class='ocrx_word' id='word_1_620' title='bbox 683 5112 750 5166; x_wconf 92' lang='lat' dir='ltr'><strong>de</strong></span> <span class='ocrx_word' id='word_1_621' title='bbox 773 5113 940 5181; x_wconf 85' lang='lat' dir='ltr'><strong>gestis</strong></span> <span class='ocrx_word' id='word_1_622' title='bbox 961 5111 1142 5166; x_wconf 85' lang='lat' dir='ltr'><strong>Norm.</strong></span> 
     </span>
    </p>
   </div>
   <div class='ocr_carea' id='block_1_95' title="bbox 281 5180 1788 5253">
    <p class='ocr_par' dir='ltr' id='par_1_95' title="bbox 281 5180 1788 5253">
     <span class='ocr_line' id='line_1_96' title="bbox 281 5180 1788 5253; baseline 0.001 -16"><span class='ocrx_word' id='word_1_623' title='bbox 281 5180 316 5253; x_wconf 68' lang='lat'><strong>‘_</strong></span> <span class='ocrx_word' id='word_1_624' title='bbox 336 5183 502 5237; x_wconf 78' lang='lat' dir='ltr'><strong>Vicus</strong></span> <span class='ocrx_word' id='word_1_625' title='bbox 521 5181 759 5246; x_wconf 85' lang='lat' dir='ltr'><strong>Servais,</strong></span> <span class='ocrx_word' id='word_1_626' title='bbox 781 5180 999 5253; x_wconf 72' lang='lat' dir='ltr'><strong>dimidia</strong></span> <span class='ocrx_word' id='word_1_627' title='bbox 1018 5183 1166 5253; x_wconf 83' lang='lat' dir='ltr'><strong>leuca</strong></span> <span class='ocrx_word' id='word_1_628' title='bbox 1189 5197 1218 5236; x_wconf 89' lang='lat' dir='ltr'><strong>a</strong></span> <span class='ocrx_word' id='word_1_629' title='bbox 1240 5181 1379 5236; x_wconf 88' lang='lat' dir='ltr'><strong>Fara</strong></span> <span class='ocrx_word' id='word_1_630' title='bbox 1401 5185 1619 5253; x_wconf 85' lang='lat' dir='ltr'><strong>oppido,</strong></span> <span class='ocrx_word' id='word_1_631' title='bbox 1647 5184 1788 5253; x_wconf 84' lang='lat' dir='ltr'><strong>quod</strong></span> 
     </span>
    </p>
   </div>
   <div class='ocr_carea' id='block_1_96' title="bbox 152 5251 1784 5323">
    <p class='ocr_par' dir='ltr' id='par_1_96' title="bbox 152 5251 1784 5323">
     <span class='ocr_line' id='line_1_97' title="bbox 152 5251 1784 5323; baseline 0.002 -19"><span class='ocrx_word' id='word_1_632' title='bbox 152 5262 163 5277; x_wconf 88' lang='lat'>&#39;</span> <span class='ocrx_word' id='word_1_633' title='bbox 210 5252 275 5306; x_wconf 87' lang='lat' dir='ltr'><strong>ad</strong></span> <span class='ocrx_word' id='word_1_634' title='bbox 304 5251 509 5323; x_wconf 50' lang='lat' dir='ltr'><strong>Isaiam</strong></span> <span class='ocrx_word' id='word_1_635' title='bbox 529 5253 720 5323; x_wconf 90' lang='lat' dir='ltr'><strong>_situm</strong></span> <span class='ocrx_word' id='word_1_636' title='bbox 760 5260 864 5307; x_wconf 89' lang='lat' dir='ltr'><strong>est.</strong></span> <span class='ocrx_word' id='word_1_637' title='bbox 897 5251 1029 5308; x_wconf 87' lang='lat' dir='ltr'><strong>Vide</strong></span> <span class='ocrx_word' id='word_1_638' title='bbox 1060 5251 1153 5307; x_wconf 91' lang='lat' dir='ltr'><strong>lib.</strong></span> <span class='ocrx_word' id='word_1_639' title='bbox 1192 5268 1267 5318; x_wconf 86' lang='lat' dir='ltr'><strong>tv,</strong></span> <span class='ocrx_word' id='word_1_640' title='bbox 1299 5253 1366 5308; x_wconf 91' lang='lat' dir='ltr'><strong>de</strong></span> <span class='ocrx_word' id='word_1_641' title='bbox 1418 5251 1496 5307; x_wconf 74' lang='lat' dir='ltr'><strong>ne</strong></span> <span class='ocrx_word' id='word_1_642' title='bbox 1539 5251 1784 5323; x_wconf 81' lang='lat' dir='ltr'><strong>diplom.,</strong></span> 
     </span>
    </p>
   </div>
   <div class='ocr_carea' id='block_1_97' title="bbox 209 5319 1783 5473">
    <p class='ocr_par' dir='ltr' id='par_1_97' title="bbox 209 5319 1783 5473">
     <span class='ocr_line' id='line_1_98' title="bbox 209 5319 1723 5430; baseline 0 -56"><span class='ocrx_word' id='word_1_643' title='bbox 209 5334 329 5430; x_wconf 71' lang='lat' dir='ltr'><strong>pag.</strong></span> <span class='ocrx_word' id='word_1_644' title='bbox 370 5320 499 5376; x_wconf 73' lang='lat'><strong>525.</strong></span> <span class='ocrx_word' id='word_1_645' title='bbox 529 5319 693 5402; x_wconf 66' lang='lat' dir='ltr'><strong>Bono.</strong></span> <span class='ocrx_word' id='word_1_646' title='bbox 1243 5393 1256 5404; x_wconf 43' lang='lat'><strong>.</strong></span> <span class='ocrx_word' id='word_1_647' title='bbox 1429 5393 1440 5405; x_wconf 44' lang='lat'><strong><em>.</em></strong></span> <span class='ocrx_word' id='word_1_648' title='bbox 1599 5319 1612 5323; x_wconf 71' lang='grc'>⁷</span> <span class='ocrx_word' id='word_1_649' title='bbox 1710 5392 1723 5404; x_wconf 40' lang='grc' dir='ltr'><strong>ο</strong></span> 
     </span>
     <span class='ocr_line' id='line_1_99' title="bbox 252 5390 1783 5473; baseline 0.001 -28"><span class='ocrx_word' id='word_1_650' title='bbox 252 5459 265 5471; x_wconf 46' lang='lat'><em>.</em></span> <span class='ocrx_word' id='word_1_651' title='bbox 334 5390 644 5473; x_wconf 54' lang='lat' dir='ltr'><strong>Bernartius</strong></span> <span class='ocrx_word' id='word_1_652' title='bbox 671 5397 790 5473; x_wconf 81' lang='lat' dir='ltr'><strong>Iste,</strong></span> <span class='ocrx_word' id='word_1_653' title='bbox 817 5399 971 5473; x_wconf 56' lang='lat' dir='ltr'><strong>pater</strong></span> <span class='ocrx_word' id='word_1_654' title='bbox 998 5391 1491 5473; x_wconf 65' lang='lat' dir='ltr'><strong>BernardtCothne</strong></span> <span class='ocrx_word' id='word_1_655' title='bbox 1517 5393 1783 5473; x_wconf 80' lang='lat' dir='ltr'><strong>marcbto-</strong></span> 
     </span>
    </p>
   </div>
   <div class='ocr_carea' id='block_1_98' title="bbox 213 5459 1786 5530">
    <p class='ocr_par' dir='ltr' id='par_1_98' title="bbox 213 5459 1786 5530">
     <span class='ocr_line' id='line_1_100' title="bbox 213 5459 1786 5530; baseline 0.004 -18"><span class='ocrx_word' id='word_1_656' title='bbox 213 5459 317 5530; x_wconf 72' lang='lat' dir='ltr'><strong>nis,</strong></span> <span class='ocrx_word' id='word_1_657' title='bbox 346 5474 455 5514; x_wconf 90' lang='lat' dir='ltr'><strong>non</strong></span> <span class='ocrx_word' id='word_1_658' title='bbox 503 5460 640 5514; x_wconf 90' lang='lat' dir='ltr'><strong>alius</strong></span> <span class='ocrx_word' id='word_1_659' title='bbox 667 5468 753 5514; x_wconf 86' lang='lat' dir='ltr'><strong>est</strong></span> <span class='ocrx_word' id='word_1_660' title='bbox 790 5475 821 5530; x_wconf 75' lang='lat' dir='ltr'><strong>_a</strong></span> <span class='ocrx_word' id='word_1_661' title='bbox 857 5459 1153 5525; x_wconf 84' lang='lat' dir='ltr'><strong>Bernardo,</strong></span> <span class='ocrx_word' id='word_1_662' title='bbox 1182 5463 1296 5530; x_wconf 89' lang='lat' dir='ltr'><strong>qtti,</strong></span> <span class='ocrx_word' id='word_1_663' title='bbox 1339 5473 1476 5518; x_wconf 88' lang='lat' dir='ltr'><strong>teste</strong></span> <span class='ocrx_word' id='word_1_664' title='bbox 1516 5465 1786 5518; x_wconf 83' lang='lat' dir='ltr'><strong>Adetnaro</strong></span> 
     </span>
    </p>
   </div>
   <div class='ocr_carea' id='block_1_99' title="bbox 213 5525 1787 5588">
    <p class='ocr_par' dir='ltr' id='par_1_99' title="bbox 213 5525 1787 5588">
     <span class='ocr_line' id='line_1_101' title="bbox 213 5525 1787 5588; baseline 0.004 -9"><span class='ocrx_word' id='word_1_665' title='bbox 213 5525 610 5587; x_wconf 87' lang='lat' dir='ltr'><strong>Chabannensi.</strong></span> <span class='ocrx_word' id='word_1_666' title='bbox 632 5544 755 5582; x_wconf 89' lang='lat' dir='ltr'><strong>cum</strong></span> <span class='ocrx_word' id='word_1_667' title='bbox 779 5528 946 5584; x_wconf 89' lang='lat' dir='ltr'><strong>fratre</strong></span> <span class='ocrx_word' id='word_1_668' title='bbox 971 5545 1068 5584; x_wconf 89' lang='lat' dir='ltr'><strong>suo</strong></span> <span class='ocrx_word' id='word_1_669' title='bbox 1088 5525 1361 5587; x_wconf 80' lang='lat' dir='ltr'><strong>Eménone</strong></span> <span class='ocrx_word' id='word_1_670' title='bbox 1389 5533 1583 5588; x_wconf 90' lang='lat' dir='ltr'><strong>comite</strong></span> <span class='ocrx_word' id='word_1_671' title='bbox 1609 5532 1787 5587; x_wconf 90' lang='lat' dir='ltr'><strong>Picta-</strong></span> 
     </span>
    </p>
   </div>
   <div class='ocr_carea' id='block_1_100' title="bbox 216 5598 1784 5667">
    <p class='ocr_par' dir='ltr' id='par_1_100' title="bbox 216 5598 1784 5667">
     <span class='ocr_line' id='line_1_102' title="bbox 216 5598 1784 5667; baseline 0.005 -18"><span class='ocrx_word' id='word_1_672' title='bbox 216 5599 361 5652; x_wconf 87' lang='lat' dir='ltr'><strong>vensi</strong></span> <span class='ocrx_word' id='word_1_673' title='bbox 397 5614 538 5654; x_wconf 89' lang='lat' dir='ltr'><strong>anno</strong></span> <span class='ocrx_word' id='word_1_674' title='bbox 555 5600 658 5654; x_wconf 76' lang='lat'><strong>839</strong></span> <span class='ocrx_word' id='word_1_675' title='bbox 688 5600 741 5653; x_wconf 91' lang='lat' dir='ltr'><strong>in</strong></span> <span class='ocrx_word' id='word_1_676' title='bbox 773 5598 1030 5654; x_wconf 87' lang='lat' dir='ltr'><strong>Ludovici</strong></span> <span class='ocrx_word' id='word_1_677' title='bbox 1061 5599 1138 5654; x_wconf 88' lang='lat' dir='ltr'><strong>Pii</strong></span> <span class='ocrx_word' id='word_1_678' title='bbox 1161 5601 1508 5656; x_wconf 73' lang='lat' dir='ltr'><strong>oﬂ‘ensionem</strong></span> <span class='ocrx_word' id='word_1_679' title='bbox 1539 5603 1784 5667; x_wconf 87' lang='lat' dir='ltr'><strong>incurrit,</strong></span> 
     </span>
    </p>
   </div>
   <div class='ocr_carea' id='block_1_101' title="bbox 217 5669 1784 5738">
    <p class='ocr_par' dir='ltr' id='par_1_101' title="bbox 217 5669 1784 5738">
     <span class='ocr_line' id='line_1_103' title="bbox 217 5669 1784 5738; baseline 0.004 -19"><span class='ocrx_word' id='word_1_680' title='bbox 217 5676 270 5720; x_wconf 93' lang='lat' dir='ltr'><strong>et</strong></span> <span class='ocrx_word' id='word_1_681' title='bbox 311 5671 400 5738; x_wconf 85' lang='lat' dir='ltr'><strong>qui</strong></span> <span class='ocrx_word' id='word_1_682' title='bbox 447 5684 586 5724; x_wconf 89' lang='lat' dir='ltr'><strong>anno</strong></span> <span class='ocrx_word' id='word_1_683' title='bbox 614 5669 716 5725; x_wconf 75' lang='grc'><strong>844</strong></span> <span class='ocrx_word' id='word_1_684' title='bbox 757 5678 946 5725; x_wconf 88' lang='lat' dir='ltr'><strong>contra</strong></span> <span class='ocrx_word' id='word_1_685' title='bbox 993 5669 1338 5726; x_wconf 88' lang='lat' dir='ltr'><strong>Lambertum</strong></span> <span class='ocrx_word' id='word_1_686' title='bbox 1370 5673 1784 5728; x_wconf 84' lang='lat' dir='ltr'><strong>Namnetensem</strong></span> 
     </span>
    </p>
   </div>
   <div class='ocr_carea' id='block_1_102' title="bbox 219 5739 1789 5813">
    <p class='ocr_par' dir='ltr' id='par_1_102' title="bbox 219 5739 1789 5813">
     <span class='ocr_line' id='line_1_104' title="bbox 219 5739 1789 5813; baseline 0.006 -23"><span class='ocrx_word' id='word_1_687' title='bbox 219 5741 464 5795; x_wconf 85' lang='lat' dir='ltr'><strong>comitem</strong></span> <span class='ocrx_word' id='word_1_688' title='bbox 497 5741 756 5798; x_wconf 88' lang='lat' dir='ltr'><strong>dimicans</strong></span> <span class='ocrx_word' id='word_1_689' title='bbox 789 5743 1002 5798; x_wconf 90' lang='lat' dir='ltr'><strong>occisus</strong></span> <span class='ocrx_word' id='word_1_690' title='bbox 1050 5748 1152 5796; x_wconf 91' lang='lat' dir='ltr'><strong>est.</strong></span> <span class='ocrx_word' id='word_1_691' title='bbox 1193 5739 1338 5798; x_wconf 83' lang='lat' dir='ltr'><strong>Uxor</strong></span> <span class='ocrx_word' id='word_1_692' title='bbox 1364 5742 1480 5813; x_wconf 84' lang='lat' dir='ltr'><strong>ejus</strong></span> <span class='ocrx_word' id='word_1_693' title='bbox 1511 5743 1789 5800; x_wconf 83' lang='lat' dir='ltr'><strong>Blieltildis</strong></span> 
     </span>
    </p>
   </div>
   <div class='ocr_carea' id='block_1_103' title="bbox 1821 4623 3485 4695">
    <p class='ocr_par' dir='ltr' id='par_1_103' title="bbox 1821 4623 3485 4695">
     <span class='ocr_line' id='line_1_105' title="bbox 1821 4623 3485 4695; baseline 0.003 -15"><span class='ocrx_word' id='word_1_694' title='bbox 1821 4627 1870 4688; x_wconf 82' lang='grc' dir='ltr'><strong>Ι)</strong></span> <span class='ocrx_word' id='word_1_695' title='bbox 1896 4626 2135 4690; x_wconf 90' lang='lat' dir='ltr'><strong>nomine,</strong></span> <span class='ocrx_word' id='word_1_696' title='bbox 2178 4625 2283 4679; x_wconf 86' lang='lat' dir='ltr'><strong>ﬁlia</strong></span> <span class='ocrx_word' id='word_1_697' title='bbox 2309 4631 2432 4695; x_wconf 87' lang='lat' dir='ltr'><strong>erat</strong></span> <span class='ocrx_word' id='word_1_698' title='bbox 2463 4623 2748 4679; x_wconf 82' lang='lat' dir='ltr'><strong>Roriconis</strong></span> <span class='ocrx_word' id='word_1_699' title='bbox 2789 4623 3215 4695; x_wconf 75' lang='lat' dir='ltr'><strong>Cenomanensis</strong></span> <span class='ocrx_word' id='word_1_700' title='bbox 3250 4627 3485 4695; x_wconf 86' lang='lat' dir='ltr'><strong>comitis,</strong></span> 
     </span>
    </p>
   </div>
   <div class='ocr_carea' id='block_1_104' title="bbox 1901 4693 3482 4760">
    <p class='ocr_par' dir='ltr' id='par_1_104' title="bbox 1901 4693 3482 4760">
     <span class='ocr_line' id='line_1_106' title="bbox 1901 4693 3482 4760; baseline 0.002 -11"><span class='ocrx_word' id='word_1_701' title='bbox 1901 4698 1989 4760; x_wconf 81' lang='lat' dir='ltr'><strong>qui</strong></span> <span class='ocrx_word' id='word_1_702' title='bbox 2035 4712 2179 4750; x_wconf 88' lang='lat' dir='ltr'><strong>anno</strong></span> <span class='ocrx_word' id='word_1_703' title='bbox 2220 4694 2325 4751; x_wconf 69' lang='lat'><strong>824</strong></span> <span class='ocrx_word' id='word_1_704' title='bbox 2367 4695 2752 4748; x_wconf 87' lang='lat' dir='ltr'><strong>monasterium</strong></span> <span class='ocrx_word' id='word_1_705' title='bbox 2784 4693 3108 4749; x_wconf 88' lang='lat' dir='ltr'><strong>Fossatense</strong></span> <span class='ocrx_word' id='word_1_706' title='bbox 3139 4693 3482 4753; x_wconf 72' lang='lat' dir='ltr'><strong>instauravit.</strong></span> 
     </span>
    </p>
   </div>
   <div class='ocr_carea' id='block_1_105' title="bbox 1899 4763 3482 4835">
    <p class='ocr_par' dir='ltr' id='par_1_105' title="bbox 1899 4763 3482 4835">
     <span class='ocr_line' id='line_1_107' title="bbox 1899 4763 3482 4835; baseline 0.001 -15"><span class='ocrx_word' id='word_1_707' title='bbox 1899 4767 2088 4821; x_wconf 76' lang='lat' dir='ltr'><strong>Exstat</strong></span> <span class='ocrx_word' id='word_1_708' title='bbox 2119 4767 2257 4834; x_wconf 89' lang='lat' dir='ltr'><strong>apud</strong></span> <span class='ocrx_word' id='word_1_709' title='bbox 2291 4765 2534 4818; x_wconf 84' lang='lat' dir='ltr'><strong>Bessium</strong></span> <span class='ocrx_word' id='word_1_710' title='bbox 2587 4763 2638 4816; x_wconf 91' lang='lat' dir='ltr'><strong>in</strong></span> <span class='ocrx_word' id='word_1_711' title='bbox 2683 4763 2916 4818; x_wconf 86' lang='lat' dir='ltr'><strong>Historia</strong></span> <span class='ocrx_word' id='word_1_712' title='bbox 2961 4767 3341 4835; x_wconf 91' lang='lat' dir='ltr'><strong>episcoporum</strong></span> <span class='ocrx_word' id='word_1_713' title='bbox 3392 4767 3482 4822; x_wconf 84' lang='lat' dir='ltr'><strong>Pi-</strong></span> 
     </span>
    </p>
   </div>
   <div class='ocr_carea' id='block_1_106' title="bbox 1897 4835 3483 4902">
    <p class='ocr_par' dir='ltr' id='par_1_106' title="bbox 1897 4835 3483 4902">
     <span class='ocr_line' id='line_1_108' title="bbox 1897 4835 3483 4902; baseline 0 -11"><span class='ocrx_word' id='word_1_714' title='bbox 1897 4847 2039 4891; x_wconf 88' lang='lat' dir='ltr'><strong>ctav.</strong></span> <span class='ocrx_word' id='word_1_715' title='bbox 2057 4837 2242 4890; x_wconf 88' lang='lat' dir='ltr'><strong>charta</strong></span> <span class='ocrx_word' id='word_1_716' title='bbox 2259 4835 2545 4888; x_wconf 86' lang='lat' dir='ltr'><strong>Roriconis</strong></span> <span class='ocrx_word' id='word_1_717' title='bbox 2563 4835 2796 4896; x_wconf 93' lang='lat' dir='ltr'><strong>comitis,</strong></span> <span class='ocrx_word' id='word_1_718' title='bbox 2825 4835 2876 4888; x_wconf 92' lang='lat' dir='ltr'><strong>in</strong></span> <span class='ocrx_word' id='word_1_719' title='bbox 2903 4849 3008 4902; x_wconf 86' lang='lat' dir='ltr'><strong>qua</strong></span> <span class='ocrx_word' id='word_1_720' title='bbox 3035 4845 3301 4888; x_wconf 87' lang='lat' dir='ltr'><strong>memorat</strong></span> <span class='ocrx_word' id='word_1_721' title='bbox 3327 4850 3483 4891; x_wconf 87' lang='lat' dir='ltr'><strong>suum</strong></span> 
     </span>
    </p>
   </div>
   <div class='ocr_carea' id='block_1_107' title="bbox 1897 4903 3478 4973">
    <p class='ocr_par' dir='ltr' id='par_1_107' title="bbox 1897 4903 3478 4973">
     <span class='ocr_line' id='line_1_109' title="bbox 1897 4903 3478 4973; baseline 0.001 -16"><span class='ocrx_word' id='word_1_722' title='bbox 1897 4916 2103 4973; x_wconf 87' lang='lat' dir='ltr'><strong>patrem</strong></span> <span class='ocrx_word' id='word_1_723' title='bbox 2159 4904 2503 4965; x_wconf 84' lang='lat' dir='ltr'><strong>Gauzlinum,</strong></span> <span class='ocrx_word' id='word_1_724' title='bbox 2555 4911 2782 4973; x_wconf 86' lang='lat' dir='ltr'><strong>matrem</strong></span> <span class='ocrx_word' id='word_1_725' title='bbox 2832 4903 3202 4973; x_wconf 81' lang='lat' dir='ltr'><strong>Aldetrudem,</strong></span> <span class='ocrx_word' id='word_1_726' title='bbox 3250 4904 3478 4959; x_wconf 85' lang='lat' dir='ltr'><strong>fratrem</strong></span> 
     </span>
    </p>
   </div>
   <div class='ocr_carea' id='block_1_108' title="bbox 1895 4971 3487 5032">
    <p class='ocr_par' dir='ltr' id='par_1_108' title="bbox 1895 4971 3487 5032">
     <span class='ocr_line' id='line_1_110' title="bbox 1895 4971 3487 5032; baseline 0 -4"><span class='ocrx_word' id='word_1_727' title='bbox 1895 4971 2257 5028; x_wconf 78' lang='lat' dir='ltr'><strong>Ganzbertum</strong></span> <span class='ocrx_word' id='word_1_728' title='bbox 2285 4975 2606 5028; x_wconf 87' lang='lat' dir='ltr'><strong>monaclmm</strong></span> <span class='ocrx_word' id='word_1_729' title='bbox 2625 4972 3022 5032; x_wconf 86' lang='lat' dir='ltr'><strong>Fossatensem,</strong></span> <span class='ocrx_word' id='word_1_730' title='bbox 3051 4971 3286 5025; x_wconf 91' lang='lat' dir='ltr'><strong>etﬁlium</strong></span> <span class='ocrx_word' id='word_1_731' title='bbox 3309 4974 3487 5028; x_wconf 87' lang='lat' dir='ltr'><strong>Ganz-</strong></span> 
     </span>
    </p>
   </div>
   <div class='ocr_carea' id='block_1_109' title="bbox 1897 5040 3488 5098">
    <p class='ocr_par' dir='ltr' id='par_1_109' title="bbox 1897 5040 3488 5098">
     <span class='ocr_line' id='line_1_111' title="bbox 1897 5040 3488 5098; baseline 0.001 -2"><span class='ocrx_word' id='word_1_732' title='bbox 1897 5043 2063 5096; x_wconf 90' lang='lat' dir='ltr'><strong>linum</strong></span> <span class='ocrx_word' id='word_1_733' title='bbox 2116 5045 2436 5097; x_wconf 84' lang='lat' dir='ltr'><strong>monachum</strong></span> <span class='ocrx_word' id='word_1_734' title='bbox 2487 5040 3363 5097; x_wconf 81' lang='lat' dir='ltr'><strong>Glannafoliensem.Gauzberttts</strong></span> <span class='ocrx_word' id='word_1_735' title='bbox 3384 5042 3488 5098; x_wconf 86' lang='lat' dir='ltr'><strong>fuit</strong></span> 
     </span>
    </p>
   </div>
   <div class='ocr_carea' id='block_1_110' title="bbox 1896 5110 3482 5173">
    <p class='ocr_par' dir='ltr' id='par_1_110' title="bbox 1896 5110 3482 5173">
     <span class='ocr_line' id='line_1_112' title="bbox 1896 5110 3482 5173; baseline 0 -7"><span class='ocrx_word' id='word_1_736' title='bbox 1896 5113 2063 5168; x_wconf 86' lang='lat' dir='ltr'><strong>abbas</strong></span> <span class='ocrx_word' id='word_1_737' title='bbox 2084 5113 2440 5173; x_wconf 84' lang='lat' dir='ltr'><strong>Fossatensis,</strong></span> <span class='ocrx_word' id='word_1_738' title='bbox 2465 5122 2520 5165; x_wconf 89' lang='lat' dir='ltr'><strong>et</strong></span> <span class='ocrx_word' id='word_1_739' title='bbox 2543 5121 2784 5165; x_wconf 85' lang='lat' dir='ltr'><strong>mortuus</strong></span> <span class='ocrx_word' id='word_1_740' title='bbox 2805 5119 2888 5164; x_wconf 90' lang='lat' dir='ltr'><strong>est</strong></span> <span class='ocrx_word' id='word_1_741' title='bbox 2918 5110 3058 5165; x_wconf 83' lang='lat' dir='ltr'><strong>circa</strong></span> <span class='ocrx_word' id='word_1_742' title='bbox 3082 5127 3132 5163; x_wconf 90' lang='lat' dir='ltr'><strong>a.</strong></span> <span class='ocrx_word' id='word_1_743' title='bbox 3156 5111 3280 5166; x_wconf 73' lang='lat'><strong>845.</strong></span> <span class='ocrx_word' id='word_1_744' title='bbox 3305 5112 3482 5167; x_wconf 82' lang='lat' dir='ltr'><strong>Ganz-</strong></span> 
     </span>
    </p>
   </div>
   <div class='ocr_carea' id='block_1_111' title="bbox 1894 5179 3484 5238">
    <p class='ocr_par' dir='ltr' id='par_1_111' title="bbox 1894 5179 3484 5238">
     <span class='ocr_line' id='line_1_113' title="bbox 1894 5179 3484 5238; baseline 0 -2"><span class='ocrx_word' id='word_1_745' title='bbox 1894 5181 2037 5238; x_wconf 89' lang='lat' dir='ltr'><strong>linus</strong></span> <span class='ocrx_word' id='word_1_746' title='bbox 2067 5183 2166 5238; x_wconf 86' lang='lat' dir='ltr'><strong>fuit</strong></span> <span class='ocrx_word' id='word_1_747' title='bbox 2208 5185 2376 5237; x_wconf 88' lang='lat' dir='ltr'><strong>abbas</strong></span> <span class='ocrx_word' id='word_1_748' title='bbox 2425 5179 2897 5236; x_wconf 88' lang='lat' dir='ltr'><strong>Glannafoliensis.</strong></span> <span class='ocrx_word' id='word_1_749' title='bbox 2935 5179 3242 5236; x_wconf 80' lang='lat' dir='ltr'><strong>Bernartius</strong></span> <span class='ocrx_word' id='word_1_750' title='bbox 3269 5181 3484 5236; x_wconf 65' lang='lat' dir='ltr'><strong>Gothiae</strong></span> 
     </span>
    </p>
   </div>
   <div class='ocr_carea' id='block_1_112' title="bbox 1891 5250 3483 5320">
    <p class='ocr_par' dir='ltr' id='par_1_112' title="bbox 1891 5250 3483 5320">
     <span class='ocr_line' id='line_1_114' title="bbox 1891 5250 3483 5320; baseline 0 -14"><span class='ocrx_word' id='word_1_751' title='bbox 1891 5255 2135 5308; x_wconf 89' lang='lat' dir='ltr'><strong>marchio</strong></span> <span class='ocrx_word' id='word_1_752' title='bbox 2167 5254 2458 5307; x_wconf 88' lang='lat' dir='ltr'><strong>honoribus</strong></span> <span class='ocrx_word' id='word_1_753' title='bbox 2492 5251 2734 5320; x_wconf 81' lang='lat' dir='ltr'><strong>privatus</strong></span> <span class='ocrx_word' id='word_1_754' title='bbox 2757 5261 2839 5306; x_wconf 90' lang='lat' dir='ltr'><strong>est</strong></span> <span class='ocrx_word' id='word_1_755' title='bbox 2877 5266 2964 5304; x_wconf 87' lang='lat' dir='ltr'><strong>an.</strong></span> <span class='ocrx_word' id='word_1_756' title='bbox 3010 5250 3114 5304; x_wconf 84' lang='lat'><strong>878</strong></span> <span class='ocrx_word' id='word_1_757' title='bbox 3157 5252 3208 5304; x_wconf 93' lang='lat' dir='ltr'><strong>in</strong></span> <span class='ocrx_word' id='word_1_758' title='bbox 3253 5253 3483 5307; x_wconf 91' lang='lat' dir='ltr'><strong>concilio</strong></span> 
     </span>
    </p>
   </div>
   <div class='ocr_carea' id='block_1_113' title="bbox 1893 5322 2371 5384">
    <p class='ocr_par' dir='ltr' id='par_1_113' title="bbox 1893 5322 2371 5384">
     <span class='ocr_line' id='line_1_115' title="bbox 1893 5322 2371 5384; baseline -0.004 -8"><span class='ocrx_word' id='word_1_759' title='bbox 1893 5322 2178 5378; x_wconf 78' lang='lat' dir='ltr'><strong>Trecensi.</strong></span> <span class='ocrx_word' id='word_1_760' title='bbox 2205 5322 2371 5384; x_wconf 67' lang='lat' dir='ltr'><strong>liceo.</strong></span> 
     </span>
    </p>
   </div>
   <div class='ocr_carea' id='block_1_114' title="bbox 1963 5389 3481 5460">
    <p class='ocr_par' dir='ltr' id='par_1_114' title="bbox 1963 5389 3481 5460">
     <span class='ocr_line' id='line_1_116' title="bbox 1963 5389 3481 5460; baseline -0.001 -14"><span class='ocrx_word' id='word_1_761' title='bbox 1963 5395 1989 5433; x_wconf 76' lang='grc' dir='ltr'>ιι</span> <span class='ocrx_word' id='word_1_762' title='bbox 2021 5393 2171 5448; x_wconf 87' lang='lat' dir='ltr'><strong>Tunc</strong></span> <span class='ocrx_word' id='word_1_763' title='bbox 2190 5392 2397 5446; x_wconf 72' lang='lat' dir='ltr'><strong>Gotbize</strong></span> <span class='ocrx_word' id='word_1_764' title='bbox 2420 5391 2680 5454; x_wconf 88' lang='lat' dir='ltr'><strong>marchia,</strong></span> <span class='ocrx_word' id='word_1_765' title='bbox 2705 5406 2825 5460; x_wconf 67' lang='lat' dir='ltr'><strong>qua:</strong></span> <span class='ocrx_word' id='word_1_766' title='bbox 2846 5390 3052 5460; x_wconf 88' lang='lat' dir='ltr'><strong>integra</strong></span> <span class='ocrx_word' id='word_1_767' title='bbox 3087 5405 3335 5460; x_wconf 84' lang='lat' dir='ltr'><strong>possessa</strong></span> <span class='ocrx_word' id='word_1_768' title='bbox 3365 5389 3481 5444; x_wconf 85' lang='lat' dir='ltr'><strong>fue-</strong></span> 
     </span>
    </p>
   </div>
   <div class='ocr_carea' id='block_1_115' title="bbox 1892 5460 3481 5525">
    <p class='ocr_par' dir='ltr' id='par_1_115' title="bbox 1892 5460 3481 5525">
     <span class='ocr_line' id='line_1_117' title="bbox 1892 5460 3481 5525; baseline -0.001 -9"><span class='ocrx_word' id='word_1_769' title='bbox 1892 5474 1978 5516; x_wconf 90' lang='lat' dir='ltr'><strong>rat</strong></span> <span class='ocrx_word' id='word_1_770' title='bbox 2023 5463 2092 5516; x_wconf 88' lang='lat' dir='ltr'><strong>ab</strong></span> <span class='ocrx_word' id='word_1_771' title='bbox 2138 5460 2420 5525; x_wconf 87' lang='lat' dir='ltr'><strong>llunfrido,</strong></span> <span class='ocrx_word' id='word_1_772' title='bbox 2461 5463 2512 5516; x_wconf 89' lang='lat' dir='ltr'><strong>in</strong></span> <span class='ocrx_word' id='word_1_773' title='bbox 2563 5462 2698 5514; x_wconf 90' lang='lat' dir='ltr'><strong>duas</strong></span> <span class='ocrx_word' id='word_1_774' title='bbox 2734 5463 2901 5516; x_wconf 87' lang='lat' dir='ltr'><strong>divisa</strong></span> <span class='ocrx_word' id='word_1_775' title='bbox 2928 5471 3028 5515; x_wconf 89' lang='lat' dir='ltr'><strong>est.</strong></span> <span class='ocrx_word' id='word_1_776' title='bbox 3072 5461 3300 5516; x_wconf 85' lang='lat' dir='ltr'><strong>Carolus</strong></span> <span class='ocrx_word' id='word_1_777' title='bbox 3334 5460 3481 5514; x_wconf 90' lang='lat' dir='ltr'><strong>enim</strong></span> 
     </span>
    </p>
   </div>
   <div class='ocr_carea' id='block_1_116' title="bbox 1893 5530 3480 5602">
    <p class='ocr_par' dir='ltr' id='par_1_116' title="bbox 1893 5530 3480 5602">
     <span class='ocr_line' id='line_1_118' title="bbox 1893 5530 3480 5602; baseline -0.003 -16"><span class='ocrx_word' id='word_1_778' title='bbox 1893 5532 2282 5602; x_wconf 75' lang='lat' dir='ltr'><strong>Septimaniam</strong></span> <span class='ocrx_word' id='word_1_779' title='bbox 2313 5533 2527 5600; x_wconf 87' lang='lat' dir='ltr'><strong>proprie</strong></span> <span class='ocrx_word' id='word_1_780' title='bbox 2555 5531 2906 5602; x_wconf 76' lang='lat' dir='ltr'><strong>dictamcum</strong></span> <span class='ocrx_word' id='word_1_781' title='bbox 2941 5531 3270 5586; x_wconf 83' lang='lat' dir='ltr'><strong>Narbonensi</strong></span> <span class='ocrx_word' id='word_1_782' title='bbox 3301 5530 3480 5601; x_wconf 86' lang='lat' dir='ltr'><strong>prima</strong></span> 
     </span>
    </p>
   </div>
   <div class='ocr_carea' id='block_1_117' title="bbox 1893 5599 3019 5669">
    <p class='ocr_par' dir='ltr' id='par_1_117' title="bbox 1893 5599 3019 5669">
     <span class='ocr_line' id='line_1_119' title="bbox 1893 5599 3019 5669; baseline 0 -14"><span class='ocrx_word' id='word_1_783' title='bbox 1893 5617 1922 5655; x_wconf 89' lang='lat' dir='ltr'><strong>a</strong></span> <span class='ocrx_word' id='word_1_784' title='bbox 1953 5599 2190 5655; x_wconf 83' lang='lat' dir='ltr'><strong>marcbia</strong></span> <span class='ocrx_word' id='word_1_785' title='bbox 2218 5599 2505 5669; x_wconf 86' lang='lat' dir='ltr'><strong>llispanica</strong></span> <span class='ocrx_word' id='word_1_786' title='bbox 2531 5601 2826 5669; x_wconf 88' lang='lat' dir='ltr'><strong>separavit.</strong></span> <span class='ocrx_word' id='word_1_787' title='bbox 2854 5600 3019 5665; x_wconf 70' lang='lat' dir='ltr'><strong>Bono.</strong></span> 
     </span>
    </p>
   </div>
   <div class='ocr_carea' id='block_1_118' title="bbox 1971 5667 3481 5742">
    <p class='ocr_par' dir='ltr' id='par_1_118' title="bbox 1971 5667 3481 5742">
     <span class='ocr_line' id='line_1_120' title="bbox 1971 5667 3481 5742; baseline -0.001 -18"><span class='ocrx_word' id='word_1_788' title='bbox 1971 5672 1986 5710; x_wconf 77' lang='grc' dir='ltr'><strong>ί</strong></span> <span class='ocrx_word' id='word_1_789' title='bbox 2023 5671 2077 5724; x_wconf 84' lang='lat' dir='ltr'><strong>Id</strong></span> <span class='ocrx_word' id='word_1_790' title='bbox 2108 5679 2190 5724; x_wconf 90' lang='lat' dir='ltr'><strong>est</strong></span> <span class='ocrx_word' id='word_1_791' title='bbox 2219 5667 2714 5741; x_wconf 38' lang='lat' dir='ltr'><strong>castigatumacfd.</strong></span> <span class='ocrx_word' id='word_1_792' title='bbox 2743 5671 2932 5726; x_wconf 86' lang='lat' dir='ltr'><strong>Italum</strong></span> <span class='ocrx_word' id='word_1_793' title='bbox 2972 5688 3242 5742; x_wconf 59' lang='grc' dir='ltr'><strong>δραχμιαῖα.</strong></span> <span class='ocrx_word' id='word_1_794' title='bbox 3274 5678 3328 5727; x_wconf 88' lang='lat' dir='ltr'><strong>et</strong></span> <span class='ocrx_word' id='word_1_795' title='bbox 3352 5667 3481 5726; x_wconf 80' lang='lat' dir='ltr'><strong>Gal-</strong></span> 
     </span>
    </p>
   </div>
   <div class='ocr_carea' id='block_1_119' title="bbox 1893 5741 2762 5813">
    <p class='ocr_par' dir='ltr' id='par_1_119' title="bbox 1893 5741 2762 5813">
     <span class='ocr_line' id='line_1_121' title="bbox 1893 5741 2762 5813; baseline -0.002 -16"><span class='ocrx_word' id='word_1_796' title='bbox 1893 5741 2055 5798; x_wconf 89' lang='lat' dir='ltr'><strong>licum</strong></span> <span class='ocrx_word' id='word_1_797' title='bbox 2081 5752 2423 5813; x_wconf 77' lang='lat' dir='ltr'><strong>espouaseler,</strong></span> <span class='ocrx_word' id='word_1_798' title='bbox 2447 5745 2762 5812; x_wconf 60' lang='lat' dir='ltr'><strong>(pousseter.</strong></span> 
     </span>
    </p>
   </div>
  </div>
