4038 6322
587 307 727 362 1225

1652 302 1745 355 Μ)
1781 300 2009 357 orsus
2048 298 2781 383 nixantmarrenntx,

3728 304 3879 363 1:228

585 439 709 481 cmn
733 419 876 477 sacri
902 432 1139 473 canones
1180 416 1387 479 dicant,
1437 421 1495 468 ut
1539 414 1585 467 si
1616 415 1902 484 episcopus
1937 430 1967 468 a
1997 416 2164 482 gradu
2197 418 2244 491 Α
2276 415 2503 480 tharius,
2536 415 2817 476 Erlandus,
2854 415 3237 481 Thentmarus,
3267 414 3710 483 Werctnboidus,
3755 420 3879 476 Ro-

584 512 827 582 dejectus
849 511 918 565 ab
944 507 1214 579 episcopis
1259 504 1572 573 provinciae,
1623 505 1690 558 ad
1719 504 2026 573 episcopum
2071 504 2172 556 lto-

584 606 806 660 manum
834 599 1160 670 confugerit,
1191 596 1395 651 scribat
1420 594 1697 650 Romanus
1722 596 2007 663 episc0pus
2047 592 2169 646 [iui-

587 697 733 751 timae
763 696 818 749 et
837 690 1150 761 propinquat
1173 684 1465 756 provinciae
1494 684 1780 753 episcopis,
1816 691 1875 737 ut
1922 682 2022 751 ipsi
2054 697 2202 766 om-~

586 790 715 844 nino
764 785 1048 855 diligenter
1097 794 1317 834 causam
1378 777 1673 847 inquirant,
1726 784 1781 831 et
1802 777 1958 845 juxta
2004 774 2165 827 tidem

583 875 827 930 veritatis
853 870 1142 929 dil‘tiniant.
1166 876 1222 923 et
1252 868 1267 898 ¹
1306 867 1349 922 si
1382 866 1427 921 is
1469 867 1560 935 qui
1593 866 1832 935 dejectus
1861 874 1945 919 est
1971 864 2165 917 iterum

580 969 650 1021 ab
676 967 777 1029 eis,
804 963 1033 1019 moverit
1075 962 1378 1016 Romanum
1419 959 1757 1028 episcopum,
1799 964 1892 1011 aut
1923 955 2106 1009 mittat
2132 968 2162 1008 a

580 1058 750 1111 latere
776 1070 896 1120 suo,
925 1054 1015 1122 qui
1041 1050 1416 1105 auctoritatem
1436 1048 1553 1117 ejus
1579 1063 1609 1102 a
1636 1061 1743 1116 quo
1763 1046 2012 1101 destinati
2040 1050 2165 1099 sunt

579 1145 862 1207 habentes,
895 1156 1016 1194 eum
1048 1139 1313 1209 episcopis
1338 1137 1602 1206 judicent,
1627 1143 1720 1190 aut
1749 1135 1935 1189 credat
1956 1134 2163 1202 episco-

576 1249 678 1304 pos
707 1232 980 1296 suﬂicere,
1009 1239 1070 1283 ut
1096 1229 1313 1297 negotio
1344 1227 1635 1280 terminum
1678 1225 1954 1293 imponant
1981 1240 1995 1274 :
2030 1220 2161 1273 nihil

580 1324 776 1378 horum
805 1322 946 1375 idem
978 1317 1306 1388 apostolicus
1331 1331 1494 1385 agere
1516 1313 1701 1377 voluit,
1736 1312 1828 1367 sed
1856 1311 2161 1381 posthabito

574 1414 955 1481 episcoporum
1001 1408 1225 1477 judicio,
1255 1406 1347 1476 qui
1383 1405 1539 1473 juxta
1584 1418 1770 1458 sacras
1802 1402 2014 1471 regulas
2040 1410 2159 1469 post

572 1503 836 1573 judicium
882 1504 985 1555 sub
1022 1508 1302 1569 gestorum
1353 1496 1534 1566 specie
1579 1494 1761 1548 omnia
1797 1492 2041 1561 judicata
2089 1490 2157 1544 ad

578 1594 761 1648 sedem
815 1590 1164 1659 apostolicam
1212 1587 1536 1649 retulerunt,
1587 1587 1700 1653 ipse
1748 1598 1844 1637 sua
1888 1588 2157 1651 potestate

576 1684 725 1737 illum
760 1681 1014 1736 restituit.
1057 1679 1385 1732 Restitutum
1418 1691 1548 1745 ergo
1589 1673 1790 1728 Karolo
1837 1671 1988 1726 misit
2027 1684 2151 1725 cum

2276 507 2445 563 collus
2496 526 2697 567 comes.
2743 511 2819 564 De
2859 511 3106 567 vassallis
3164 496 3505 593 Erleboldus',
3556 511 3875 583 Vull’ridus,

2274 601 2537 665 Eidulfus,
2584 601 2976 665 Bertmundus,
3023 601 3338 665 Nithartlus,
3397 601 3695 656 Aruostus.
3764 601 3876 655 lloe

2264 692 2507 763 juratum
2536 699 2620 747 est
2644 707 2807 763 super
2832 701 3064 762 quatuor
3093 692 3186 745 Dei
3221 668 3509 762 Evangelia
3544 700 3720 761 atque
3751 707 3871 759 pre-

2272 783 2620 839 tiosissimum
2649 783 2850 854 lignum
2881 793 3083 838 sanctae
3114 783 3406 837 Dominicze
3439 782 3630 837 crucis
3651 793 3709 837 et
3740 783 3874 839 alias

2271 884 2581 933 sanctorum
2602 877 2864 946 reliquias
2893 877 2945 931 in
2972 877 3090 932 loco
3120 877 3209 945 qui
3236 876 3434 931 dicitur
3458 874 3802 932 Vindonissa
3825 891 3872 943 ι,

2269 969 2357 1023 die
2388 967 2544 1021 tertia
2574 968 2776 1023 mensis
2803 966 3055 1037 Augusti,
3083 966 3373 1021 indictione
3404 961 3492 1020 t3.
3516 965 3640 1023 Hoc
3667 965 3869 1022 factum

2263 1067 2349 1114 est
2375 1057 2706 1127 temporibus
2752 1058 2932 1121 domui
2972 1066 3068 1129 ter
3119 1057 3415 1121 beatissimi
3458 1067 3515 1112 et
3565 1060 3868 1129 euangelici

2265 1149 2469 1204 Nicolai
2497 1149 2800 1218 apostolici,
2831 1149 3101 1204 mediante
3140 1158 3194 1204 et
3219 1151 3599 1204 constituente
3639 1150 3868 1209 Arsenio

2262 1238 2559 1292 venerabili
2578 1239 2849 1308 episcopo,
2866 1238 3033 1291 misso
3046 1246 3101 1292 et
3117 1236 3476 1307 apocrisiario
3499 1254 3736 1292 summa
3750 1256 3867 1294 San-

2261 1337 2362 1383 cta:
2377 1328 2653 1383 catholica:
2666 1338 2826 1397 atque
2842 1327 3157 1403 apostolica:
3176 1327 3342 1392 sedis,
3360 1327 3730 1397 apostolicam
3764 1327 3856 1382 ba-

2262 1419 2424 1473 bente
2455 1417 2832 1471 auctoritatem
2865 1426 2921 1470 et
2947 1417 3127 1488 legato
3154 1415 3395 1485 ejusdem
3424 1417 3627 1491 domui
3661 1417 3859 1471 Nicolai

2261 1506 2563 1576 apostolici.
2582 1504 2809 1560 Nomina
2828 1507 3200 1578 episcoporum
3225 1507 3278 1561 in
3296 1522 3537 1577 quorum
3570 1511 3861 1578 pws-nti:

2260 1605 2315 1653 et
2340 1595 2429 1667 qui
2447 1594 2825 1660 interfuerunt,
2843 1596 2957 1652 hinc
2982 1603 3105 1652 sunt
3127 1613 3141 1649 :
3160 1594 3467 1652 llarduicus
3488 1599 3860 1667 archiepisco-

2264 1699 2367 1755 pus
2392 1682 2883 1747 Besintionensisb,
2919 1682 3208 1762 Remedius
3240 1678 3702 1755 archiepiscopus
3733 1687 3858 1739 Lau-

572 1771 836 1842 epistolis,
868 1771 923 1824 in
950 1770 1147 1839 quibus
1172 1768 1574 1830 continebatur,
1602 1773 1662 1818 ut
1703 1765 1820 1819 sine
1861 1763 1967 1816 ulla
2002 1775 2153 1816 exce-

2267 1753 2524 1829 dunensis
2545 1785 2593 1840 ο,
2611 1773 2727 1828 Ado
2748 1759 3188 1844 archiepiscopus
3203 1753 3532 1829 Biennensis
3554 1753 3617 1836 3,7
3634 1776 3859 1831 liodlan-

568 1863 777 1931 ptione,
802 1863 847 1916 si
875 1862 996 1929 quis
1016 1862 1192 1914 eidem
1220 1859 1470 1914 Rothado
1498 1857 1754 1927 quiddam
1781 1864 1874 1909 aut
1896 1856 1963 1910 de
1990 1854 2158 1924 gradu

573 1962 667 2005 aut
695 1952 763 2005 de
789 1951 949 2005 rebus
972 1950 1229 2019 episcopii
1246 1948 1664 2012 contradiceret,
1688 1948 1974 2001 anathema
1996 1944 2153 1999 foret.

574 2035 775 2106 Sicque
821 2038 938 2091 sine
981 2035 1405 2104 interrogatione
1450 2034 1535 2088 vel
1582 2048 1848 2089 consensu
1877 2033 2158 2102 episcopo-

575 2145 695 2184 rum
742 2130 835 2198 qui
878 2142 1004 2182 eum
1032 2128 1422 2196 deposuerunt,
1471 2141 1567 2195 per
1598 2127 1825 2180 missum
1872 2124 2157 2180 Arsenium

572 2221 855 2277 Rothadus
877 2228 964 2275 est
993 2221 1047 2274 in
1079 2220 1206 2276 sede
1235 2234 1333 2273 sua
1369 2219 1646 2274 remissus.

642 2333 769 2387 Post
803 2332 921 2386 haec
941 2331 1202 2386 Arsenius
1224 2331 1289 2383 ad
1320 2329 1609 2384 Duciacum
1630 2329 1844 2384 obviam
1872 2329 2155 2385 Hlothario

569 2424 768 2495 pergit,
795 2424 995 2478 ducens
1033 2422 1428 2492 Thcotbergam
1460 2438 1580 2490 quae
1630 2421 1938 2491 aliquandiu
1982 2424 2153 2478 hono-

570 2514 811 2569 rabiliter
847 2514 900 2567 in
930 2529 1097 2583 regno
1134 2511 1315 2566 Karoli
1362 2512 1567 2581 degnit,
1613 2520 1668 2566 et
1714 2523 1934 2581 accepto
1974 2528 2155 2568 sacra-

566 2613 751 2659 mento
792 2619 821 2657 a
876 2604 1160 2658 duodecim
1207 2603 1519 2657 hominibus
1555 2618 1620 2657 ex
1670 2612 1823 2672 parte
1858 2603 2149 2671 'lllotharii,

565 2696 810 2750 eamdem
840 2694 1273 2763 Theotbergam,
1330 2693 1475 2746 nulla
1527 2693 1895 2747 ecclesiastica
1940 2695 2154 2749 satisfa-

564 2786 744 2840 ctione
769 2800 868 2853 pro
888 2783 1154 2838 adulterio
1181 2783 1396 2852 publico
1409 2785 1477 2837 ab
1496 2799 1561 2837 eo
1591 2783 1884 2838 sccundmu
1913 2799 2149 2840 canones

564 2889 754 2930 sacros
783 2882 1019 2941 patrata,
1047 2871 1121 2925 illi
1154 2872 1205 2925 in
1234 2872 1636 2925 matrimonium
1665 2871 1916 2930 reddidit.
1949 2872 2148 2926 Sacra-

562 2973 807 3019 mentum
833 2971 1013 3018 autem
1045 2978 1142 3031 pro
1187 2962 1525 3032 ’Lheotberga
1554 2961 1854 3031 praestitum
1888 2977 1952 3015 ex
1993 2974 2148 3032 parte

564 3052 832 3154 lliotharii
869 3054 943 3154 ita
970 3067 1042 3154 se.
1065 3052 1248 3153 habet,
1276 3051 1435 3154 veluti
1465 3051 1727 3106 dictatura
1757 3060 1812 3153 et
1841 3052 2010 3107 Roma
2051 3054 2144 3154 δέ·-
2175 3092 2220 3154 C

563 3141 731 3197 latum
770 3142 838 3196 ab
868 3142 986 3211 ipso
1014 3141 1243 3195 Arseuio
1277 3159 1289 3194 :
1326 3159 1345 3191 ‹
1384 3139 1583 3195 Jnrans
1611 3143 1867 3211 promitto
1893 3158 1994 3213 ego
2023 3142 2146 3198 talis

563 3245 662 3301 per
690 3231 805 3286 haec
833 3238 1070 3301 quatuor
1096 3238 1282 3284 sancta
1304 3228 1506 3284 Christi
1538 3230 1846 3301 Evangelia,
1882 3246 2004 3301 qua:
2034 3248 2144 3285 ma-

562 3323 722 3377 nibus
758 3321 896 3377 meis
931 3330 1115 3392 tango,
1145 3330 1308 3391 atque
1354 3321 1489 3375 istas
1526 3329 1837 3375 sanctorum
1868 3320 2143 3390 reliquias,

559 3411 691 3483 quia
719 3412 904 3468 senior
947 3426 1100 3466 meus
1149 3410 1464 3464 lllotbarius
1513 3424 1631 3475 rex,
1686 3410 1828 3464 Illius
1872 3411 2144 3479 quondam

560 3504 662 3571 pia:
694 3501 1086 3557 recordationis
1111 3500 1379 3554 Hlotharii
1419 3500 1750 3554 serenissimi
1775 3500 2139 3570 imperatoris,

559 3592 754 3645 amodo
804 3598 862 3645 et
910 3590 1166 3659 deinceps
1209 3588 1439 3656 accipiet
1480 3588 1871 3659 Theotbergam
1919 3606 2142 3647 uxorem

558 3695 713 3737 suam
752 3696 853 3751 pro
873 3679 1116 3749 legitima
1161 3687 1431 3745 matrona,
1473 3689 1531 3734 et
1557 3694 1677 3734 eam
1707 3680 1788 3735 sic
1836 3674 2056 3737 habebit
2088 3683 2140 3739 in

558 3772 827 3835 omnibus,
882 3772 1026 3828 sicut
1065 3771 1220 3828 decet
1250 3785 1433 3841 regem
1488 3772 1691 3826 habere
1734 3772 1976 3842 reginam
2008 3789 2142 3830 uxo—

558 3878 696 3919 rem.
719 3862 785 3917 Et
804 3871 1024 3933 propter
1044 3862 1157 3934 jam
1180 3862 1320 3917 latas
1342 3863 1706 3931 dissensiones
1730 3877 1903 3934 neque
1928 3864 1981 3918 in
2006 3864 2136 3930 vita,

556 3968 732 4024 neque
758 3954 813 4008 in
843 3954 1120 4017 membris,
1163 3969 1340 4024 neque
1378 3968 1410 4008 a
1459 3953 1718 4023 praedicto
1756 3955 1971 4010 seniore
2016 3972 2137 4013 meo

555 4045 861 4114 Hlothario,
894 4061 1071 4117 neque
1118 4061 1151 4100 a
1182 4046 1330 4101 nullo
1360 4046 1637 4101 hominum
1682 4046 1800 4116 ipso
1845 4047 2139 4117 instigante

554 4149 645 4193 aut
671 4139 968 4193 auxiliante
998 4137 1081 4192 vel
1109 4138 1271 4193 etiam
1296 4138 1668 4193 consentiente
1694 4139 1911 4209 aliquod
1933 4141 2136 4198 malum

554 4229 811 4296 habebit;
862 4230 956 4285 sed
994 4245 1114 4285 eam
1150 4230 1229 4284 sic
1277 4230 1522 4296 habebit,
1575 4230 1715 4285 sicut
1766 4245 1945 4302 regem
1982 4233 2135 4290 decet

554 4321 759 4378 habere
783 4337 1010 4376 uxorem
1042 4320 1380 4392 legitimam?
1412 4337 1475 4376 ea
1505 4331 1684 4378 tamen
1709 4323 1938 4390 ratione,
1962 4333 2023 4379 ut
2054 4325 2133 4382 sic

2261 1864 2363 1919 dus
2392 1863 2832 1933 archiepiscopus
2877 1863 3210 1917 Arelatensis
3249 1903 3265 1929 ,
3299 1855 3615 1918 Adventius
3654 1866 3853 1933 episco-

2261 1966 2363 2023 pus
2386 1953 2684 2017 Mettensis,
2710 1953 2840 2008 Atto
2859 1952 3143 2023 episcopus
3160 1950 3547 2010 Bardunensis
3582 1968 3635 2019 ε,
3656 1956 3852 2011 France

2261 2049 2548 2116 episcopus
2601 2047 2775 2102 sancti
2830 2045 3120 2102 Landberti
3166 2049 3214 2113 ί,
3254 2046 3529 2103 Rotaldus
3583 2050 3851 2118 episcopus

2265 2137 2745 2206 Stratiburgensis,
2776 2135 3056 2191 Fulcricus
3079 2137 3391 2205 capellanus
3419 2145 3478 2191 et
3510 2138 3722 2192 missus
3766 2139 3849 2191 im-

2259 2228 2501 2298 perialis.
2547 2226 2625 2280 De
2683 2242 2850 2298 regno
2899 2237 3079 2282 autem
3125 2225 3307 2281 Karoli
3360 2227 3524 2289 Isaae
3579 2230 3846 2297 episcopus

2261 2318 2644 2390 Linguinensis
2671 2320 2719 2383 ⁸,
2746 2316 3056 2372 Erkanraus
3093 2319 3375 2387 episcopus
3406 2318 3839 2395 Catalaunensis,

2261 2410 2327 2466 de
2352 2426 2581 2479 quorum
2630 2409 2879 2464 manibus
2912 2423 2980 2463 ex
3008 2418 3161 2479 parte
3204 2408 3390 2462 Karoli
3422 2410 3580 2478 regis
3610 2422 3844 2479 suscepta

2259 2510 2345 2555 est
2371 2499 2722 2569 Theodberga
2778 2499 2961 2569 regina
3013 2500 3081 2553 ab
3114 2498 3362 2563 Arsenio,
3394 2480 3708 2553 venerabili

2258 2605 2423 2661 scopo
2459 2600 2515 2645 et
2554 2590 2727 2661 legato
2749 2584 3061 2665 apostolica:
3084 2590 3250 2654 sedis,
3273 2604 3380 2643 una
3414 2586 3547 2645 cuin
3576 2592 3846 2659 pruenti-

2259 2683 2402 2737 natis
2430 2680 2855 2749 archiepiscopis
2903 2689 2960 2734 et
2988 2681 3260 2750 episcopi;
3321 2683 3685 2738 adstantibus
3730 2698 3843 2737 vero

2260 2775 2314 2828 in
2337 2775 2524 2828 eodem
2553 2773 2673 2829 loco
2716 2773 2782 2827 de
2804 2773 3037 2828 diversis
3059 2774 3241 2843 regnis
3264 2773 3553 2830 nobilibus
3579 2776 3713 2830 viris
3732 2792 3842 2829 cum

2258 2866 2606 2920 multitudine
2633 2865 2812 2936 populi
2838 2865 3050 2936 publice
3072 2867 3187 2921 hinc
3210 2865 3534 2923 videntibus
3558 2876 3619 2923 et
3643 2869 3844 2923 audien-

2257 2956 2418 3018 tibus,
2453 2969 2684 3026 quorum
2708 2957 2928 3011 nomina
2955 2971 3053 3027 per
3067 2956 3250 3012 ontnia
3277 2971 3389 3012 non
3418 2957 3700 3012 valuimus
3726 2957 3842 3013 huic

2256 3046 2455 3101 inferre
2479 3046 2501 3075 '
2522 3045 2750 3115 paginae.
2787 3064 2806 3096 ι

2322 3136 2525 3190 Eodem
2547 3136 2636 3191 die
2659 3136 2831 3207 ipsam
2856 3136 3253 3208 Theotbergam
3280 3136 3539 3209 reginam
3563 3138 3836 3202 Amnis,

2250 3228 2532 3299 episcopus
2558 3235 2614 3283 et
2641 3227 2853 3298 legatus
2876 3229 3186 3298 apostolica:
3210 3229 3379 3294 sedis,
3403 3246 3536 3286 cum
3560 3232 3839 3302 panni.

2247 3321 2393 3375 natis
2421 3320 2672 3375 omnibus
2701 3321 3123 3402 archiepiscopis
3143 3321 3165 3352 ³
3192 3321 3250 3376 in
3293 3321 3550 3377 manibus
3603 3322 3845 3377 Latiar-ii

2247 3410 2389 3481 regis
2445 3411 2795 3467 reddiderunt
2834 3420 2997 3483 atque
3048 3411 3330 3479 dederunt,
3363 3429 3465 3468 non
3490 3415 3686 3468 solum
3743 3415 3850 3469 sub

2242 3503 2431 3557 eadem
2452 3503 2817 3559 obtestatione
2838 3513 2897 3558 ut
2916 3517 3105 3574 supra,
3134 3519 3321 3559 verum
3341 3503 3503 3558 etiam
3524 3505 3635 3559 sub
3676 3505 3848 3574 adju-

2244 3594 2455 3649 ratione
2497 3606 2551 3651 et
2580 3596 3165 3661 excommunicatiom,
3196 3607 3262 3653 ut
3302 3596 3347 3652 si
3380 3596 3435 3651 in
3460 3598 3737 3654 omnibus
3785 3610 3843 3655 ut

2243 3686 2490 3754 superius
2516 3687 2712 3758 legitur
2740 3702 2846 3742 non
2889 3688 3263 3743 observaverit
3290 3697 3453 3758 atque
3496 3689 3832 3759 impleverit.

2240 3793 2346 3834 non
2373 3780 2547 3835 solum
2576 3781 2629 3835 in
2650 3780 2901 3849 praesenti
2937 3780 3070 3847 vita,
3096 3780 3188 3836 sed
3217 3782 3387 3836 etiam
3414 3780 3469 3835 in
3494 3790 3709 3838 aeterno
3744 3781 3835 3836 Dei

2243 3867 2470 3921 terribili
2498 3866 2703 3936 judicio
2745 3880 2867 3922 cum
2899 3866 3056 3923 beato
3085 3867 3245 3924 Petro
3272 3868 3531 3939 principe
3554 3868 3836 3937 apostolo-

2239 3971 2359 4013 rum
2388 3957 2722 4013 redditurum
2751 3957 3042 4021 rationem,
3072 3958 3222 4012 etab
3268 3959 3390 4028 ipso
3410 3952 3758 4013 :eternaliter
3784 3958 3835 4011 in

2238 4047 2428 4102 eodem
2466 4047 2672 4118 judicio
2714 4047 3102 4119 damnandum,
3133 4055 3190 4102 et
3240 4048 3365 4118 igne
3392 4057 3671 4119 perpetuo
3708 4063 3833 4103 eon-

2237 4135 2613 4191 cremandum.

2306 4225 2515 4282 interea
2548 4226 2839 4283 Lotharius
2866 4227 3063 4284 missos
3089 4243 3215 4283 suos
3237 4228 3305 4282 ad
3326 4226 3590 4284 Catulum
3620 4230 3831 4300 dirigit,

2235 4318 2420 4374 volens
2447 4328 2503 4373 et
2528 4327 2737 4388 petens,
2781 4327 2841 4372 ut
2863 4329 3047 4374 mutua
3084 4317 3344 4375 ﬁrmitate
3383 4320 3539 4375 inter
3563 4322 3830 4377 cosani-

552 4428 613 4467 se
651 4414 845 4469 amodo
879 4415 1167 4480 custodiat,
1196 4414 1340 4470 sicut
1375 4415 1531 4469 decet
1551 4430 1773 4471 uxorem
1800 4431 1900 4472 suo
1926 4419 2127 4474 seniori

2257 4408 2362 4463 :itia
2390 4407 2801 4465 fmderarentur.
2824 4408 2980 4475 Quod
3006 4418 3060 4463 et
3078 4407 3415 4464 lrmentrude
3436 4410 3636 4480 regina
3664 4412 3829 4464 inter-

555 4506 608 4559 in
633 4506 885 4560 omnibus
931 4505 1224 4560 observare
1270 4507 1555 4561 honorem.
1586 4504 1713 4560 Haec
1760 4514 1886 4561 sunt
1914 4509 2134 4565 nomina

554 4609 742 4650 eorum
769 4595 862 4664 qui
889 4595 991 4649 hoc
1010 4593 1331 4662 iuraverunt
1362 4612 1378 4650 :
1411 4595 1487 4651 De
1518 4597 1808 4652 comitibus
1836 4597 1980 4664 Milo,
2016 4599 2126 4655 Ra-

2240 4499 2491 4555 veniente
2531 4499 2784 4563 obtinuit,
2808 4506 2866 4553 et
2888 4498 3113 4554 veniens
3149 4499 3203 4553 in
3229 4498 3595 4564 Attiniacum,
3625 4500 3827 4555 amica-

2231 4596 2415 4653 biliter
2437 4599 2494 4647 et
2520 4590 2816 4648 honoriﬁce
2836 4604 2871 4644 a
2891 4588 3086 4646 Carolo
3113 4597 3200 4645 est
3230 4597 3521 4658 Susceptus
3544 4598 3607 4645 α
3642 4590 3703 4644 in
3730 4588 3829 4645 τε.

1757 4732 2148 4791 VARIANTES
2185 4727 2587 4790 LECTIONES.

623 4829 641 4861 ⁸
674 4827 956 4899 Sequenlia
979 4842 1142 4899 usque
1168 4826 1238 4881 ad
1262 4827 1416 4899 verba
1440 4841 1537 4899 per
1566 4827 1747 4883 omnia
1773 4843 1880 4883 non
1933 4829 2199 4885 valuimus
2221 4830 2346 4899 huic
2382 4826 2582 4881 inferre
2626 4824 2837 4899 pagina:
2865 4823 3007 4899 apud
3036 4821 3573 4899 Chunin‘tnndenrnt,
3612 4834 3673 4879 et
3704 4841 3725 4876 ι
3760 4840 3823 4878 es

550 4890 845 4968 fragmento
878 4890 1269 4952 membranaceo
1291 4890 1800 4968 codiciBertiniano
1825 4899 2122 4953 adhaerente
2156 4919 2175 4951 ι
2207 4917 2239 4953 a
2278 4898 2548 4967 Bouqueto
2574 4890 2800 4968 priuatum
2830 4890 3015 4968 addita
3055 4904 3193 4968 sunt.
3230 4890 3645 4968 {foliumjgitur
3676 4912 3707 4948 e
3732 4911 3795 4947 eo

548 4965 664 5022 dice
683 4967 972 5047 exciderat,
1004 4978 1051 5047 et
1076 4983 1109 5020 a
1141 4966 1324 5047 nesciis
1353 4968 1439 5047 cui
1469 4965 1582 5047 Ιοερ
1612 4967 1899 5047 deberetur,
1936 4970 1991 5022 in
2017 4969 2176 5047 ﬁnem
2203 4965 2424 5022 relatum
2464 4975 2568 5047 est.

2653 4964 2674 4994 ¹
2706 4963 2987 5033 Inserere?
3080 4963 3103 4993 ⁸
3130 4978 3195 5016 ex
3221 4961 3303 5014 his
3326 4961 3655 5016 verbiscum
3678 4978 3792 5033 pr:

549 5037 846 5092 nominatis
884 5032 1139 5107 omnibus
1172 5036 1663 5107 archiepiscopis“
1703 5053 1768 5091 ex
1795 5032 2124 5107 sequentibus
2149 5047 2207 5092 ut
2233 5051 2392 5107 supra
2421 5046 2480 5091 ut
2498 5035 2743 5107 superius
2769 5032 3106 5103 manifestum
3128 5042 3201 5086 est
3236 5048 3296 5084 ea
3322 5048 3441 5100 quis
3465 5033 3632 5086 modo
3664 5032 3793 5086 addi

547 5107 787 5163 dimus...
815 5123 1084 5176 perperam
1124 5106 1177 5160 in
1201 5106 1340 5161 edito
1362 5103 1557 5160 omissa
1579 5106 1741 5175 fuisse
1778 5103 1934 5175 atque
1959 5109 2250 5162 necessario
2275 5103 2614 5162 riestt'tuendu.
2650 5103 2816 5166 Bono.

2074 5214 2307 5273 NOTE.

619 5325 646 5355 ι
677 5309 1000 5389 \[indonissa
1043 5306 1167 5389 villa
1192 5316 1280 5389 est
1316 5307 1548 5389 impago.
1586 5306 1877 5389 Rhcmensi
1931 5320 1961 5360 a
1988 5304 2114 5389 Flo-

547 5381 752 5439 doardo
783 5382 834 5434 in
864 5379 1135 5435 Chronico
1177 5387 1232 5431 et
1267 5376 1320 5431 in
1354 5376 1929 5448 llistoriaimemorata,
1951 5378 2117 5448 vulgo

544 5453 686 5507 dicta
753 5449 1096 5513 Venderesse;
1134 5448 1235 5502 sita
1277 5456 1358 5501 est
1402 5447 1540 5501 inter
1584 5447 1823 5501 Reiteste
1859 5458 1915 5499 et
1943 5445 2112 5500 Seda-

545 5537 694 5584 ruun,
725 5532 781 5575 et
811 5520 937 5574 olim
965 5520 1034 5576 ad
1082 5517 1365 5575 ecclesiam
1402 5516 1759 5572 Rhcmeusem
1788 5516 2111 5587 pertinebat.

544 5590 709 5655 Bouo.
2086 5606 2093 5615 ί

616 5674 641 5698 ο
678 5659 1059 5716 Vesontiensis.

2290 5318 2314 5378 ξ
2341 5306 2729 5378 Lugdunensis.

2285 5376 2314 5417 ἀ
2346 5376 2681 5431 Viennensis.

2291 5458 2316 5486 ε
2350 5446 2407 5500 Vi
2415 5446 2725 5500 rdnnensis.

2292 5514 2312 5555 ἲ
2343 5514 2673 5570 Leodiensis.

2286 5587 2316 5627 ε
2345 5584 2718 5657 Lingonensis.
