4038 6322
192 335 217 388 l
228 329 327 386 2'25

1038 322 1357 381 ANNALES
1394 323 1752 413 nuncnunc
1789 286 2234 386 nUBITAN'rEn
2266 326 2644 395 assumi,

3322 341 3468 401 1226

188 446 315 501 dere
352 437 622 513 postulato
670 448 939 509 receptus.
977 437 1096 507 Quo
1127 447 1186 495 et
1227 439 1491 495 Arsenius
1525 440 1766 506 rediens,
1794 449 1849 510 Α
1874 442 1957 497 fici
1995 422 2158 511 jubet
2212 451 2434 515 propter
2467 444 2842 517 imminentem
2897 452 3277 513 necessitatem
3318 458 3467 531 ipsos

187 535 469 608 epistolam
499 531 704 588 Nicolai
734 546 886 602 papa:
914 532 1129 603 plenam
1158 531 1492 588 terribilibus
1516 541 1572 588 et
1598 551 1627 588 a
1659 549 1773 589 mo-

191 628 358 686 destia
388 625 536 682 sedis
560 624 872 696 apostolicae
910 633 1073 681 antea
1101 624 1358 680 inauditis
1385 624 1775 681 maledictioni-

187 724 290 781 bus
338 718 531 777 detulit
574 716 738 790 s‘uper
772 732 888 782 eos,
927 716 1022 788 qui
1071 726 1199 773 ante
1245 717 1347 773 hos
1390 733 1563 773 annos
1597 718 1775 772 eidem

184 814 418 870 Arsenio
447 811 672 868 multam
699 810 942 867 thesauri
963 824 1231 865 summam
1259 810 1566 880 prmdantes
1597 811 1777 865 abstu-

185 906 376 969 lerant,
430 902 534 960 nisi
583 899 968 958 satisfaciendo
1017 915 1138 971 quae
1191 900 1426 956 tulerant
1466 902 1515 954 ei
1549 901 1776 955 reddere

182 1003 558 1070 procurarent.
599 992 668 1052 Et
728 991 928 1049 relecta
977 992 997 1024 ί
1047 991 1237 1047 eadem
1291 991 1541 1062 epistola,
1576 991 1670 1047 sed
1720 1000 1777 1046 et

181 1088 348 1145 altera
373 1088 444 1143 de
468 1084 780 1158 lugiltrudis
822 1082 1390 1141 excdmmunicatione
1408 1123 1424 1149 ,
1448 1095 1569 1152 quae
1596 1080 1773 1136 virum

180 1194 336 1237 suum
390 1178 664 1235 Bozonem
696 1176 992 1247 reliquerat
1017 1184 1073 1231 et
1103 1189 1227 1229 cum
1266 1173 1499 1244 quodam
1529 1171 1775 1227 adultero

180 1273 235 1329 in
269 1271 517 1329 Lotharii
550 1285 774 1342 regnum
818 1267 1125 1340 aufugerat,
1174 1282 1240 1323 ac
1286 1276 1506 1338 recepta
1544 1266 1647 1323 sub
1680 1267 1775 1323 de-

178 1365 432 1422 fensione
475 1361 654 1421 Caroli
699 1359 824 1415 villa
880 1375 1003 1430 quae
1047 1357 1364 1431 Vendopera
1400 1370 1427 1399 α
1469 1358 1770 1424 dicebatur,

177 1473 340 1529 quam
389 1456 492 1528 pia;
534 1452 810 1510 memoria:
854 1450 1202 1507 Hludovvicus
1234 1450 1531 1521 imperator
1581 1457 1774 1504 sancto

175 1549 340 1606 Petro
368 1546 688 1611 tradiderat,
723 1552 781 1600 et
825 1542 988 1599 Wido
1015 1543 1237 1613 quidam
1269 1557 1453 1598 comes
1474 1536 1572 1612 per
1591 1540 1774 1612 plures

175 1656 351 1697 annos
380 1647 651 1704 tenuerat,
676 1637 941 1693 Arsenius
961 1637 1280 1707 episcopus,
1303 1635 1603 1706 impetratis
1632 1633 1775 1704 apud

174 1732 434 1789 Carolum
483 1746 583 1804 pro
625 1729 824 1800 quibus
872 1728 941 1783 ad
970 1743 1095 1784 eum
1128 1738 1371 1793 venerat,
1417 1727 1484 1782 ad
1516 1724 1773 1783 Gundulii

1877 543 2090 605 pontes,
2122 551 2189 590 ne
2223 552 2461 607 unquam
2498 553 2597 609 per
2647 548 2876 596 ventura
2921 550 3163 615 tempora
3211 549 3337 604 inde
3369 551 3464 620 qui

1878 639 2020 678 nunc
2045 623 2263 680 eosdem
2294 636 2488 696 pontes
2519 627 2833 697 refecerint,
2863 630 2916 686 in
2948 636 3223 704 operando
3267 638 3333 693 ad
3361 639 3467 698 hoc

1875 730 2012 785 opus
2042 714 2381 788 dispendium
2408 720 2685 788 patiantur
2709 738 2720 774 :
2749 730 2804 777 et
2849 722 3122 794 deputatis
3150 729 3465 787 custodibus

1876 809 1968 880 qui
1993 817 2251 881 utrasque
2275 811 2420 881 ripas
2436 814 2791 879 custodirent,
2821 817 2887 872 ad
2910 816 3199 876 Odriacam
3229 823 3412 879 villam
3438 836 3464 866 ο

1877 902 2055 958 medio
2090 916 2276 958 mense
2305 903 2648 975 Scptembrio
2679 909 2908 964 venandi
2933 913 3107 984 gratia
3136 915 3331 985 pergit.
3362 917 3470 987 Ipsi

1878 1001 2056 1048 autem
2088 992 2433 1061 Nortmanm,
2466 1000 2721 1067 quoniam
2762 1002 2941 1056 adhuc
2988 1002 3126 1058 citra
3156 1003 3467 1075 Sequanam

1876 1086 2130 1141 custodes
2154 1102 2258 1142 non
2292 1098 2578 1155 venerant,
2605 1105 2671 1146 ex
2698 1108 2756 1147 se
2782 1094 3006 1150 circiter
3034 1096 3299 1152 ducentos
3317 1096 3472 1152 Pari-

1875 1174 1989 1231 sins
2019 1176 2265 1244 mittunt,
2313 1179 2405 1235 ubi
2436 1180 2582 1251 quod
2607 1183 2935 1251 quaesierunt
2963 1186 3147 1241 vinum
3176 1203 3284 1242 non
3316 1188 3471 1243 inve-

1875 1266 2105 1330 nientes,
2157 1268 2225 1322 ad
2254 1283 2382 1325 suos
2404 1271 2495 1339 qui
2528 1285 2624 1326 eos
2668 1272 2933 1329 miserant
2961 1274 3079 1329 sine
3116 1275 3472 1333 indemnitatc

1875 1358 1957 1412 sui
1986 1359 2304 1426 reveniunt;
2330 1361 2562 1432 indeque
2574 1362 2805 1433 amplius
2831 1380 2994 1435 quam
3017 1365 3297 1438 quingenti
3322 1366 3467 1422 ultra
3572 1406 3581 1415 .

1876 1445 2183 1517 Sequanam
2213 1465 2383 1520 usque
2413 1453 2480 1506 ad
2517 1452 2811 1508 Carnutum
2843 1456 3142 1525 praedatum
3178 1458 3257 1512 ire
3282 1457 3468 1530 dispa-

1875 1544 2092 1604 nentes,
2139 1553 2170 1593 a
2217 1540 2536 1595 custodibus
2563 1541 2694 1613 ripa:
2728 1543 2898 1613 ipsius
2923 1545 3166 1601 ﬂuminis
3195 1547 3467 1616 impetun-

1878 1633 1986 1693 tur,
2008 1634 2064 1681 et
2088 1627 2412 1698 quibusdam
2437 1645 2658 1685 suorum
2685 1633 2917 1695 amissis.
2960 1634 3285 1704 quibusdam
3305 1637 3473 1693 etiam

1874 1717 2195 1783 vulneratis,
2225 1719 2292 1775 ad
2316 1734 2481 1777 naves
2510 1723 2914 1794 regrediuntur.

134 1841 143 1846 -
176 1824 361 1880 villam
391 1838 516 1879 cum
556 1820 838 1886 Lothario,
866 1834 975 1890 quo
1007 1817 1350 1889 Theotberga
1379 1833 1502 1874 eum
1537 1834 1772 1889 praeces-
1805 1812 1852 1872 B
1948 1807 2177 1865 Carolus
2211 1809 2605 1881 Hludowicum,
2642 1814 2808 1869 ﬁlium
2858 1831 3039 1882 suum,
3070 1816 3123 1872 in
3157 1814 3469 1878 Neustriam

174 1923 348 1983 serat,
393 1913 594 1985 pergit.
643 1911 721 1967 lbi
765 1925 983 1982 quoque
1024 1925 1123 1981 per
1155 1910 1363 1980 aliquot
1391 1911 1507 1966 dies
1550 1926 1774 1971 morans

176 2017 405 2080 propter
449 2004 823 2069 Waldradam,
869 2018 990 2073 quae
1022 2002 1148 2058 illuc
1181 2004 1249 2058 ad
1293 2018 1420 2059 eum
1452 2003 1646 2059 adduci
1674 2004 1695 2035 ¹
1720 2013 1776 2061 et

175 2102 251 2156 ab
276 2114 344 2155 eo
385 2098 439 2154 in
467 2096 677 2152 italiam
706 2094 900 2151 deduci
918 2092 1170 2158 debebat,
1202 2091 1464 2148 Lothario
1487 2102 1543 2148 et
1577 2093 1774 2148 Theot-

173 2189 348 2262 berga
370 2189 521 2260 regio
541 2186 690 2242 cultu
712 2184 921 2256 paratis
940 2184 1308 2249 etcorouatis,
1333 2183 1389 2238 in
1420 2183 1508 2239 die
1528 2199 1775 2254 assump-

173 2281 347 2339 tionis
390 2286 595 2337 sancta;
640 2276 826 2333 Maria:
869 2277 1065 2332 missas
1095 2275 1357 2339 celebrat,
1390 2282 1445 2330 et
1493 2274 1620 2330 inde
1648 2287 1775 2329 cum

173 2371 405 2445 praefata
462 2369 755 2426 Waldrada
803 2382 996 2423 versus
1048 2365 1275 2432 Urbam,
1334 2380 1443 2435 quo
1491 2364 1776 2422 dicebatur

173 2462 550 2528 Hludowicus,
572 2459 739 2516 italiae
760 2459 1077 2530 imperator,
1107 2455 1324 2512 obviam
1352 2454 1615 2512 Lothario
1643 2469 1776 2509 ven-

173 2561 363 2623 turus,
401 2551 610 2625 pergit;
644 2550 771 2606 inde
815 2564 912 2622 per
958 2546 1345 2603 Alamanniam
1376 2553 1432 2602 et
1465 2544 1775 2615 Bajoariam

172 2664 278 2722 pro
309 2647 636 2718 recipiendis
657 2641 1007 2717 patrimoniis
1039 2640 1287 2696 ecclesiae
1321 2639 1497 2694 sancti
1538 2636 1688 2693 Petri
1716 2636 1775 2692 in

170 2737 387 2799 eisdem
418 2736 729 2808 regionibus
753 2730 1161 2802 conjacentibus
1197 2729 1429 2785 Romam
1470 2728 1626 2784 redit.

246 2830 485 2891 Carolus
509 2829 578 2886 ab
601 2827 872 2884 Attiniaco
894 2834 1088 2882 contra
1114 2822 1505 2887 Nortmannos,
1530 2821 1622 2897 qui
1650 2835 1779 2878 cum

170 2927 412 2987 navibus
440 2922 833 2996 quinquaginta
855 2919 910 2975 in
943 2917 1256 2990 Sequanam
1286 2926 1574 2982 venerant,
1602 2915 1773 2972 hosti-

168 3022 305 3079 liter
329 3018 540 3091 pergit;
570 3017 625 3072 in
645 3029 753 3087 quo
775 3013 974 3069 itinere
993 3011 1282 3068 custodum
1305 3009 1634 3082 negligentia
1658 3018 1770 3068 tres

171 3125 416 3168 coronas
442 3107 675 3179 optimas
693 3113 751 3161 et
777 3102 1033 3173 armillas
1051 3100 1440 3169 nobilissimas,
1468 3109 1523 3157 et
1543 3114 1772 3172 quaeque

1876 1897 2079 1970 dirigit,
2108 1915 2209 1955 nec
2229 1902 2442 1956 reddito
2472 1919 2573 1959 nec
2597 1903 2885 1960 interdicto
2914 1907 3018 1962 sibi
3055 1909 3276 1964 nomine
3295 1910 3471 1981 regio,

1876 1990 1970 2045 sed
2016 2000 2224 2047 tantum
2257 1994 2573 2051 comitatum
2608 1996 3053 2067 Andegavensem
3098 2011 3154 2057 et
3194 2001 3471 2059 abbatiam

1877 2080 2442 2152 Majoris-monasterii
2476 2084 2496 2125 ί
2541 2095 2596 2141 et
2633 2089 2897 2157 quasdam
2926 2090 3084 2148 villas
3123 2091 3198 2147 illi
3228 2091 3470 2150 donavit.

1877 2174 2173 2242 Rodherto,
2223 2178 2316 2247 qui
2358 2178 2602 2236 marchio
2663 2180 2715 2236 in
2754 2183 3048 2253 Andegavo
3088 2183 3286 2252 fuerat,
3345 2200 3475 2244 cum

1875 2268 1996 2326 aliis
2025 2270 2323 2328 honoribus
2345 2288 2480 2344 quos
2513 2272 2749 2329 habebat
2779 2276 3095 2331 comitatum
3133 2277 3475 2336 Autissiodu-

1875 2377 2091 2419 renseui
2134 2373 2190 2419 et
2218 2365 2531 2421 comitatum
2575 2365 2965 2423 Nivcrnensem
2996 2366 3239 2425 donavit.
3265 2368 3473 2427 Hludo-

1875 2455 2066 2522 vvicus,
2097 2454 2490 2511 Germanorum
2545 2473 2664 2524 rex,
2696 2458 2909 2515 hostem
2946 2475 3100 2515 suam
3131 2469 3322 2517 contra
3354 2462 3472 2519 Wi-

1875 2544 2035 2601 nidos
2055 2544 2079 2577 δ
2105 2546 2366 2603 directam
2395 2557 2451 2604 et
2473 2563 2734 2621 prospere
2772 2559 3022 2622 agentem
3046 2553 3281 2622 recepit;
3312 2549 3469 2622 cujus

1874 2634 2018 2691 filius
2063 2644 2120 2693 et
2145 2639 2458 2708 aequivocus
2489 2651 2679 2696 contra
2716 2642 2893 2713 patris
2922 2642 3256 2701 voluntatem
3301 2645 3472 2704 ﬁliam

1874 2722 2129 2781 Adalardi
2155 2726 2458 2799 despondit,
2489 2731 2631 2786 unde
2660 2731 2795 2788 satis
2822 2732 3067 2789 animum
3094 2735 3267 2805 patris
3289 2735 3466 2792 offen-

1875 2813 1975 2870 dit.
2009 2813 2236 2873 Carolus
2262 2818 2476 2875 obviam
2505 2819 2663 2877 fratri
2691 2838 2791 2878 suo
2819 2820 3158 2893 Hludowico,
3204 2827 3322 2899 ejus
3349 2843 3476 2885 con-

1875 2905 2060 2978 loquio
2080 2908 2367 2976 fruiturus,
2390 2911 2670 2969 Coloniam
2693 2915 2888 2987 pergit,
2917 2925 2973 2972 et
2994 2916 3136 2973 inter
3162 2916 3269 2973 alia
3293 2918 3315 2950 '
3336 2933 3472 2975 con-

1875 2996 2207 3055 locutionum
2241 3016 2461 3057 suarum
2506 3002 2675 3058 verba’
2720 3012 2933 3076 patrem
2960 2997 3016 3063 et
3060 3006 3230 3062 lilium
3257 3007 3326 3064 de
3356 3006 3477 3078 jam

1874 3086 2021 3145 dicta
2050 3091 2475 3162 prmsumptione
2504 3093 2779 3164 paciﬁcat,
2811 3108 2874 3150 ea
2905 3096 3240 3165 conditione,
3267 3106 3328 3153 ut
3355 3097 3471 3170 jam

169 3204 287 3263 alia
321 3173 561 3274 pretiosa
592 3199 614 3232 ⁸
655 3197 933 3271 perdidit;
990 3205 1049 3254 et
1096 3203 1221 3269 post
1271 3210 1382 3253 non
1423 3209 1627 3265 paucos
1656 3194 1774 3253 dies
1805 3173 1854 3238 (Ξ
1884 3180 2027 3237 ultra
2073 3182 2329 3239 Adalardi
2367 3185 2488 3241 filim
2527 3203 2634 3243 non
2670 3188 2975 3259 copuletur.
3022 3189 3371 3250 Hludowicus
3405 3195 3476 3250 ad

167 3294 367 3351 omnia
389 3289 677 3357 reinvenit,
710 3288 955 3359 exceptis
1000 3287 1192 3359 paucis
1238 3285 1491 3359 gemmis,
1543 3301 1665 3357 qua:
1691 3294 1777 3342 tu-

170 3383 475 3445 multuaria
501 3380 805 3452 dineptione
855 3379 1071 3436 amissae
1114 3377 1356 3441 fuerunt,
1389 3374 1710 3435 Nortmanni
1741 3376 1771 3419 ιν

170 3474 646 3537 veroresidentes
666 3472 721 3529 in
750 3471 951 3542 Ligeri,
978 3470 1153 3526 libere
1187 3468 1469 3525 Pictavum
1497 3467 1773 3525 civitatem

166 3567 425 3642 pedestri
463 3566 659 3625 ordine.
698 3570 950 3635 pergunt.
986 3561 1346 3631 eamdemque
1385 3559 1660 3617 civitatem
1689 3560 1775 3617 in,-

165 3658 441 3720 cendunt,
479 3661 537 3709 et
564 3653 783 3723 impune
820 3652 889 3706 ad
912 3663 1244 3717 navessuas
1282 3650 1588 3707 reveniunt.
1623 3650 1772 3706 Rod-

167 3751 376 3810 bertus
394 3753 578 3809 autem
606 3742 674 3807 de
697 3741 903 3799 eisdem
928 3737 1288 3797 Nortmannis
1309 3739 1402 3810 qui
1432 3740 1692 3795 sedebant
1717 3740 1776 3797 in

166 3839 389 3916 Ligeri,
408 3836 641 3907 amplius
655 3850 818 3907 quam
838 3833 1162 3904 quingentos
1188 3832 1307 3888 sine
1327 3832 1526 3891 damno
1550 3846 1774 3889 suorum

167 3930 461 3995 occidens,
487 3923 681 3983 vexilla
703 3931 760 3980 et
782 3937 938 3978 arma
955 3920 1348 3977 Nortmannica
1365 3920 1560 3977 Carolo
1580 3921 1772 3979 mittit.

168 4020 412 4080 Carolus
440 4027 623 4075 autem
664 4014 987 4088 perveniens
1011 4027 1186 4084 usque
1213 4012 1283 4067 ad
1310 4011 1491 4068 locum
1518 4012 1611 4084 qui
1640 4013 1775 4071 dici-

170 4125 267 4173 Itr
308 4110 500 4176 Pistis,
530 4109 620 4166 ubi
669 4106 1103 4164 immorabantur
1148 4096 1489 4171 Nortmanm,
1535 4103 1774 4161 fidelium

171 4219 410 4264 suorum
453 4200 678 4259 consilio
712 4207 906 4271 pontes
941 4212 1104 4269 super
1150 4195 1355 4253 Isaram
1385 4206 1442 4253 et
1470 4195 1772 4252 Matronam

171 4300 333 4359 reﬁci
368 4305 550 4363 curat,
575 4296 632 4352 in
676 4294 813 4352 locis
868 4307 991 4364 qus
1041 4291 1298 4348 dicuntur
1351 4290 1602 4346 Alvernis
1649 4299 1672 4328 °
1717 4297 1777 4345 et

170 4395 460 4454 Carenton
487 4390 539 4459 ἀ,
563 4389 823 4463 quoniam
851 4390 921 4444 ab
952 4387 1142 4444 incolis
1165 4386 1259 4458 qni
1285 4400 1355 4443 ex
1378 4386 1603 4456 antiquo
1624 4384 1777 4455 ipsos

167 4497 378 4560 pontes
414 4484 681 4549 fecerant,
707 4488 930 4553 propter
971 4478 1379 4535 infestationem
1404 4475 1773 4532 Nortmanno-

170 4594 299 4635 rum
334 4574 492 4632 refici
519 4590 626 4629 non
656 4571 927 4628 valebant.
955 4569 1039 4624 Ab
1061 4569 1145 4625 eis
1170 4584 1323 4641 ergo.
1345 4568 1439 4639 qui
1463 4583 1530 4624 ex
1554 4567 1768 4638 longin-

166 4669 469 4743 quioribus
494 4665 737 4737 partibus
768 4662 836 4718 ad
864 4661 1200 4730 operandam
1231 4660 1474 4730 deputati
1500 4669 1679 4724 erant,
1710 4666 1772 4714 ut

169 4761 512 4836 perﬁcerent
536 4756 823 4815 firmitates
856 4753 913 4808 in
939 4752 1213 4823 Sequana,
1250 4756 1314 4807 ea
1342 4750 1654 4806 conditione
1685 4766 1772 4807 re-

1879 3274 2237 3342 Wormatiam
2285 3285 2342 3331 ct
2386 3278 2611 3336 Carolus
2638 3280 2707 3335 ad
2751 3279 3088 3343 Carisiacum
3139 3283 3470 3352 revertitur;

1876 3365 1964 3423 cui
1996 3367 2277 3423 nuntiatur
2309 3369 2363 3425 iu
2416 3371 2504 3427 via
2525 3411 2540 3439 ,
2576 3372 2704 3443 quia
2734 3371 3057 3429 Nortmanni
3107 3375 3175 3431 l3
3201 3374 3475 3433 Kalendas

1876 3442 2198 3537 Novembris
2224 3442 2618 3517 monasterium
2640 3462 2812 3518 sancti
2836 3462 3083 3536 Dionysii
3106 3464 3470 3529 intraverunt,

1873 3549 1970 3607 ubi
1993 3551 2186 3623 viginti
2230 3554 2452 3610 circiter
2501 3555 2691 3612 diebus
2721 3555 3104 3623 immorantcs,
3145 3565 3203 3613 et
3228 3557 3476 3630 quotidie

1875 3644 2115 3713 praedam
2142 3646 2342 3703 exinde
2360 3647 2426 3703 ad
2452 3662 2578 3703 suas
2598 3663 2767 3704 naves
2789 3651 3072 3716 ducentes,
3095 3658 3220 3721 post
3248 3651 3475 3707 multam

1876 3737 2336 3807 depraedationem
2378 3739 2496 3795 sine
2539 3740 2971 3798 contradictione
3023 3743 3346 3814 cujusquam
3398 3744 3472 3800 ad

1877 3835 2060 3884 castra
2113 3842 2211 3883 sua
2257 3844 2367 3885 non
2410 3829 2569 3901 longe
2612 3832 2683 3887 ab
2727 3833 2918 3889 eodem
2965 3835 3472 3891 monasteriosunt

1876 3919 2104 3976 reversi.
2162 3919 2375 3977 Interea
2420 3919 2742 3978 Nortmanni
2801 3923 3103 3980 residentes
3154 3925 3208 3980 in
3260 3924 3471 3997 Ligeri,

1875 4016 2159 4074 commixti
2180 4031 2306 4074 cum
2334 4016 2652 4074 Britonibus
2677 4017 3035 4075 Cinomannis
3063 4019 3341 4077 civitatem
3373 4034 3471 4091 pe-

1876 4115 2021 4176 tunt,
2061 4117 2119 4166 et
2169 4109 2391 4181 impune
2419 4110 2793 4182 dcpraedantes
2839 4127 2982 4177 eam,
3028 4113 3095 4167 ad
3125 4126 3253 4168 suas
3302 4127 3473 4169 naves

1875 4211 2248 4258 revertuntur.
2279 4202 2539 4273 Aquitani
2566 4202 2920 4275 conﬂigentes
2951 4220 3072 4259 cum
3120 4203 3474 4262 Nortmannis

1874 4293 1967 4365 qui
2012 4293 2069 4349 in
2108 4292 2345 4350 Carento
2375 4296 2399 4336 5
2428 4292 2701 4366 Sigefrido
2731 4295 2870 4351 duce
2913 4294 3176 4361 resident,
3205 4295 3474 4373 quadrin-

1873 4394 2064 4459 gentos
2108 4385 2330 4441 circiter
2356 4400 2425 4440 ex
2457 4385 2539 4441 eis
2566 4385 2916 4453 occiderunt;
2955 4385 3136 4443 caeteri
3166 4395 3353 4442 autem
3377 4383 3467 4441 fu-

1876 4476 2109 4546 gientes,
2139 4475 2207 4530 ad
2234 4490 2399 4530 naves
2426 4489 2555 4531 suas
2574 4468 2877 4532 redierunt.

1946 4565 2177 4624 Carolus
2218 4567 2416 4624 missos
2442 4582 2595 4633 suos,
2625 4583 2763 4639 quos
2802 4569 3134 4641 praecedenti
3158 4585 3306 4628 anno
3333 4567 3499 4627 Conv

1878 4658 2077 4714 dubam
2123 4659 2192 4714 ad
2242 4657 2512 4716 Mahomet
2551 4659 2860 4729 direxerat,
2893 4678 3017 4718 cum
3068 4664 3255 4721 multis
3283 4663 3463 4728 donis,

1877 4749 2103 4805 camelis
2131 4749 2403 4816 videlicet,
2433 4751 2575 4808 lecta
2601 4753 2631 4793 ιι
2676 4763 2732 4810 et
2760 4755 3062 4826 papiliones
3104 4755 3464 4827 gestantibus.

1405 4856 1802 4916 VARIANTES
1837 4853 2247 4919 LECTIONES.

246 4993 268 5026 ι
311 4982 512 5048 relicta
541 4985 606 5042 Β,
648 4978 956 5059 typographi
985 4976 1150 5033 vitio?
1218 4975 1242 5007 ³
1264 4973 1457 5031 deduci
1488 4971 1584 5029 Ch.
1663 4973 1687 5006 ⁸
1714 4975 1963 5048 preciosa
1985 4972 2084 5031 Ch.
2159 4972 2189 5006 ‘
2226 4972 2471 5031 winedos
2495 4972 2593 5029 Ch.
2669 4972 2693 5008 ³
2722 4982 2777 5031 et
2820 4975 2877 5031 in
2904 4973 3033 5033 talia
3061 4973 3160 5032 Ch.
3184 4976 3276 5047 Β..
3308 4979 3473 5053 πήρα

174 5096 294 5145 tum
322 5091 457 5156 pluo
492 5066 682 5136 {utalia
710 5078 749 5131 i.
775 5090 823 5130 ε.
850 5072 992 5127 inter
1015 5068 1140 5125 alia.

1691 5161 1927 5221 ΝΟΤΕ.

219 5279 280 5340 ἰ
318 5288 644 5352 Vendeuvre,
675 5282 803 5341 villa
828 5280 881 5335 in
914 5275 1269 5352 Lingonibus.
1301 5272 1584 5339 Bouous'r.

247 5368 281 5410 ι·
308 5346 399 5421 Cf.
429 5346 643 5418 Chron.
659 5357 725 5412 de
744 5352 912 5427 gestis
941 5346 1130 5403 Norm.

254 5448 281 5477 ο
307 5436 543 5490 Auvers.

255 5505 287 5547 ιι
307 5484 635 5565 ciuitate»,
666 5497 733 5552 ad
759 5487 1385 5565 ronﬂuentesgquuan‘at
1413 5494 1469 5542 et
1488 5484 1769 5565 Matronae.

259 5589 285 5619 ο
323 5555 476 5631 iam
494 5555 565 5626 ea
602 5555 688 5623 a'n.
713 5567 837 5630 867,
862 5565 961 5621 επ
1005 5570 1062 5617 et
1083 5559 1188 5615 875
1209 5555 1488 5631 "Auct-im
1519 5555 1646 5612 villa
1677 5571 1772 5631 vo-

179 5627 406 5711 catur,”
442 5640 694 5699 Orrerillc
754 5627 877 5694 cum
929 5633 1216 5711 adiacente
1265 5628 1398 5711 silva
1452 5627 1773 5711 cognomine

180 5697 489 5776 Etiamnum
517 5719 898 5782 nuncupatur:
929 5697 1105 5777 posita
1143 5699 1336 5782 estnad
1367 5697 1642 5782 dexteram
1682 5697 1774 5782 ῳ-

181 5768 561 5858 ἶᾶἶεῖέῖἰρἆκ
612 5768 805 5850 ιεᾳῦεηὶ
845 5768 1075 5833 duorum
1124 5772 1351 5829 millium
1379 5769 1554 5841 spatio
1592 5768 1771 5825 media

489 5879 753 5940 Ριτιοι..
805 5868 1065 5933 CXXV.

1879 5276 2021 5348 inter
2049 5275 2352 5334 Donincum
2402 5290 2498 5333 seu
2527 5274 2851 5348 Dnlengium
2888 5278 2972 5335 ad.
2999 5278 3336 5337 occidentem
3364 5321 3381 5347 ,
3413 5289 3473 5341 et

1878 5346 2111 5404 Alteiam
2152 5349 2330 5422 vicum
2359 5361 2397 5400 a
2432 5361 2543 5422 quo
2570 5345 2767 5422 ﬂuvius
2788 5348 2970 5422 Alteia
2991 5364 3187 5422 nomen
3208 5345 3467 5422 sumpsit,

1877 5425 2071 5475 versus
2120 5419 2408 5472 orientem.
2453 5418 2575 5475 vide
2623 5417 2715 5476 lib.
2763 5435 2818 5476 tv
2844 5420 2914 5475 de
2941 5420 3020 5475 Rc
3046 5420 3295 5491 diplom.,
3332 5417 3464 5496 pag;

1880 5488 2004 5545 306.
2039 5490 2205 5545 Bono.

1917 5490 2004 5545 06.
2039 5490 2205 5552 Bono.

1956 5561 1977 5599 ί
2004 5560 2179 5629 Prope
2201 5557 2467 5629 Turones,
2495 5559 2867 5618 Marmoutier.
2893 5562 3058 5627 Bono.

1955 5632 1983 5673 ι
2017 5627 2330 5699 Legendum
2354 5627 2685 5699 Carentono,
2707 5633 2760 5688 la
2782 5632 3058 5689 Charente.
3081 5632 3251 5699 Bono.

1950 5702 1981 5744 h
2009 5699 2237 5757 Lectum
2264 5701 2475 5758 videtur
2501 5718 2622 5759 esse
2649 5703 2793 5759 idem
2833 5718 2896 5758 ac
2920 5704 3114 5772 lectus,
3136 5705 3463 5779 stragulum.

2861 5859 2942 5920 39
