4038 6322
549 303 688 361 1227

1622 301 1714 359 AD
1750 303 1980 360 OPERA
2017 303 2347 362 HlNCMARI
2372 272 2785 389 spreuerit,

3682 316 3832 373 1228

549 439 671 481 cum
710 418 906 476 diversi
935 418 1150 493 generis
1178 418 1372 489 pannis
1400 425 1455 471 et
1481 414 1665 471 multis
1686 415 2052 471 od0ramentis
2082 417 2134 471 in
2168 424 2213 480 Α
2242 406 2453 485 habuit,
2496 417 2819 487 conjectum,
2853 426 2962 473 tam
2994 417 3047 473 in
3078 429 3303 490 argento
3338 436 3500 492 quam
3524 428 3581 478 et
3603 422 3659 477 in
3687 425 3850 480 vino.

548 508 887 584 Compendio’
910 511 1140 583 recipit;
1189 508 1309 563 inde
1361 506 1427 562 ad
1475 507 1755 562 Roliacum
1783 520 1808 547 ιι
1834 507 2022 562 villam
2052 523 2145 563 ve-

550 603 730 667 niens,
768 601 1058 667 Adalardo,
1103 600 1189 654 cui
1219 598 1521 654 custodiam
1559 605 1748 654 contra
1781 598 2146 655 Nortmannos

553 696 921 761 commiserat,
954 694 1047 751 sed
1069 704 1124 748 et
1149 692 1262 747 suis
1288 692 1606 763 propinquis
1634 690 1844 763 Hugoni
1871 700 1927 747 et
1948 691 2147 747 Beren-

552 791 725 863 gario,
760 791 885 861 quia
917 786 1053 843 nihil
1100 785 1349 841 utilitatis
1391 795 1584 841 contra
1623 785 1991 841 Nortmannos
2017 799 2144 856 ege-

554 891 699 947 rant,
740 880 966 936 collatos
996 878 1234 933 honores
1260 876 1420 943 tollit,
1450 887 1504 932 et
1534 892 1632 948 per
1659 878 1905 933 diversos
1926 877 2144 932 eosdem

551 974 789 1031 honores
832 972 1088 1043 disponit.
1130 970 1452 1026 Nortmanni
1504 971 1594 1041 qui
1635 972 1918 1042 praefatum
1953 986 2142 1026 mona-

472 1100 481 1108 ε
551 1063 778 1119 sterium
815 1061 1107 1132 depraedati
1141 1070 1285 1122 sunt,
1320 1062 1471 1116 vario
1507 1061 1667 1115 modo
1691 1061 2059 1125 infirmantur,
2091 1068 2147 1115 et

550 1155 768 1224 quidam
795 1154 852 1221 in
881 1153 1088 1208 rabiem
1133 1153 1295 1214 versi,
1327 1153 1547 1222 quidam
1586 1161 1770 1207 autem
1808 1152 1994 1208 scabie
2021 1167 2146 1207 cor-

550 1246 710 1317 repti,
752 1246 971 1315 quidam
1014 1244 1270 1298 intestina
1302 1258 1423 1299 cum
1453 1244 1758 1314 aqualiculo
1790 1244 1819 1286 Β
1858 1260 1958 1315 per
1981 1260 2144 1299 anum

552 1339 885 1402 emittentes,
920 1338 1246 1391 moriuntur.
1277 1336 1523 1399 Carolus,
1556 1337 1797 1392 dimissis
1824 1338 2145 1394 custodibus

505 1423 511 1427 ’
554 1436 745 1483 contra
788 1428 1008 1500 eosdem
1040 1424 1438 1491 Nortmanuos,
1474 1426 1804 1483 Silvanectis
1851 1429 2148 1483 revertitur

555 1519 871 1575 Nativitatis
910 1518 1192 1574 dominica:
1228 1517 1487 1573 solemnia
1532 1517 1937 1585 celebraturus;
1974 1520 2066 1575 ubi
2093 1519 2143 1574 ei

551 1610 867 1674 Lotbarius,
917 1607 1058 1663 ﬂlius
1096 1622 1228 1662 suus
1269 1618 1324 1663 et
1377 1609 1545 1665 abbas
1598 1609 1915 1666 monasterii
1967 1609 2145 1666 sancti

551 1704 831 1771 Germani,
860 1713 1106 1759 mortuus
1134 1704 1433 1758 nuntiatur.

1157 1815 1496 1872 DCCCLXVI

627 1914 832 1979 Quarto
848 1909 1120 1966 Kalendas
1142 1909 1431 1965 ianuarias
1445 1910 1511 1965 de
1528 1909 1879 1965 Nortmannis
1893 1910 1946 1964 in
1963 1909 2140 1980 Ligeri

554 2006 659 2060 rcsi
688 2000 919 2059 Icutibus
943 2005 1187 2072 quaedam
1226 2018 1352 2072 pars
1383 2001 1684 2071 prtedatum
1710 2001 1899 2057 exiens
1923 2001 1977 2056 in
2002 1999 2143 2056 Neu-

552 2097 763 2157 striam,
814 2093 1165 2149 Gauzfridum
1188 2136 1200 2159 ,
1232 2102 1280 2148 et
1309 2093 1598 2148 lleriveum
1627 2102 1789 2164 atque
1820 2093 2082 2165 Rorigum
2115 2105 2137 2132 ο

549 2188 781 2243 comites
833 2184 1252 2257 congredientes
1291 2183 1556 2249 offendit;
1618 2185 1672 2241 in
1730 2202 1838 2257 qua
1882 2200 2141 2259 congres-

548 2280 701 2335 sione
740 2277 995 2348 Rorigus,
1026 2276 1198 2331 frater
1220 2275 1498 2333 Gauzfridi
1517 2316 1532 2344 ,
1558 2276 1844 2343 occubuit,
1874 2288 1928 2333 et
1957 2294 2142 2349 quam-

551 2354 802 2444 plurimis
856 2368 1176 2425 Norlmauni
1234 2385 1456 2424 suorum
1504 2369 1739 2436 amissis,
1790 2369 2046 2442 fugiendo
2075 2372 2143 2426 ad

548 2479 713 2518 naves
760 2461 1062 2517 reveniunt.
1110 2460 1390 2525 Rodulfus,
1425 2461 1607 2517 Caroli
1645 2462 1785 2534 regis
1812 2463 2136 2529 avunculus,

547 2556 802 2625 passione
825 2553 991 2609 colica
1026 2552 1277 2607 moritur.
1310 2552 1627 2608 Nortmanui
1658 2570 1756 2626 per
1785 2555 1998 2611 alveum
2032 2554 2134 2610 Se-

546 2661 741 2715 quanae
781 2642 1137 2699 ascendentes
1162 2657 1330 2713 usque
1356 2645 1421 2697 ad
1444 2655 1688 2700 castrum
1717 2643 2058 2711 Milidunum,
2088 2656 2143 2701 ct
2192 2662 2195 2665 ·

545 2754 715 2794 scara:
751 2735 931 2790 Karoli
958 2750 1022 2790 ex
1056 2743 1288 2805 utraque
1334 2744 1487 2803 parte
1534 2735 1704 2805 ipsius
1748 2734 1983 2790 ﬂuminis
2021 2752 2144 2807 per-

548 2840 700 2902 gunt,
732 2838 787 2883 et
812 2828 1043 2899 egressis
1068 2827 1273 2881 eisdem
1300 2824 1649 2881 Nortmannis
1676 2843 1707 2881 a
1733 2828 1959 2882 navibus
1981 2844 2145 2897 super

554 2938 765 2977 scarum
798 2935 917 2989 qua:
955 2918 1127 2989 major
1155 2927 1211 2972 et
1244 2916 1434 2971 fortior
1472 2917 1773 2981 videbatur,
1818 2918 1970 2989 cujus
2005 2935 2143 2989 pne-

553 3015 679 3066 l'ccti
721 3020 876 3064 erant
920 3008 1225 3063 liodbertus
1256 3019 1309 3063 ct
1339 3008 1473 3075 Odo,
1509 3010 1625 3064 sine
1651 3009 1902 3064 conﬂictu
1934 3026 2055 3063 eam
2087 3009 2140 3064 in

547 3103 734 3175 fugam
782 3104 1023 3166 mittunt,
1072 3113 1127 3158 et
1156 3103 1365 3159 onustis
1412 3105 1593 3174 praeda
1641 3103 1866 3159 navibus
1908 3105 1973 3161 ad
2013 3120 2140 3160 suos

545 3196 794 3247 reicunt.
830 3192 1058 3247 Karolus
1080 3191 1107 3231 ά
1159 3208 1281 3248 cum
1312 3194 1516 3249 eisdem
1540 3192 1891 3250 Nortmanuis
1922 3196 1973 3250 in
2002 3211 2135 3267 qua-

548 3296 672 3340 tuor
702 3284 926 3339 millium
947 3285 1099 3341 libris
1120 3286 1328 3357 argenti
1355 3288 1420 3342 ad
1445 3303 1667 3359 pensant
1695 3303 1882 3343 eorum
1910 3289 2131 3359 pacisci.

544 3389 665 3444 tur,
723 3388 778 3433 et
824 3379 1025 3434 indicta
1073 3396 1171 3450 per
1216 3398 1440 3453 regnum
1493 3397 1648 3436 suum
1704 3382 2011 3438 conlatione
2069 3384 2136 3437 ad

544 3476 686 3530 idem
728 3476 1119 3535 exsolvendum
1167 3476 1446 3539 tributum,
1482 3476 1549 3531 de
1584 3491 1908 3547 unoquoque
1945 3492 2137 3531 mauso

544 3568 805 3636 iugcnuili
851 3568 1145 3639 exiguntur
1186 3583 1283 3621 sex
1323 3568 1554 3633 denarii,
1607 3577 1663 3624 et
1695 3570 1761 3624 de
1788 3569 1969 3624 servili
2002 3579 2132 3637 tres,

550 3666 605 3713 ct
652 3659 720 3714 de
773 3659 955 3715 accola
996 3676 1158 3725 unus,
1199 3668 1253 3714 et
1292 3660 1359 3716 de
1394 3660 1601 3716 duobus
1629 3661 1879 3733 hospitiis
1907 3664 1922 3694 ¹
1953 3674 1976 3702 ο
1999 3679 2140 3720 unus

545 3751 826 3816 denarius,
856 3760 912 3806 et
940 3750 1151 3807 decima
1182 3752 1248 3807 de
1278 3752 1532 3809 oumibus
1556 3770 1688 3825 qua:
1726 3756 2091 3824 negotiatores
2116 3757 2136 3787 '

544 3842 869 3899 videbantur
910 3844 1137 3909 habere,
1188 3843 1283 3899 sed
1326 3852 1381 3898 et
1410 3861 1439 3898 a
1468 3846 1804 3916 presbyteris
1838 3848 2134 3903 secundum

544 3936 687 4006 quod
729 3936 1100 4007 unusquisque
1137 3936 1330 3994 habuit
1358 3938 1586 4009 vectigal
1612 3938 1870 4009 exigitur,
1901 3948 1957 3995 et
1982 3939 2136 3994 heri-

542 4028 709 4084 banui
737 4031 802 4083 de
825 4030 1079 4085 omnibus
1109 4028 1340 4084 Francis
1361 4031 1723 4100 acoipiuntur.
1756 4031 1885 4086 Inde
1913 4033 1977 4087 de
2005 4048 2136 4085 uno-

545 4134 759 4191 quoque
788 4136 991 4183 manso,
1038 4129 1147 4174 tam
1190 4119 1445 4192 ingenuili
1484 4138 1645 4190 quam
1676 4132 1725 4176 et
1761 4121 1965 4184 servili,
1999 4137 2138 4176 unus

543 4214 799 4269 denarius
832 4215 1085 4279 sumitur,
1118 4222 1172 4268 et
1204 4216 1418 4269 demum
1461 4231 1558 4285 per
1582 4280 1587 4285 ,
1608 4215 1743 4271 duas
1784 4213 1954 4279 vices,
1979 4214 2136 4285 juxta

546 4304 691 4375 quod
743 4306 1113 4375 unusquisque
1162 4306 1313 4374 regni
1369 4304 1668 4376 primorum
1725 4304 1790 4359 de
1842 4304 2140 4357 honoribus

2172 1785 2224 1845 B

2248 510 2316 564 ad
2358 524 2583 579 pensum
2638 509 2779 578 quod
2819 508 2953 579 ipsis
2994 508 3349 565 Nortmannis
3384 523 3611 581 pactum
3663 507 3850 569 fuerat

2246 599 2661 671 persolvendum
2689 599 2939 654 contulit.
2954 599 3223 654 Pi-icterea
3248 617 3468 672 quoque
3488 611 3548 656 et
3570 606 3853 675 mancipia

2249 708 2280 746 a
2314 689 2665 745 Nortmannis
2694 690 2955 761 praedata,
2989 706 3112 761 quin
3140 700 3261 761 post
3285 700 3506 761 pactum
3547 694 3621 748 ab
3644 694 3735 747 eis
3770 694 3854 749 fu-

2249 793 2460 856 gerant,
2493 792 2587 839 aut
2626 784 2832 838 reddita
2872 791 2967 837 aut
3003 784 3301 839 secundum
3346 798 3541 840 eorum
3585 785 3855 857 placitum

2248 876 2528 947 redempta
2565 875 2784 930 fuerunt
2808 892 2821 939 ;
2850 875 2970 930 etsi
3006 875 3204 944 aliquis
3231 876 3300 930 de
3324 874 3688 934 Nortmannis
3706 881 3860 935 occi-

2249 983 2341 1024 sus
2365 968 2486 1033 fuit,
2525 969 2819 1037 quaesitum
2858 968 3094 1037 pretium
3122 966 3145 999 ³
3173 982 3270 1037 pro
3299 982 3366 1021 eo
3395 978 3482 1023 est
3517 968 3859 1024 exsolutum.

2248 1061 2614 1124 Illudowicus,
2664 1060 2835 1115 ltalia‘.
2883 1059 3204 1128 imperator,
3245 1075 3352 1113 una
3382 1075 3512 1115 cum
3548 1076 3733 1116 uxore
3764 1077 3859 1117 sua

2247 1154 2558 1227 lngelberga
2586 1154 2640 1208 in
2665 1153 3035 1208 Beneventum
3068 1161 3259 1208 contra
3293 1153 3642 1210 Sarracenos
3667 1155 3856 1211 movit.

2249 1251 2524 1308 Hlotarius
2553 1283 2624 1291 —
2654 1251 2985 1309 interventu.
3025 1258 3086 1304 ut
3114 1250 3339 1319 quidam
3373 1258 3698 1312 autumant,
3736 1250 3863 1307 Blu-

2250 1343 2442 1399 dowici
2473 1342 2818 1412 imperatoris
2837 1348 2892 1395 et
2918 1341 3104 1396 fratris
3124 1341 3206 1395 sui
3235 1372 3286 1381 —
3320 1340 3671 1411 episcopium
3705 1340 3861 1398 Colo-

2250 1436 2438 1490 nicuse
2468 1433 2536 1489 ab
2566 1430 2805 1503 llugoue'
2850 1442 3129 1503 receptum
3178 1431 3457 1497 Hilduino,
3512 1433 3675 1487 fratri
3716 1432 3859 1489 Gen»

2250 1527 2438 1594 tharii,
2476 1527 2576 1582 sub
2604 1526 2934 1597 provisionis
2980 1526 3205 1581 obtentu
3247 1525 3578 1591 committit;
3632 1526 3732 1582 sed
3777 1542 3858 1582 re-

2248 1630 2380 1676 v’era
2426 1619 2708 1690 dispositio
2752 1618 2897 1674 illius
2934 1627 3164 1688 excepto
3198 1617 3497 1689 episcopali
3529 1618 3844 1676 miniateﬂo

2249 1728 2415 1785 penes
2444 1711 2804 1769 Guntharium
2842 1720 3043 1773 manet,
3093 1710 3319 1780 ipsaque
3367 1710 3723 1781 metropolis,
3764 1712 3853 1768 sed

2250 1811 2307 1859 et
2334 1801 2564 1858 ecclesia
2609 1801 2983 1864 Treverensis,
3018 1801 3245 1857 diutino‘
3265 1808 3517 1870 tempore
3544 1811 3751 1858 contra
3776 1818 3858 1858 sa-

2246 1906 2372 1948 cras
2418 1891 2633 1963 regulas
2668 1907 2792 1947 cum
2824 1906 3019 1963 magno
3047 1899 3102 1945 et
3132 1891 3424 1956 multomm
3471 1893 3730 1962 periculo
3770 1910 3859 1964 pa.

2246 1989 2395 2038 store
2446 1989 2665 2035 vacant.
2719 1981 2946 2037 Carolus
3000 1981 3281 2039 Bodherto
3327 1982 3522 2037 comiti
3582 1983 3854 2041 abbati:-

2246 2078 2421 2133 sancti
2466 2077 2680 2132 Martini
2714 2077 2781 2131 ab
2812 2075 3117 2148 Engilwino
3149 2075 3387 2131 ablatam
3421 2076 3625 2142 donat,
3663 2088 3723 2133 et
3748 2078 3857 2147 q'u

2246 2170 2474 2226 consilio
2497 2171 2733 2225 honores
2756 2168 2849 2241 qui
2874 2164 3014 2223 ultra
3045 2167 3352 2240 Sequanam
3377 2176 3568 2235 erant,
3591 2185 3698 2241 per
3725 2170 3853 2226 ωδ

2246 2262 2539 2333 complices
2591 2261 2822 2326 dividit;
2888 2262 3203 2317 comitatum
3253 2276 3478 2332 quoque
3523 2262 3857 2333 Augustih—

2247 2368 2495 2419 nensem,
2528 2369 2559 2409 a
2586 2354 2865 2409 Bernardo
2894 2352 3002 2408 filio
3031 2353 3291 2408 Bernardi
3310 2341 3489 2424 super
3513 2353 3849 2412 Radbertus

2245 2443 2978 2517 occtipatum,'Hludowico,
3038 2445 3148 2499 filio
3196 2460 3312 2507 suo,
3369 2446 3550 2516 ipsius
3602 2446 3848 2502 Rodberti

2247 2539 2478 2594 consilio
2509 2537 2576 2617 ad
2603 2550 2727 2593 eum
2752 2537 3033 2592 ditandum
3060 2538 3389 2593 committit.-

2319 2644 2639 2705 Nortmanni
2683 2664 2866 2705 mense
2896 2647 3038 2705 Julio
3075 2650 3141 2704 ab
3173 2648 3347 2704 insula
3378 2664 3547 2707 secus
3578 2663 3843 2707 monaste-

2248 2744 2389 2797 rium
2419 2740 2593 2796 sancti
2644 2741 2887 2814 Dionysii
2939 2750 3181 2806 moveut,
3230 2750 3283 2817 et
3332 2742 3739 2798 descendentes
3762 2757 3849 2815 per

2247 2836 2558 2904 Sequanam
2598 2817 2770 2904 usque
2801 2832 2866 2886 ad
2899 2831 3075 2887 locum
3107 2831 3216 2886 sibi
3260 2838 3450 2901 aptnm
3494 2833 3571 2887 ad
3614 2834 3847 2888 reﬁciat.

2246 2925 2342 2979 das
2387 2939 2515 2977 suas
2555 2932 2609 2977 et
2655 2938 2823 2975 novas
2864 2920 3141 2976 faciendas
3167 2926 3336 2977 naves
3362 2923 3725 2991 perveniunt,
3754 2922 3846 2976 ibi—

2244 3032 2350 3085 que
2384 3015 2402 3045 θ
2442 3014 2582 3084 quod
2624 3012 2704 3069 eis
2742 3013 3160 3083 persolvendum
3207 3023 3327 3069 erat
3368 3006 3719 3085 eispcctant.
3745 3015 3845 3070 Ca-

2246 3106 2394 3161 rolus
2421 3104 2691 3160 hostiliter
2719 3104 2786 3159 ad
2817 3096 2994 3159 locum
3020 3102 3110 3173 qui
3140 3103 3345 3159 dicitur
3373 3103 3550 3160 Pistis
3574 3120 3701 3160 cum
3722 3119 3841 3175 ope-

2249 3195 2412 3250 rariis
2454 3203 2509 3249 et
2549 3194 2725 3249 carris
2776 3193 2845 3248 ad
2893 3192 3224 3264 perficienda
3269 3204 3469 3265 opera,
3536 3210 3607 3250 ne
3652 3196 3844 3250 item

2248 3287 2565 3344 Nortmanni
2614 3269 2843 3343 sursum:
2877 3288 3175 3343 ascendere
3206 3288 3444 3353 valeant,
3487 3290 3685 3362 pergit.
3723 3289 3851 3344 Hlo-

2248 3381 2509 3443 dowicus,
2537 3380 2843 3437 Germania:
2870 3396 2986 3445 rex,
3021 3389 3208 3435 contra
3238 3380 3502 3451 quosdam
3538 3397 3767 3438 suorum
3792 3381 3847 3436 in

2248 3491 2432 3529 marca
2476 3474 2736 3531 adversus
2774 3472 3022 3529 Winidos
3048 3473 3392 3529 rebellionem
3422 3475 3719 3530 molientes
3755 3476 3855 3531 ho-

2250 3577 2387 3623 stem
2432 3567 2619 3633 movit,
2673 3582 2836 3637 quam
2880 3566 3221 3637 praecedens,
3256 3566 3306 3621 in
3332 3564 3476 3620 brevi
3504 3563 3855 3623 rebellantes

2250 3659 2368 3716 sine
2398 3658 2648 3715 conﬂictu
2678 3658 2884 3724 domat,
2923 3667 2977 3713 et
3002 3657 3217 3714 hostem
3262 3654 3495 3713 nondum
3537 3671 3689 3728 pene
3732 3673 3855 3730 pro-

2250 3760 2454 3805 motum
2485 3749 2630 3805 domi
2660 3750 2901 3807 residere
2932 3748 3230 3804 mandavit.

2318 3840 2638 3896 Nortmauni
2676 3840 2696 3880 ί
2757 3856 2941 3897 mense
2997 3838 3139 3896 Julio
3183 3855 3334 3896 mare
3378 3839 3610 3902 intrant,
3642 3851 3698 3896 et
3718 3856 3845 3911 pals

2246 3936 2491 4006 quaedam
2531 3951 2599 3989 ex
2642 3934 2777 4006 ipsis
2824 3934 3136 4005 aliquandiu
3174 3934 3227 3987 in
3273 3948 3412 4005 pago
3454 3932 3673 3989 Italiae“
3705 3936 3731 3974 ε
3756 3950 3845 3988 re-

2243 4032 2404 4097 sedit,
2455 4040 2510 4085 et
2562 4030 2807 4086 libitibus
2859 4031 2993 4098 suis,
3048 4040 3274 4103 excepta
3323 4030 3543 4101 publica
3597 4028 3844 4084 Lotbarii

2240 4119 2643 4190 conjunctione,
2677 4121 2991 4190 perfruitur.
3026 4118 3254 4177 Carolus
3285 4121 3351 4174 ad
3386 4120 3572 4174 villam
3608 4119 3842 4173 abbati:

2243 4213 2416 4267 sancti
2447 4211 2712 4278 Quintini,
2750 4230 2871 4284 qua:
2904 4212 3241 4268 Orti-vineas
3265 4212 3490 4277 dicitur,
3520 4227 3652 4266 cum
3674 4222 3845 4263 uxore

2241 4301 2456 4357 obviam
2495 4298 2755 4357 Lotliario
2785 4304 2981 4376 pergit,
3021 4313 3074 4359 et
3118 4319 3217 4375 pro
3263 4303 3594 4373 quibusdam
3647 4313 3841 4356 conve-

1767 4441 1855 4496 VA
1866 4440 2163 4498 RIANTES
2201 4439 2609 4497 LECTIONES.

628 4553 642 4582 ¹
672 4550 973 4624 hospitibus
1020 4551 1213 4624 Chron.
1262 4554 1326 4607 de
1378 4553 1533 4624 gestis
1585 4552 1775 4606 Norm.

1867 4554 1888 4585 '
1920 4553 2292 4624 negociatores
2307 4553 2419 4624 WCh.

545 4622 568 4653 '
596 4631 685 4675 aut
725 4620 896 4675 lsalia:
925 4632 1014 4697 aut
1046 4622 1230 4697 Isaiae
1255 4624 1314 4694 (i.
1344 4620 1625 4697 e'lsal-gae)
1651 4620 2035 4697 emendandum
2067 4625 2255 4689 credo;
2288 4623 2383 4679 Ch.
2419 4633 2469 4697 et
2499 4620 2577 4679 ΒΣ
2602 4626 2777 4697 legunt
2808 4626 2862 4681 in
2891 4639 3029 4697 pago
3053 4624 3236 4697 italiae.

2518 4554 2539 4587 ³
2563 4554 2819 4637 precium_
2849 4552 2947 4609 Ch.
3023 4554 3045 4586 ⁸
3074 4553 3519 4680 εωςὶάίιὲοηαεξι
3545 4555 3834 4610 tributum.

2518 4624 2565 4679 Β.
2602 4626 2776 4680 (edunt
2808 4642 2862 4680 tn
2891 4639 3029 4680 nano
3053 4624 3236 4680 Italus.
3317 4626 3580 4680 hromcon
3603 4628 3669 4680 de
3694 4624 3834 4680 Nor-

3358 4641 3580 4680 rantcon
3603 4641 3669 4680 ac
3694 4641 3741 4680 ἐν
3749 4643 3839 4680 ον-

542 4707 859 4771 ῃιαῃηοζιιρι
877 4693 1059 4771 gestis,
1090 4694 1230 4771 quod
1258 4693 1545 4750 annalium
1565 4695 1877 4749 sententiam
1898 4709 2034 4764 swpe
2058 4696 2318 4751 contrahit
2351 4706 2398 4750 et
2428 4693 2699 4767 depraval,
2725 4695 2809 4751 hic
2830 4693 3033 4771 quoque
3060 4696 3183 4769 legit
3210 4711 3224 4751 :
3250 4707 3303 4751 et
3328 4712 3459 4768 pars
3488 4698 3748 4769 qua-dam
3772 4712 3835 4751 ex

543 4762 679 4855 ipsis
702 4763 770 4819 ad
793 4761 1006 4818 Italiam
1033 4761 1211 4819 rediit.

2037 4907 2048 4921 .
2076 4856 2305 4915 ΝΟΤᾸΕ.

612 5005 641 5037 ι
663 4993 854 5067 Plures
898 5001 1026 5067 sunt
1053 4992 1193 5067 vjllze
1216 4993 1374 5066 hujus
1404 4992 1680 5061 nominis;
1718 4994 1861 5051 hanc
1883 4992 2125 5062 oportuit
2150 4995 2205 5056 D
2302 4992 2331 5032 ἀ
2359 4991 2442 5050 Cf.
2475 4992 2673 5051 Chron.
2708 4992 2774 5049 de
2794 4992 2966 5067 gestis
2985 4991 3171 5047 Norm.
3199 5007 3252 5046 a.
3277 4989 3405 5046 869.

539 5080 662 5124 esse
688 5065 742 5121 in
775 5064 1047 5119 Neuslria.
1071 5063 1236 5128 Bono.

615 5138 645 5178 ιι
672 5137 714 5192 1.
736 5152 783 5192 e.
816 5135 1139 5190 ventriculo.

613 5207 897 5277 cRorigus
941 5222 1035 5261 seu
1084 5206 1279 5261 liorico
1305 5215 1512 5275 patrem
1557 5206 1751 5277 habuit
1798 5205 2122 5261 Roriconem

539 5279 794 5335 comitem
816 5276 1337 5337 Cenomannensem,
1369 5278 1588 5332 fratrem
1616 5276 2121 5331 Gozfridumcomi-

540 5357 651 5405 tein
696 5348 1222 5413 Cenomannensem,
1253 5347 1535 5402 Gozlinum
1573 5348 1843 5412 abbatem,
1872 5362 2117 5402 sororem

536 5417 879 5489 Blichildem,
912 5433 1031 5489 qua:
1062 5419 1370 5489 fuitinater
1410 5419 1668 5475 Bernardi
1713 5419 1923 5475 Golbia:
1951 5419 2119 5472 comi-

536 5490 630 5546 tis.
658 5488 871 5544 Gozlini
903 5487 1115 5543 abbatis
1142 5487 1366 5559 ejusque
1395 5489 1579 5546 fratris
1605 5490 1866 5554 Gozfridi,
1894 5490 1947 5544 in
1984 5504 2118 5558 quo-

540 5574 663 5615 rum
688 5559 851 5631 tutela
873 5559 1271 5615 Cenomannica
1302 5560 1493 5618 civitas
1514 5562 1686 5631 posita
1714 5569 1851 5626 erat,
1887 5560 2118 5631 mentio-

539 5643 664 5685 nem
716 5629 921 5685 faciunt
949 5637 1163 5685 veteres
1218 5629 1546 5687 membranae
1598 5631 1830 5687 coenobii
1882 5630 2122 5686 Juvinia-

542 5700 746 5762 censis,
792 5708 852 5753 ut
885 5708 1118 5756 testatur
1152 5699 1491 5759 Mabillonius
1542 5702 1635 5759 lib.
1679 5717 1885 5759 xxxvn.
1918 5702 2118 5758 Annal.

544 5765 770 5832 Bened.,
792 5783 922 5824 num
945 5768 1036 5824 65.
1065 5769 1230 5834 Bono.

2309 5097 2332 5124 ο
2372 5084 2702 5154 Hospitium,
2749 5086 2942 5139 domus
2988 5100 3018 5138 a
3075 5081 3459 5138 mansionariis
3503 5082 3616 5154 sub
3655 5094 3830 5136 annuo

2231 5171 2395 5211 censu
2434 5152 2754 5211 inbabitata.
2788 5156 3073 5210 Tributum
3126 5152 3667 5225 igiturimpositnm
3711 5164 3827 5209 ent

2229 5228 2282 5297 a)
2341 5227 2596 5283 Alodibus
2670 5227 2724 5297 Ι»)
2779 5223 3386 5297 Mercatorum'bouis
3431 5223 3701 5297 c)__(‘.lero
3773 5226 3825 5285 (Ι)

2227 5296 2471 5421 Francis‘,
2501 5299 2553 5353 id
2581 5308 2663 5371 est
2694 5294 2941 5373 leudibus
2963 5297 3128 5370 regis,
3168 5307 3277 5350 tam
3317 5294 3631 5349 minoribus
3664 5310 3823 5347 uuam

2227 5383 2439 5421 DI‘OCOI'I
2464 5384 2565 5421 HIS.
2864 5384 2869 5393 ⁸

2224 5383 2565 5439 procerums.
2864 5384 2869 5393 ι

2308 5458 2327 5497 τ
2361 5457 2446 5515 Cf.
2474 5458 2678 5514 Chron.
2710 5460 2777 5515 de
2799 5458 2965 5531 gestis
2988 5457 3177 5513 Norm.
3210 5472 3263 5511 a.
3284 5454 3412 5511 869.

2304 5551 2331 5593 ε
2355 5549 2483 5622 Pagi
2523 5549 2705 5622 lsal;e,
2747 5550 2870 5622 sive
2908 5548 3142 5622 lslegau,
3191 5545 3430 5622 maxima
3467 5558 3606 5615 pars
3631 5552 3824 5603 saeuo

2229 5636 2333 5676 xm
2358 5636 2390 5675 a
2421 5614 2592 5677 maris
2612 5619 2863 5677 ﬂuctibus
2886 5614 3141 5689 absorpta
3176 5627 3295 5685 est;
3329 5614 3545 5689 reliqua
3570 5632 3683 5677 una
3708 5630 3823 5673 cum

2231 5692 2409 5765 capite
2439 5691 2743 5767 Stavanger
2768 5691 2929 5749 hodie
2960 5686 3284 5748 Wéstfrisia:
3311 5686 3734 5745 adntunentur.
