4038 6322
217 320 367 378 123.9
1071 311 1393 371 ANNALES
1429 304 1788 368 mncnano
1835 299 2285 372 nummum
2322 271 2659 379 Ascam.
3341 301 3479 357 mo

214 432 464 498 nientiis,
509 441 568 489 ut
598 432 898 498 dicebatur,
945 431 1291 501 ﬁrmitatibus
1334 427 1477 480 inter
1517 438 1575 478 se
1623 419 1800 481 factis,
1832 416 1878 478 A
1907 413 2333 472 Hirmintrudem
2376 415 2432 471 in
2469 416 2716 488 reginam
2758 421 3071 480 sacrarent;
3104 413 3246 485 quod
3282 419 3334 469 et
3365 413 3482 484 ipso

214 526 496 580 abbatiam
524 524 693 579 sancti
718 523 935 580 Vedasti
961 528 1196 577 donante
1221 518 1321 574 sibi
1344 514 1605 572 Lothario
1631 512 1805 569 susci-

211 618 317 688 pit.
372 616 598 672 Carolus
627 626 812 671 mense
843 617 1088 687 Augusto
1122 611 1432 669 Suessiouis
1460 621 1485 651 ι
1536 607 1809 663 civitatem

213 708 359 775 adit,
391 718 445 763 et
470 708 678 781 synodo
705 723 733 761 a
759 723 894 779 papa
922 705 1143 761 Nicolao
1183 710 1492 759 convocatae
1528 698 1805 764 considet;

212 799 311 856 ubi
349 798 649 855 secundum
688 798 931 869 praedicti
972 795 1251 868 apostolici
1286 791 1811 849 commendationem

216 882 525 960 quaestione
561 890 826 961 dirempta
870 890 937 943 de
974 882 1204 944 Vullado
1229 894 1281 940 et
1309 882 1527 954 collegis
1565 882 1705 952 ejus,
1744 878 1811 934 ab

215 979 435 1047 Ebone,
479 981 753 1052 quondam
795 980 1088 1035 Remorum
1118 976 1545 1048 archiepisc0po,
1574 976 1698 1043 poSt
1721 969 1813 1024 de-

213 1076 554 1148 positionem
599 1091 749 1130 suam
798 1073 1085 1137 ordinatis,
1124 1070 1383 1143 quoniam
1415 1065 1613 1136 regulae
1645 1076 1814 1118 sacrae

217 1181 335 1222 non
386 1174 641 1239 poterant
682 1174 868 1236 aperte
911 1163 1142 1220 convelli
1178 1177 1277 1234 pro
1310 1159 1393 1215 sui
1431 1155 1728 1213 reverentia
1760 1160 1815 1211 et

213 1256 585 1328 quorumdam
622 1265 889 1326 respectu,
939 1264 995 1310 et
1039 1270 1162 1327 rege
1226 1270 1293 1310 ac
1339 1250 1658 1323 quibusdam
1715 1261 1814 1319 pro

215 1346 460 1403 Vull‘ado
505 1347 728 1403 nimium
771 1348 1141 1419 satagentibus
1184 1345 1418 1401 schisma
1452 1344 1467 1374 ¹
1503 1350 1559 1399 et
1587 1340 1817 1397 scanda-

218 1437 337 1494 lum
369 1438 532 1493 aliter
555 1438 713 1493 vitari
747 1455 848 1493 uon
877 1437 1071 1509 potuit,
1102 1437 1380 1492 inventum
1427 1444 1532 1499 est,
1581 1439 1640 1486 ut
1683 1431 1810 1502 quia

224 1530 427 1605 synodi
453 1530 827 1602 episcoporum
860 1531 1095 1603 quinque
1122 1529 1523 1600 provinciarum
1550 1522 1815 1596 regularis

228 1622 480 1679 deﬁnitio
511 1623 575 1677 de
602 1622 623 1653 ‘
654 1619 1000 1693 praefatorum
1028 1621 1329 1692 dejectione
1361 1618 1634 1675 Benedicti
1664 1629 1816 1688 papae

220 1721 281 1767 et
330 1710 543 1766 Nicoiai
592 1711 1076 1782 subscriptionibus
1124 1709 1302 1765 fuerat
1350 1710 1691 1768 conlirmata,
1731 1719 1814 1759 se-

218 1802 464 1858 cundum
512 1801 900 1874 indulgentiam
947 1798 1162 1856 Nicena;
1202 1800 1393 1872 synodi
1443 1798 1510 1853 de
1553 1798 1638 1855 his
1679 1810 1814 1866 quos

220 1892 518 1948 datnnatus
563 1892 835 1948 ordinavit
874 1891 1142 1955 Meletius,
1174 1899 1229 1946 et
1267 1889 1422 1959 juxta
1466 1888 1813 1943 traditionem

218 1985 471 2041 Africani
516 1984 727 2041 concilii
757 1986 825 2040 de
865 1984 1177 2052 Donatistis,
1212 1986 1267 2040 iu
1308 1985 1566 2055 gradibus
1605 1984 1837 2054 recipe-'

220 2084 441 2142 rentur,
469 2077 511 2132 si
540 2084 719 2132 tamen
744 2075 966 2132 Nicolao
989 2092 1140 2148 papzr.
1164 2076 1404 2149 placeret
1431 2093 1584 2132 suam
1619 2076 1815 2130 immu-

225 2179 373 2237 tare,
406 2188 568 2242 quam
597 2170 959 2237 confirmavit,
999 2171 1346 2227 sententiam.
1384 2171 1619 2241 Indeque
1653 2185 1816 2242 syno-

223 2260 334 2317 dus
363 2272 684 2334 congregata
721 2276 819 2334 per
851 2262 1154 2335 Egilonem,
1202 2264 1500 2319 Seneusem
1549 2262 1817 2332 archiepi-

224 2352 495 2426 Scopum,
552 2370 675 2409 etnn
732 2353 853 2410 aliis
903 2371 1005 2425 pro
1048 2355 1245 2426 quibus
1303 2363 1623 2426 perrexerat
1674 2368 1813 2424 prae-

224 2442 435 2515 scripta
469 2445 781 2502 conditione
817 2444 1039 2501 Nicolao
1078 2461 1230 2516 papa:
1257 2446 1466 2501 litteras
1518 2446 1737 2500 mittens
1762 2445 1814 2510 δ,

223 2536 350 2591 sine
395 2537 738 2592 sacerdotum
770 2537 1039 2594 discordia
1072 2546 1156 2592 est
1194 2536 1365 2593 soluta
1386 2578 1399 2602 ,
1432 2546 1485 2591 et
1508 2537 1634 2592 licet
1662 2538 1816 2607 juxta

222 2625 529 2682 Innocentii
549 2628 766 2693 decreta
791 2628 933 2699 quod
956 2629 1021 2683 de
1043 2612 1349 2699 hujusuiodi
1376 2629 1669 2682 necessitas
1692 2638 1821 2682 tem-

232 2717 393 2789 poris
409 2718 681 2787 quondam
703 2718 923 2788 reperit,
948 2726 1196 2772 cessante
1213 2718 1536 2773 necessitate
1553 2717 1819 2772 debuisset

231 2810 428 2879 utique
469 2824 686 2866 cessare
729 2810 935 2883 pariter
959 2810 1101 2880 quod
1134 2810 1380 2881 urgebat,
1411 2810 1535 2881 quia
1563 2810 1701 2863 alius
1738 2818 1824 2865 est

227 2900 372 2957 ordo
398 2898 688 2971 legitimus,
719 2900 821 2955 alia
851 2900 1133 2971 usurpatio
1160 2894 1322 2971 quam
1348 2902 1412 2955 ad
1443 2917 1682 2971 prmsens
1705 2901 1820 2957 ﬁeri

231 2996 450 3060 tempus
472 2989 733 3062 impellit;
760 2990 1013 3062 quoniam
1041 2990 1113 3046 nil
1136 2990 1279 3045 aliud
1303 2993 1397 3047 sed
1419 2992 1439 3023 ³
1460 2992 1562 3047 hoc
1586 2996 1824 3047 surbmo-

229 3097 367 3153 perc
396 3084 762 3154 quaerebatur,
790 3091 848 3138 ut
873 3100 1215 3154 quocumque
1238 3086 1395 3140 modo
1422 3085 1678 3141 Vulfadus
1706 3085 1820 3141 ﬁeri

229 3184 424 3248 posset
452 3176 758 3246 episcopus,
792 3176 1126 3232 tolerabilius
1153 3176 1476 3247 quibusdam
1507 3186 1591 3232 est
1623 3177 1818 3243 visum,

231 3276 462 3339 propter
514 3268 794 3323 vitandam
848 3268 1168 3323 seditionem
1214 3269 1357 3322 hanc
1408 3269 1823 3334 necessitatem,

235 3346 363 3430 quae
402 3375 547 3415 nunc
577 3360 715 3415 sicut
749 3367 801 3414 et
835 3367 961 3414 tunc
990 3360 1239 3429 urgebat,
1275 3358 1469 3412 iterum
1507 3359 1558 3412 in
1589 3359 1823 3412 medium

238 3455 531 3517 devocare,
559 3467 624 3507 ac
654 3452 880 3507 consilio
907 3452 928 3482 ⁸
954 3450 1138 3509 Jacobi
1170 3458 1223 3506 et
1254 3451 1526 3506 seniorum
1567 3450 1823 3506 Hierusa-

238 3546 371 3614 lem,
409 3546 571 3602 etiam
597 3556 720 3617 post
748 3546 882 3618 legis
911 3545 1258 3601 abolitionem
1290 3543 1608 3599 circumciso
1641 3543 1827 3598 Timo-

241 3638 397 3700 theo,
429 3653 550 3691 cum
584 3636 755 3691 Paulo
798 3635 933 3707 legis
977 3634 1305 3689 cerimonias
1350 3650 1626 3699 exercere,
1665 3650 1827 3704 quam

242 3726 511 3782 tumultus
545 3727 599 3780 in
633 3727 860 3780 ecclesia
895 3734 949 3780 et
978 3727 1031 3779 in
1064 3735 1334 3794 potestate
1358 3728 1503 3797 regia
1529 3728 1824 3781 concitare.

240 3814 345 3873 His
371 3821 444 3871 ita
470 3815 767 3887 dispositis,
800 3815 1026 3871 Carolus
1045 3815 1157 3884 jam
1199 3816 1345 3870 dicto
1373 3814 1596 3870 Vull‘ado
1635 3816 1830 3871 Bituri-

245 3922 471 3964 censem
508 3904 870 3975 metropolim,
915 3919 1088 3974 nuper
1130 3902 1381 3958 defuncto
1420 3903 1704 3975 Rodulpho
1743 3921 1829 3958 ar-

247 3999 621 4069 chiepiscOpo,
656 4007 783 4051 ante
813 4010 991 4051 causae
1030 3993 1401 4048 dillinitionem
1443 3995 1704 4048 arbitratu
1733 4011 1830 4051 suo

246 4090 578 4157 Committit;
631 4089 726 4145 sed
778 4100 1070 4159 antequam
1128 4088 1289 4141 iidem
1340 4087 1577 4158 episcopi
1625 4088 1692 4142 ab
1722 4089 1834 4160 ipsa

247 4181 568 4236 recederent
590 4180 746 4245 urbe,
775 4176 1001 4235 Carolus
1029 4192 1124 4233 eos
1151 4177 1304 4248 petit,
1339 4186 1397 4233 ut
1425 4195 1644 4234 uxorem
1678 4198 1831 4236 suam

1910 515 2200 565 attestante
2248 510 2303 563 in
2348 505 2571 563 basilica
2620 506 2792 562 sancti
2824 504 3081 571 ,Medardi
3129 505 3392 571 fecerunt,
3432 516 3486 560 ct

1910 616 2016 656 una
2055 616 2177 656 cum
2213 614 2279 656 eo
2305 599 2377 655 illi
2410 610 2667 655 coronam
2697 594 3091 669 imposuerunt.
3127 598 3201 653 De
3232 613 3339 668 quo
3368 598 3485 653 loco

1910 691 2055 746 idem
2092 702 2191 747 rex
2237 704 2362 747 cum
2410 688 2595 761 regina
2624 687 2955 745 Attiniacttm
2980 688 3241 759 palatium
3272 689 3484 745 obviam

1910 778 2170 836 Lotbario
2219 776 2350 834 adit.
2405 777 2524 847 Quo
2572 776 2963 848 Teutbergam,
3013 779 3231 835 nomine
3280 788 3487 834 tantum

1910 870 2153 940 reginam
2195 867 2458 935 Lotharii,
2505 884 2626 939 quae
2663 865 2891 924 Romam
2932 868 3190 940 pergendi
3218 868 3488 925 licentiam

1910 964 2121 1033 habuit,
2166 956 2446 1027 revocant,
2493 970 2548 1017 et
2588 960 2927 1017 missaticum
2963 961 3325 1017 communiter
3348 962 3491 1017 ordi-

1914 1064 2127 1122 nantes,
2163 1053 2389 1110 Carolus
2425 1068 2525 1125 per
2565 1053 2866 1125 Egilonem,
2897 1051 3193 1108 Senensem
3220 1051 3491 1121 archiepi-

1914 1162 2163 1220 scopum,
2210 1155 2264 1201 et
2308 1144 2622 1201 Hlotharius
2658 1159 2754 1214 per
2795 1143 3071 1210 Adonem,
3129 1143 3491 1199 Viennensem

1915 1240 2405 1309 archiepiscopum,
2438 1251 2502 1291 ac
2527 1251 2626 1306 per
2646 1233 2994 1299 Waitarium,
3022 1249 3182 1290 suum
3208 1249 3238 1288 a
3263 1235 3494 1290 secretis

1913 1322 2289 1393 domesticum,
2317 1343 2470 1400 papa:
2488 1325 2709 1382 Nicolao
2736 1339 2857 1397 quae
2884 1324 2987 1380 sibi
3018 1324 3145 1389 visa.
3163 1333 3290 1378 sunt
3316 1338 3497 1380 secre-

1917 1422 2023 1477 tius
2054 1422 2331 1475 mandant.
2444 1410 2453 1415 ’
2978 1440 2981 1441 ν

1986 1513 2114 1567 Post
2156 1513 2268 1566 haec
2311 1508 2535 1565 Carolus
2557 1509 2624 1564 ad
2650 1508 3072 1577 consignandam
3099 1504 3494 1560 Bituricensem

1915 1601 2253 1673 metropolim
2305 1599 2534 1655 Vtilfado
2578 1598 2745 1654 lilium
2797 1612 2953 1653 suum
2999 1595 3495 1662 Carolomannum,

1917 1691 2165 1747 abbatem
2181 1690 2350 1746 sancti
2366 1688 2599 1745 Medardi
2610 1730 2625 1755 ,
2639 1682 2971 1743 transmittit.
2990 1686 3107 1753 Quo
3121 1685 3498 1755 pervenientes

1916 1793 2041 1858 post
2080 1784 2332 1850 solutam,
2375 1790 2435 1837 nt
2460 1783 2797 1854 praemissum
2844 1788 2948 1845 est,
2996 1780 3280 1852 synodum,
3330 1786 3497 1858 atque

1915 1855 2039 1947 post
2069 1875 2279 1930 litteras
2312 1889 2378 1930 ex
2409 1875 2596 1929 eadem
2626 1872 2836 1945 synodo
2869 1886 2965 1941 per
2995 1869 3272 1937 Egilonem
3319 1855 3498 1922 archi-

1914 1966 2226 2037 episcopum
2263 1962 2488 2018 Nicolao
2524 1978 2678 2034 papae
2705 1962 2967 2026 directas,
3010 1959 3193 2015 statim
3224 1959 3279 2014 in
3309 1973 3498 2013 mense

1832 2072 1836 2079 '
1916 2054 2260 2127 Septembrio
2300 2068 2331 2108 a
2370 2051 2698 2123 quibusdam
2746 2050 3016 2122 episcopis
3063 2050 3273 2119 legibus
3317 2047 3496 2104 eccle-

1916 2146 2153 2203 siasticis
2198 2145 2378 2200 minus
2435 2142 2741 2198 necessario
2799 2142 3006 2213 peritis,
3070 2140 3305 2196 factione
3358 2154 3498 2210 prte-

1917 2235 2047 2291 dicti
2097 2233 2310 2290 Vuliadi
2348 2232 2701 2289 emendicatis
2749 2240 2805 2288 et
2858 2232 3021 2288 minis
3075 2248 3105 2286 a
3154 2231 3503 2287 Caroloman-

1916 2345 1990 2386 no
2029 2342 2097 2384 ex
2142 2330 2468 2383 auctoritate
2517 2327 2689 2398 patris
2731 2326 2813 2381 sui
2856 2326 3030 2389 ﬂexis,
3074 2333 3262 2380 contra
3312 2338 3503 2380 omnes

1915 2421 2060 2494 leges
2110 2420 2506 2488 ecclesiasticas
2549 2433 2689 2489 saepe
2724 2416 2865 2473 fatus
2918 2416 3174 2472 Vulfadns
3212 2427 3235 2455 ο
3287 2432 3387 2487 pro
3418 2431 3506 2470 or-

1917 2513 2194 2569 dinatione
2230 2509 2522 2580 episcopali
2564 2508 2941 2564 maledictione
2983 2508 3203 2561 indutus
3241 2517 3323 2561 est
3358 2507 3499 2561 sicut

1918 2603 2283 2666 vestimento;
2329 2598 2484 2669 cujus
2511 2599 2863 2655 exordiuator
2886 2597 3064 2668 potius
3095 2611 3257 2667 quam
3286 2596 3504 2651 ordina-

1924 2704 2009 2750 tor
2036 2694 2193 2758 Aldo,
2221 2692 2625 2749 Lemovicensis
2671 2691 2977 2761 episwpus,
3026 2688 3078 2742 in
3132 2688 3246 2758 ipsa
3291 2686 3505 2741 ordina-

1922 2786 2069 2839 tione
2093 2783 2244 2839 febre
2263 2791 2569 2851 correptus,
2593 2781 2646 2834 iu
2674 2778 2826 2835 brevi
2863 2777 3112 2833 moritur.

1994 2875 2171 2932 Caroli
2212 2875 2357 2930 illius
2387 2873 2608 2928 nomine
2639 2870 2867 2927 Carolus
2888 2877 2944 2924 et
2969 2869 3362 2939 Aquitanorum
3386 2878 3502 2931 rex,

1922 2969 2080 3042 plaga
2114 2983 2275 3039 quam
2303 2968 2353 3021 in
2382 2968 2557 3036 capite
2594 2971 2722 3018 ante
2763 2962 2966 3032 aliquot
3004 2974 3174 3015 annos
3219 2964 3508 3029 acceperat

1926 3065 2151 3119 cerebro
2191 3069 2498 3124 commoto,
2561 3057 2763 3112 diutius
2806 3053 3139 3125 'epclcmtica
3182 3050 3212 3092 ἀ
3256 3050 3510 3121 passione

1851 3126 1897 3189 Ο
1928 3164 2173 3220 vexatus,
2202 3155 2236 3209 '5
2264 3152 2531 3207 Kalendas
2569 3148 2820 3206 Octobris
2848 3147 2902 3201 in
2929 3145 3163 3216 quadam
3191 3143 3318 3196 villa
3348 3154 3509 3197 secus

1928 3249 2272 3305 Boscutiacas
2316 3256 2340 3284 ο
2377 3244 2642 3306 moritur,
2695 3250 2750 3295 et
2790 3256 2818 3293 a
2858 3238 3255 3293 Carolomanno
3279 3277 3292 3299 ,
3341 3234 3510 3289 fratre

1932 3356 2047 3405 suo,
2083 3347 2244 3408 atque
2268 3352 2296 3390 a
2327 3335 2555 3389 anl‘ado
2586 3334 2639 3386 in
2667 3330 2896 3385 ecclesia
2920 3328 3093 3384 sancti
3119 3326 3336 3397 Sulpitii
3361 3323 3505 3394 apud

1930 3433 2232 3504 Biturigum
2256 3428 2530 3499 sepelitur.

2001 3522 2226 3581 Carolus
2290 3519 2639 3576 Wilhelmnm
2701 3517 2979 3572 sobrinum
3050 3528 3250 3576 suum,
3307 3508 3511 3565 Orionis

1933 3618 2205 3690 quondam
2231 3614 2446 3670 comitis
2472 3607 2879 3666 Aurelianensis
2915 3604 3106 3668 illium,
3136 3620 3162 3656 a
3188 3600 3509 3672 quibusdam

1934 3723 2154 3764 suorum
2207 3707 2260 3760 in
2314 3702 2624 3776 Bnrgundia
2676 3706 2914 3770 captum,
2960 3696 3113 3767 quasi
3162 3706 3350 3748 contra
3394 3704 3511 3744 rem

1931 3798 2207 3869 publicam
2242 3804 2491 3866 agentem
2523 3806 2681 3848 secus
2708 3790 3075 3845 Silvanectum
3121 3786 3390 3841 civitatem
3421 3782 3515 3836 de.

1932 3889 2118 3946 collari
2153 3888 2300 3943 fecit.

2004 3979 2322 4037 Nortmanni
2353 3978 2374 4018 ί
2411 3974 2685 4033 commixti
2744 3970 3085 4035 Britonibus,
3136 3967 3355 4022 circiter
3378 3978 3514 4034 qua-

1934 4074 2203 4147 dringenti
2237 4071 2304 4127 de
2332 4070 2509 4142 Ligeri
2550 4082 2673 4125 cum
2710 4064 2934 4122 caballis
2961 4060 3187 4133 egressi,
3219 4058 3512 4113 Cinoman-

1934 4168 2018 4223 nis
2060 4166 2332 4221 civitatem
2382 4160 2601 4216 adeunt.
2635 4156 2750 4225 Qua
2779 4153 3107 4225 deprauata,
3157 4149 3211 4203 in
3262 4157 3510 4217 regressu

1460 4315 1853 4377 VAlilANTES
1891 4320 2299 4379 LECTIONES.

322 4437 339 4469 ⁸
379 4436 575 4493 scisma
600 4430 697 4487 Ch.
775 4432 796 4462 ’
822 4446 888 4487 ex
915 4428 1011 4486 Ch.
1046 4437 1101 4485 et
1122 4427 1188 4484 Β.
1264 4429 1286 4463 ³
1314 4429 1407 4485 sed
1433 4431 1560 4501 quia
1589 4431 1654 4487 Β.
1732 4434 1754 4466 ⁸
1775 4435 2065 4492 devocaret
2092 4450 2157 4490 ac
2183 4434 2228 4490 si
2258 4429 2486 4488 consilio
2512 4429 2610 4483 Ch.

1695 4598 1701 4613 .
1769 4562 2002 4622 NOTAE}.

325 4705 359 4736 ι
398 4688 650 4746 Nicolaus
686 4700 755 4755 pa
795 4699 825 4738 a
893 4696 1155 4752 synodum
1225 4676 1513 4741 Suessione
1559 4675 1839 4732 celebran-
1872 4682 1919 4742 D
1948 4678 2344 4749 provinciarum
2382 4668 2620 4747 episcopi
2651 4667 2703 4721 in
2742 4657 3121 4739 Sttessionensi
3150 4655 3355 4726 synodo
3385 4669 3516 4709 con-

330 4779 385 4811 m
419 4761 614 4811 indixit
641 4770 708 4811 xv
734 4700 854 4811 irai.
880 4751 1215 4811 Septembris
1242 4746 1401 4811 hujus
1429 4747 1577 4811 anui,
1607 4756 1665 4799 ut
1693 4755 1839 4811 patet
1944 4753 2171 4811 gregari,
2219 4747 2459 4802 scribunt
2510 4738 2727 4795 l‘vicolao
2774 4748 2923 4811 papae
2944 4772 2970 4811 ,_
3012 4728 3361 4811 illnc-tuarum
3391 4738 3516 4811 ,ξι-(ξιξ

255 4767 385 4823 dam
419 4761 614 4817 indixit
641 4746 708 4812 xv
734 4746 854 4811 Kal.
880 4746 1215 4823 Septembris
1242 4746 1401 4816 hujus
1429 4747 1665 4823 anui,‘nt
1693 4755 1839 4823 patet

256 4815 849 4905 cii—ejusdentepistola
1017 4815 1429 4905 Iltucntnaruina
1463 4815 1842 4870 Labbeorvul-

259 4886 702 4979 gata'lomo__\llll
730 4893 965 4979 (ὶοιιίείιε.ἱ
975 4887 1273 4979 .pagldllﬁ:
1283 4886 1519 4979 3900;:

333 4953 1006 5045 {Synodicainconcil’ii'
1045 4953 1366 5045 .S‘Iuessioni‘s
1437 4953 1723 5045 epistolam
1769 4954 1842 5045 ad

225 5085 237 5097 .
263 5023 781 5112 Nicoﬂi'difpifpam
830 5033 998 5093 edidit
1043 5032 1183 5087 idem
1221 5026 1469 5084 Labbeus
1500 5024 1619 5079 loco
1656 5023 1841 5091 citato,

264 5134 387 5189 pag.
421 5114 542 5170 855.
569 5112 732 5176 Bono.
1237 5172 1248 5183 .
1325 5167 1338 5181 .
1796 5166 1807 5176 .

340 5201 362 5227 υ
407 5185 665 5240 Vull‘adus
707 5183 773 5236 ab
817 5176 1057 5236 Ebbone,
1102 5172 1506 5239 archiepiscopo
1557 5165 1835 5240 Remens],

265 5232 667 5316 ordinato-simia
708 5232 917 5322 synodo
943 5232 1319 5322 Suessionensi
1347 5254 1407 5303 ll,
1439 5232 1579 5322 anno
1609 5232 1840 5322 855,nde

266 5305 943 5399 ἓὲέἑίίιῖὶῐιῐλὲίέίέιέῑυςτθει
969 5314 1223 5399 Incolae
1242 5305 1836 5399 νξξρεττῐρεξιξεξξιὲεξτ

266 5377 396 5455 ibid
410 5377 641 5458 Cal-vo,
674 5377 767 5459 qui
816 5387 1029 5443 Vull'adi
1078 5377 1469 5459 restitutionem
1497 5377 1834 5459 exoptabat,

270 5449 483 5539 iii—ioue
508 5449 661 5539 illuni
693 5449 1086 5539 Bituricensem
1111 5455 1460 5539 episcopum.
1501 5449 1833 5539 designat-at,

264 5521 427 5608 jussit
449 5521 792 5608 ut—Vulfadus
819 5521 1224 5608 restitueretur;
1265 5521 1417 5602 ctob
1443 5521 1588 5608 hante
1615 5532 1837 5608 causam

272 5584 833 5682 éyhBiiBBiin
860 5584 992 5682 urbe
1012 5584 1413 5682 Suessionensi.
1443 5589 1652 5682 Vtilfadi
1682 5584 1849 5682 resti-g
1912 5608 1919 5615 -

491 5655 820 5751 ii’riifiiiitids
845 5670 1055 5751 obstitit
1079 5667 1416 5751 Hincmarusz
1440 5655 1843 5751 qualum:

273 5732 783 5810 diuisi-Etiamne
832 5742 1036 5817 synodo
1069 5753 1166 5810 per
1198 5737 1342 5791 vices
1366 5732 1577 5787 oblatis.
1620 5732 1841 5798 Septem

1944 4728 2459 4820 gi-Lig'f.'n'."§éiiibuli:
2510 4728 2727 4795 l‘ii'colao
2774 4748 2970 4816 papae,
3012 4728 3517 4820 '1‘]ithllEll‘l-ldl‘iﬁll‘tft!

1945 4800 2306 4874 git—Slill‘lquse
2355 4831 2449 4870 sua
2503 4823 2556 4866 et
2610 4800 3136 4877 coxiiprevittcialitttii
3196 4800 3523 4877 auctoritate

1948 4867 2317 4944 Vtilia-dunt"th
2342 4867 2521 4939 socios
2565 4867 2866 4938 restituere,
2915 4871 3004 4944 qui
3036 4867 3325 4944 iusynodo
3366 4867 3519 4944 quin-

1946 4934 2481 5029 qtieprovinciarum
2503 4934 2728 5007 inerant
2756 4934 3020 5029 λε
3047 4934 3187 5029 sibi,

1949 5014 2161 5084 illorum
2218 5025 2558 5082 restitutione
2613 5015 3036 5084 assentirentur,
3091 5014 3515 5084 consentaneum

1948 5075 2665 5155 ’ὶῐέιῆὶσωιη
2715 5080 2988 5155 pontiﬁci.
3033 5096 3061 5131 a
3110 5092 3216 5146 quo
3264 5075 3514 5155 inchoata

1943 5153 2076 5229 erat.
2106 5153 2582 5226 consummandam
2610 5153 2894 5229 resdu-tari.
2917 5153 3349 5229 Annoseqtlenti
3373 5158 3520 5229 mor-

2535 5225 2792 5308 Vull‘adus
2839 5223 2891 5275 in
2939 5219 3170 5308 concilio
3208 5216 3517 5308 Tricassipno

2552 5283 2946 5355 restitutionem
2974 5283 3310 5346 conﬁrmavit
3333 5283 3517 5338 Adria-

1944 5401 2046 5439 nus
2072 5399 2226 5453 papa.
2260 5381 2424 5438 Βουαι

2015 5474 2039 5514 d
2088 5469 2404 5540 Epelevzica,
2435 5461 2741 5533 epileptica.

2024 5576 2045 5604 ο
2085 5559 2405 5625 Buumcuis,
2434 5555 2650 5625 in‘pago
2680 5542 3020 5606 Biturioensi.
3054 5541 3327 5603 Βουρυιτ.

2022 5656 2040 5693 ί
2084 5652 2168 5709 Cf.
2196 5652 2397 5707 Chron.
2437 5646 2500 5703 de
2527 5643 2689 5715 gestis
2718 5638 2899 5696 Norm.
2935 5651 3023 5689 an.
3057 5632 3180 5689 869.
