4038 6322
499 354 633 411 test
726 327 739 336 ’

1590 348 1683 403 AD
1720 344 1951 401 OPERA
1990 336 2322 397 HINCMARI
2356 334 2722 393 APPENDIX.

3646 333 3807 388 1252

497 478 599 524 suo
620 478 792 534 usque
820 462 889 519 ad
916 462 1094 519 10mm
1121 460 1212 531 qui
1238 458 1435 516 dicitur
1486 456 1760 514 Brieserta
1786 469 1811 497 ει
1833 454 2079 520 veniunt,
2108 454 2159 516 Α
2185 451 2329 507 sicut
2380 451 2493 520 ipse
2524 447 2819 519 disposuit,
2864 455 3143 519 receptum
3182 448 3438 515 habebat,
3466 457 3523 504 et
3566 448 3806 505 seditio-

497 560 592 617 ubi
635 557 960 613 Rotbertum
1008 563 1062 610 et
1103 549 1473 615 Ramnulfum,
1498 547 1844 606 Godlfridum
1871 559 2086 618 quoque

496 659 557 707 et
602 649 892 705 Heriveum
923 648 945 678 ²
984 646 1234 711 comites,
1284 642 1618 698 cum‘valida
1648 656 1809 696 manu
1842 647 2083 695 armato—

496 748 643 806 nim,
671 741 716 797 si
746 741 889 796 Deus
922 753 1047 794 cum
1078 736 1159 792 eis
1178 742 1361 807 esset,
1408 732 1705 789 oﬁ'endunt.
1747 732 1814 786 Et
1833 740 2085 787 conserto

499 833 710 903 praelio,
757 829 1050 885 Rotbertus
1094 825 1385 890 occiditur,
1436 821 1761 879 Ramnulfus
1797 822 2083 894 plagatus,

500 924 657 995 cujus
686 920 910 975 vulnere
946 925 1140 988 postea
1180 923 1433 971 mortuus
1463 922 1569 979 est,
1600 912 1858 983 fugatur;
1895 923 1951 966 et
1985 911 2088 968 lle-

502 1014 653 1070 riveo
695 1011 981 1067 vulnerato
1022 1018 1079 1065 et
1124 1008 1247 1064 aliis
1288 1005 1615 1079 quibusdam
1645 1005 1866 1071 occisis,
1901 1003 2085 1060 caeteri

498 1104 568 1161 ad
607 1118 708 1159 sua
740 1103 944 1173 quique
969 1102 1273 1159 discedunt.
1306 1101 1378 1156 Et
1401 1100 1658 1170 quoniam
1687 1096 2010 1153 Ramnulfus
2031 1107 2088 1152 et

494 1192 809 1249 Radbertus
823 1193 889 1250 de
907 1191 1334 1264 praecedentium
1357 1204 1478 1247 sese
1504 1190 1765 1254 vindicta,
1782 1190 1873 1260 qui
1895 1198 2087 1246 contra

493 1300 655 1342 suum
690 1285 941 1342 ordinem
982 1283 1123 1340 alter
1165 1283 1441 1339 abbatiam
1477 1281 1651 1338 sancti
1696 1279 1914 1346 llilarii,
1948 1280 2089 1335 alter

498 1375 777 1431 abbatiam
824 1368 1002 1431 sancti
1050 1373 1268 1430 Martini
1310 1382 1777 1456 ‘praasumpserat,
1832 1370 2088 1443 castigari

494 1467 809 1534 noluerunt,
838 1468 893 1524 in
916 1483 977 1524 se
997 1467 1259 1523 ultionem
1287 1465 1525 1538 experiri
1552 1473 1892 1520 meruerunt.

568 1557 916 1614 Hludowicus
943 1599 960 1625 ,
1007 1557 1306 1614 Hludovvici
1361 1556 1668 1613 Germania:
1719 1557 1864 1628 regis
1922 1555 2086 1622 ﬁlius,

498 1651 728 1708 consilio
743 1650 1019 1707 Warnarii
1051 1665 1117 1706 ac
1147 1659 1488 1715 cmterorum,
1516 1664 1548 1704 a
1573 1648 1772 1720 quibus
1793 1657 1950 1720 pater
1973 1646 2091 1717 ejus

2187 557 2310 597 nem
2334 557 2454 612 qu:c
2478 549 2665 597 contra
2691 555 2815 595 eum
2843 549 3114 595 commota
3142 539 3247 594 fuit
3277 555 3677 612 usquequaque
3710 556 3805 595 se-

2186 635 2368 690 datam
2398 641 2488 689 :et
2524 632 2597 688 illi
2632 640 2759 687 tunc
2796 647 2905 687 non
2939 642 3059 687 erat
3083 634 3428 689 commodum
3457 632 3685 688 obviam
3720 632 3800 687 illi

2186 742 2360 795 usque
2403 727 2471 780 ad
2505 724 2686 779 Multis
2734 724 2954 789 venire,
3001 724 3259 795 quoniam
3302 738 3403 795 pro
3458 722 3801 795 quibusdam

2187 819 2337 891 regni
2379 818 2459 874 sui
2502 816 2919 874 necessitatibus
2961 816 3017 872 in
3058 815 3422 885 Bajowariam
3465 814 3802 871 festinabat.

2186 911 2412 967 Carolus
2463 919 2646 966 autem
2677 910 2922 965 residens
2948 909 3005 964 in
3032 906 3297 964 Viriduno
3325 923 3424 978 per
3470 908 3668 977 viginti
3697 908 3807 963 cir-

2187 1000 2234 1055 ci
2244 1009 2325 1056 ter
2346 999 2479 1065 dies,
2501 998 2750 1054 eamdem
2766 998 3038 1054 civitatem
3055 1005 3221 1069 atque
3246 997 3388 1053 illius
3410 996 3597 1052 vicina
3609 994 3805 1053 hosﬁli

2186 1109 2341 1150 more
2403 1093 2745 1164 depraedans,
2775 1091 3119 1163 praestolatus
3147 1098 3232 1146 est
3265 1090 3562 1146 adventum
3596 1088 3805 1144 Latna-

2187 1182 2280 1249 rii,
2303 1183 2395 1253 qui
2418 1183 2562 1254 apud
2587 1182 2869 1239 Treverim
2895 1198 3017 1238 cum
3052 1182 3136 1238 sui
3166 1181 3319 1252 regni
3338 1180 3621 1251 episcopis
3649 1190 3803 1235 sata-

2187 1276 2371 1346 gebat,
2402 1284 2462 1330 ut
2499 1275 2695 1330 iterum
2736 1272 3078 1346 Theotberga
3115 1288 3175 1330 se
3215 1273 3353 1329 falso
3387 1273 3627 1328 crimine
3666 1272 3804 1328 insi-

2189 1365 2460 1432 mularet,
2503 1375 2559 1420 et
2599 1365 2963 1422 velamentum
3006 1365 3310 1436 reciperet;
3356 1365 3503 1436 quod
3547 1363 3806 1420 obtinere

2190 1472 2298 1512 non
2328 1457 2522 1528 potuit.
2561 1456 2801 1512 Tandem
2833 1455 3060 1512 Carolus
3089 1472 3189 1527 per
3229 1456 3369 1511 viam
3394 1472 3502 1527 qua
3534 1471 3801 1527 perrexe-

2191 1559 2298 1617 rat,
2337 1549 2764 1620 depredantibus
2792 1551 2906 1605 suis
2939 1550 3057 1605 loca
3096 1564 3195 1620 per
3220 1565 3340 1619 quae
3363 1549 3681 1615 redierunt,
3707 1550 3803 1605 ite-

2190 1659 2311 1700 rum
2353 1641 2649 1697 Remanam
2680 1643 2701 1673 ³
2732 1642 2760 1683 b
2788 1642 3065 1697 civitatem
3095 1642 3228 1707 adit,
3258 1641 3493 1712 indeque
3524 1639 3803 1713 Compen-

493 1751 720 1815 ρωριθιε
767 1743 1142 1799 inﬁdelitatem
1214 1759 1367 1800 suam
1416 1745 1654 1800 honores
1703 1744 1865 1811 ιιιιίι,
1918 1744 2089 1799 rixam
2123 1812 2153 1815 _
2194 1734 2343 1790 dium
2369 1735 2537 1799 venit,
2564 1734 2655 1788 ubi
2672 1733 3021 1790 Nativitatem
3049 1732 3265 1788 Domini
3295 1732 3621 1788 celebravit.

494 1812 686 1891 contra
732 1844 943 1907 patrem
990 1851 1148 1893 suum
1178 1837 1361 1892 cmovit
1387 1877 1403 1903 ,
1457 1836 1731 1892 concitato
1781 1835 2020 1892 Resticio
2065 1839 2087 1869 ¹
2121 1812 2168 1872 Β
2264 1824 2381 1881 Rex
2423 1824 2780 1895 Bulgarorum
2806 1836 2828 1864 ο
2860 1865 2875 1891 ,
2915 1825 3010 1896 qui
3057 1828 3398 1896 praecedente
3447 1841 3643 1890 anno,
3689 1826 3794 1881 Deo

496 1923 741 1992 Winido,
769 1934 830 1982 ut
862 1941 1035 1999 usque
1071 1928 1139 1984 ad
1171 1926 1529 1999 Bajovvariam
1561 1928 1857 1998 praedatum
1886 1929 2085 1996 veniat,

496 2027 769 2088 quatenus
814 2019 870 2074 in
910 2020 1017 2076 illis
1059 2022 1304 2091 partibus
1349 2032 1614 2092 occupato
1657 2030 1813 2092 patre
1855 2023 1939 2079 vel
1973 2022 2091 2092 ejus

495 2108 750 2165 ﬁdelibus
768 2148 784 2174 ,
828 2110 943 2181 ipse
990 2111 1211 2167 liberius
1237 2114 1382 2183 quod
1411 2114 1579 2183 carpit
1603 2115 1856 2185 prosequi
1884 2123 2086 2186 posset.

493 2189 607 2257 Sed
636 2199 1063 2269 Karolomanno,
1090 2203 1178 2258 cui
1205 2213 1361 2274 pater
1389 2206 1564 2275 ipsam
1607 2207 1886 2262 marcham
1921 2209 2088 2263 dede-

495 2300 605 2357 rat,
633 2301 933 2364 satagente,
959 2293 1235 2349 Resticius
1274 2295 1415 2349 intra
1460 2310 1557 2352 sua
1590 2311 1650 2352 se
1680 2298 1917 2353 cohibet.
1955 2298 2092 2354 Blu-

494 2382 740 2440 dowicus
784 2392 964 2444 autem
1010 2385 1194 2441 senior
1235 2386 1290 2441 in
1340 2386 1538 2443 talibus
1580 2389 1914 2459 experientia
1958 2407 2090 2462 pru-

494 2475 660 2542 dens,
693 2477 907 2533 concite
932 2475 1001 2532 ad
1030 2477 1289 2548 palatium
1326 2480 1472 2549 quod
1512 2479 1925 2538 Franconol’urd
1960 2483 2094 2540 dici-

491 2575 588 2624 tur
611 2577 888 2640 properat,
919 2577 975 2625 et
1006 2570 1147 2626 datis
1172 2581 1361 2629 mutuo
1385 2573 1615 2640 dextris,
1647 2575 1894 2631 eumdem
1922 2576 2092 2632 ﬁlium

495 2673 656 2715 suum
702 2660 770 2715 ad
820 2675 882 2716 se
928 2662 1117 2717 venire
1161 2661 1329 2728 facit,
1372 2663 1613 2734 ipsaeque
1652 2664 1889 2722 dexterae
1920 2683 2093 2736 usque

495 2749 532 2805 5
560 2749 830 2808 Kalendas
854 2749 1179 2808 Novembris
1213 2768 1439 2809 manere
1467 2756 1700 2812 invicem
1728 2758 2089 2828 promittunt;

497 2842 688 2913 sicque
720 2841 1064 2900 Hludovricus
1086 2845 1153 2899 ad
1175 2845 1608 2902 conﬁrmandam
1638 2848 1915 2903 marcham
1940 2864 2092 2905 suam

496 2941 690 2989 contra
752 2933 1049 2990 Resticium
1125 2936 1385 2993 velociter
1451 2938 1716 3009 repedat,
1776 2954 2093 2998 reversurus

495 3035 694 3081 octavo
719 3025 807 3081 die
832 3034 961 3082 ante
988 3027 1212 3083 missam
1238 3028 1412 3085 sancti
1441 3028 1657 3086 Martini
1691 3031 1907 3088 obviam
1936 3032 2093 3089 fratri

495 3130 598 3172 suo
623 3116 824 3172 Karolo
853 3127 908 3174 et
952 3120 1135 3189 nepoti
1180 3134 1282 3175 suo
1326 3120 1587 3177 Lothario
1623 3137 1780 3179 secus
1816 3124 2092 3180 civitatem

494 3203 839 3262 Metensium.
890 3207 1009 3276 Quo
1023 3176 1262 3266 .Carolus
1292 3211 1585 3279 hostiliter,
2120 3176 2166 3239 Ο

492 3328 567 3342 --
589 3297 836 3356 confecta
876 3301 1115 3358 maxime
1140 3301 1207 3358 de
1241 3304 1511 3375 episcopis
1537 3334 1613 3348 —
1635 3305 1778 3362 sicut
1805 3319 1935 3363 tunc
1964 3323 2096 3363 con-

487 3390 697 3462 jectare
744 3392 960 3461 potuit,
1012 3407 1075 3449 se
1128 3403 1506 3464 perrecturum
1563 3395 1677 3451 suis
1730 3396 2089 3463 denuncians,

491 3479 705 3552 Hugoni
735 3483 956 3549 clerico,
987 3484 1240 3540 avunculi
1281 3486 1364 3541 sui
1397 3485 1671 3541 Chonradi
1703 3485 1833 3548 ﬁlio,
1867 3487 2094 3540 comita-

406 3632 411 3635 _
494 3582 611 3628 tum
639 3574 973 3631 Turonicum
998 3586 1057 3631 et
1080 3579 1399 3631 comitatum
1440 3577 1460 3608 ³
1490 3577 1935 3648 Andegavensem
1964 3593 2088 3633 cum

493 3662 712 3718 abbatia
743 3664 919 3718 sancti
952 3663 1169 3719 Martini
1205 3674 1261 3720 et
1305 3681 1428 3721 cum
1476 3665 1599 3722 aliis
1643 3667 1810 3723 etiam
1859 3668 2090 3724 abbatiis

493 3755 680 3820 «tonat,
722 3768 957 3825 eumque
1006 3756 1060 3811 in
1095 3755 1406 3813 Neustriam
1438 3757 1557 3814 loco
1593 3758 1841 3815 Rotberti
1867 3761 2084 3832 dirigit;

492 3847 564 3906 de
592 3847 811 3904 abbatia
839 3850 1011 3905 sancti
1044 3850 1285 3916 Vedasti,
1317 3850 1459 3907 sicut
1496 3860 1554 3907 et
1586 3851 1797 3921 pridem
1827 3853 1894 3908 de
1923 3853 2091 3908 abba-

495 3938 573 3995 tia
616 3940 793 3995 sancti
826 3939 1067 4008 Quiutini
1109 3942 1343 4008 fecerat,
1376 3954 1540 4013 caput
1577 3958 1702 3999 cum
1741 3942 2089 4000 electioribus

492 4030 638 4088 villis
675 4032 778 4088 sibi
809 4033 1083 4099 retinens,
1108 4044 1303 4090 cratera
1335 4050 1564 4105 quaeque
1593 4050 1692 4106 per
1717 4050 2089 4106 quoscumque

489 4138 622 4181 suos
668 4141 773 4181 non
822 4141 946 4181 cum
993 4133 1144 4182 tanto
1174 4127 1387 4182 illorum
1424 4126 1672 4199 profectu
1698 4165 1713 4192 ,
1767 4142 1931 4198 quam
1963 4143 2088 4184 cum

490 4218 690 4275 animae
741 4234 853 4274 sua:
921 4220 1245 4276 detrimento
1293 4221 1523 4289 dividit;
1580 4223 1767 4293 sicque
1816 4224 2091 4279 hostiliter

489 4309 635 4379 quod
669 4309 1083 4365 denuntiaverat
1107 4310 1424 4378 conﬁciens,
1454 4326 1551 4383 per
1577 4312 1869 4368 Remorum
1891 4312 2087 4368 civita-

492 4410 601 4457 tem
632 4400 949 4458 Meteusium
973 4411 1153 4474 partes
1174 4419 1296 4458 cum
1335 4419 1431 4458 sua
1472 4418 1641 4458 uxore
1670 4403 2002 4475 aggreditur,
2032 4413 2089 4460 et

487 4507 664 4564 usque
693 4494 762 4548 ad
796 4492 1116 4551 Viridunum
1149 4496 1415 4567 pervenit.
1452 4494 1640 4566 Ibique
1672 4497 1863 4553 obvios
1895 4496 2085 4553 fratris

489 4584 576 4640 sui
620 4584 923 4640 Hludowici
968 4587 1163 4642 missos
1208 4588 1419 4653 habuit,
1472 4588 1789 4643 nuntiantes
1826 4590 1952 4658 quia
1978 4605 2083 4644 non

489 4686 611 4733 erat
643 4676 692 4731 ei
729 4691 951 4734 necesse
990 4678 1059 4733 ad
1106 4675 1329 4733 fratrem
1364 4678 1388 4710 ⁸
1414 4695 1571 4735 suum
1608 4696 1708 4751 pro
1745 4696 2086 4752 quacumque

490 4768 819 4827 necessitate
854 4784 977 4825 cum
1019 4769 1177 4827 hoste
1223 4770 1343 4838 ire,
1387 4772 1643 4842 quoniam
1690 4788 1847 4828 suum
1892 4774 2082 4843 ﬁlium,

2194 1918 2501 1988 inspirante
2542 1927 2596 1972 et
2639 1918 2809 1989 signis
2856 1926 3018 1988 atque
3060 1916 3441 1973 aﬂlictionibus
3492 1918 3554 1972 in
3605 1919 3796 1989 populo

2194 2009 2347 2079 regni
2378 2008 2462 2064 sui
2491 2018 2744 2063 monente
2765 2048 2781 2073 ,
2824 2007 3168 2063 Christianus
3200 2008 3316 2063 ﬁeri
3346 2008 3657 2063 meditatus
3690 2009 3802 2064 fue-

2192 2108 2317 2167 rat,
2357 2115 2572 2155 sacrum
2605 2100 2872 2171 baptisma
2919 2100 3182 2169 suscepit;
3232 2100 3377 2170 quod
3414 2114 3685 2171 proceres
3722 2102 3801 2156 sui

2193 2192 2421 2248 moleste
2462 2191 2734 2257 ferentes,
2780 2191 3194 2247 concitaverunt
3232 2190 3493 2262 pepulum
3540 2191 3799 2248 adversus

2193 2302 2343 2353 eum,
2378 2294 2439 2340 ut
2474 2285 2624 2341 illum
2654 2284 3043 2340 interlicerent.
3076 2284 3350 2354 Quotquot
3380 2284 3559 2354 igitur
3590 2283 3801 2341 fuenmt

2195 2380 2340 2435 intra
2386 2379 2572 2435 decem
2609 2378 2899 2433 comitatus
2922 2417 2936 2442 ,
2972 2376 3348 2432 adunaverunt
3382 2392 3447 2433 se
3473 2377 3632 2433 circa
3659 2378 3800 2448 pala-

2197 2472 2332 2527 tium
2373 2470 2522 2540 ejus;
2572 2470 2661 2525 ille
2702 2485 2855 2536 vero,
2893 2469 3144 2525 invocato
3170 2468 3374 2525 Christi
3405 2470 3800 2534 nomine,eum

2194 2563 2549 2636 quadraginta
2581 2573 2789 2618 tantum
2818 2570 2943 2618 octo
2969 2562 3300 2629 hominibus,
3340 2564 3438 2634 qui
3471 2578 3615 2636 erga
3644 2563 3799 2621 Chri-

2196 2659 2430 2713 stianam
2454 2657 2796 2713 devotionem
2825 2655 3099 2713 ferventes
3123 2657 3226 2712 sibi
3250 2668 3666 2723 remanserant,
3688 2674 3798 2730 pro

2196 2750 2374 2806 fectus
2420 2762 2506 2805 est
2547 2758 2739 2805 contra
2779 2763 2995 2804 omnem
3042 2750 3188 2805 illam
3236 2750 3699 2817 multitudinem;
3748 2762 3798 2809 et

2197 2858 2325 2899 mox
2354 2851 2414 2898 ut
2443 2851 2630 2913 portas
2657 2841 2895 2897 civitatis
2938 2840 3092 2907 exiit,
3110 2850 3497 2913 apparuerunt
3530 2844 3615 2898 eis
3642 2854 3698 2898 et
3722 2844 3798 2899 bis

2197 2936 2291 3007 qui
2319 2950 2442 2992 cum
2475 2950 2541 2991 eo
2567 2944 2728 2990 erant
2754 2944 2959 3005 septem
2989 2926 3196 3001 clerici,
3225 2946 3281 2991 et
3311 2936 3694 3008 unusquisque
3713 2954 3797 2994 eo-

2199 3042 2321 3082 rum
2362 3027 2579 3083 tenebat
2605 3041 2825 3082 cereum
2865 3025 3145 3081 ardentem
3173 3026 3228 3081 in
3259 3042 3431 3082 manu
3460 3043 3587 3095 sua,
3620 3030 3799 3100 sicque

2196 3119 2574 3190 praecedebant
2617 3133 2801 3191 regem
2847 3127 2904 3174 et
2942 3118 3063 3175 illos
3106 3119 3197 3190 qui
3232 3133 3359 3175 cum
3389 3135 3459 3176 eo
3487 3130 3666 3177 erant.
3703 3122 3787 3179 Eis

2195 3230 2328 3271 vero
2353 3215 2446 3285 qui
2481 3223 2669 3269 contra
2702 3228 2827 3269 eum
2857 3222 3235 3277 surrexerant,
3269 3213 3452 3269 visum
3483 3225 3630 3280 erat,
3654 3215 3795 3286 quod

2194 3322 2389 3377 magna
2418 3306 2543 3360 villa
2571 3306 2769 3361 ardens
2790 3320 2954 3375 super
2981 3318 3077 3360 eos
3098 3304 3338 3370 caderet,
3364 3314 3421 3358 et
3450 3306 3581 3376 equi
3613 3322 3799 3362 eorum

2194 3397 2285 3467 qui
2310 3412 2432 3452 cum
2457 3410 2585 3467 rege
2610 3403 2788 3462 erant,
2811 3395 2953 3450 sicut
2977 3394 3271 3450 contrariis
3292 3395 3598 3461 videbatur,
3621 3398 3803 3453 erecti

2195 3485 2534 3549 incedebant,
2564 3493 2618 3541 et
2650 3501 2775 3541 cum
2816 3486 3183 3542 anterioribus
3212 3487 3429 3557 pedibus
3470 3502 3565 3542 eos
3588 3502 3807 3557 percu-

2196 3583 2403 3639 tiebant
2427 3599 2442 3647 ;
2477 3589 2769 3652 tantusque
2792 3581 2959 3636 timor
2985 3596 3080 3638 eos
3103 3581 3474 3652 apprehendit,
3502 3589 3563 3634 ut
3592 3597 3704 3638 nec
3730 3584 3805 3640 ad

2195 3671 2511 3743 fugiendum
2544 3686 2644 3726 nec
2671 3671 2738 3726 ad
2767 3670 3164 3728 defendendum
3192 3686 3253 3726 se
3278 3682 3683 3743 praepararent,
3706 3674 3803 3730 sed

2193 3764 2454 3835 prostrati
2496 3762 2610 3819 solo
2655 3776 2714 3818 se
2755 3778 2977 3819 movere
3011 3763 3331 3834 nequibant.
3366 3763 3485 3819 Rex
3514 3772 3699 3820 autem
3728 3780 3801 3822 ex

2191 3855 2513 3925 proceribus
2538 3895 2553 3920 ,
2594 3853 2690 3924 qui
2717 3853 2973 3925 populum
2998 3853 3237 3910 maxime
3266 3854 3533 3909 adversus
3561 3870 3689 3910 eum
3716 3854 3803 3911 in.

2194 3943 2541 4009 citaverunt,
2583 3941 2857 3998 interfecit
2904 3958 3134 3999 numero
3189 3944 3591 4015 quinquaginta
3638 3946 3799 4011 duos,

2193 4035 2461 4104 reliquum
2496 4042 2680 4090 autem
2706 4034 2960 4104 populum
3010 4034 3256 4090 inlaesum
3307 4035 3462 4090 abire
3501 4029 3799 4107 permisit;

2191 4134 2247 4181 et
2273 4127 2494 4181 mittens
2530 4125 2599 4179 ad
2626 4125 3025 4191 Hludowicum,
3050 4139 3233 4197 regem
3262 4124 3594 4193 Germaniae,
3622 4129 3721 4199 qui
3748 4129 3799 4187 ei

2191 4217 2397 4273 foedere
2422 4217 2571 4288 pacis
2599 4215 2924 4286 coniunctus
2965 4226 3112 4283 erat,
3140 4218 3455 4289 episcopum
3494 4231 3551 4273 et
3576 4219 3803 4293 presby-

2192 4318 2343 4364 teros
2367 4308 2679 4379 postulavit,
2708 4316 2765 4363 et
2792 4308 2861 4364 ab
2894 4323 2961 4364 eo
2993 4309 3187 4365 missos
3209 4326 3332 4365 cum
3360 4309 3546 4367 debita
3572 4327 3799 4367 venera-

2194 4401 2342 4457 tione
2368 4400 2628 4471 suscepit.
2674 4398 3023 4455 Hludowicus
3062 4408 3246 4457 autem
3291 4402 3358 4456 ad
3386 4400 3653 4457 Carolum
3694 4402 3800 4459 fra-

2193 4503 2334 4550 trem
2355 4508 2514 4549 suum
2540 4493 2783 4558 mittens,
2812 4492 2868 4548 in
2900 4493 3262 4549 ministerium
3288 4493 3621 4550 clericorum
3654 4496 3796 4565 apud

2195 4587 2419 4643 fratrem
2449 4602 2605 4642 suum
2651 4602 2783 4641 vasa
2827 4595 3042 4642 sacrata
3088 4602 3381 4658 sacrasque
3418 4597 3606 4644 vestes
3632 4586 3706 4643 ac
3742 4589 3797 4642 li-

2194 4683 2324 4737 bros
2353 4678 2529 4750 petiit,
2557 4677 2702 4734 unde
2729 4676 2958 4734 Carolus
2984 4678 3053 4733 ab
3082 4678 3352 4749 episcopis
3378 4680 3535 4749 regni
3565 4678 3656 4733 sui
3688 4695 3794 4733 non

2194 4788 2415 4843 parvam
2445 4785 2715 4827 summam
2745 4770 3041 4842 accipiens,
3060 4772 3111 4826 ei
3141 4772 3207 4827 ad
3237 4771 3580 4842 dirigentium
3609 4773 3751 4844 regi.
3774 4770 3797 4804 ⁸

1700 4885 1906 4942 VARIA
1915 4887 2092 4946 NTES
2126 4887 2529 4947 LECTIONES.

564 4984 584 5018 ⁸
626 4984 973 5041 henricum...
1010 4981 1243 5053 henrico
1288 4981 1470 5035 chron.
1513 4977 1732 5053 Norm._
1781 4982 1802 5053 2
1838 4981 2049 5053 restitio
2087 4981 2184 5038 Ch.
2219 4986 2294 5039 ita
2333 4982 2551 5053 pluries.
2628 4980 2650 5012 ⁸
2690 4979 3100 5053 turonicum_et
3146 4980 3464 5053 comitatum
3499 4981 3650 5053 deest
3690 4980 3787 5037 Cb.

488 5055 514 5089 ⁸
552 5056 695 5111 deest
757 5054 856 5111 Ch.
914 5064 963 5110 et
998 5052 1064 5108 Β.
1143 5052 1165 5084 ⁸
1202 5066 1481 5108 romanam
1538 5049 1636 5105 Ch.
1713 5050 1735 5084 ⁸
1772 5052 1849 5106 ita
1894 5051 2169 5120 Cliesnius,
2205 5049 2346 5126 apud
2384 5052 2715 5126 Bouquetum
2749 5054 2888 5106 inter
2915 5050 3189 5122 accipiens
3218 5052 3269 5107 ei
3318 5061 3367 5107 et
3424 5049 3787 5124 Bulgarorum

492 5127 689 5182 lacuna
718 5127 1006 5181 indicatur.

2043 5213 2278 5272 ΝΟΤΔΕ.

561 5325 589 5355 ι
629 5311 750 5367 Bria
802 5317 897 5367 aut
942 5309 1101 5365 Briva
1155 5308 1368 5374 Sana,
1423 5308 1526 5364 hoc
1566 5314 1652 5363 est
1694 5304 1839 5362 Pons
1883 5305 2077 5375 Sartm,

486 5384 651 5458 vulgo
679 5382 957 5439 Briuerte.
1003 5381 1173 5445 Bono.

562 5456 592 5496 ι’
628 5455 686 5512 Id
715 5463 797 5511 est
828 5453 1211 5509 Rhemensem.

561 5536 587 5568 ο
614 5524 1016 5599 ξεείιιελθίῃῃ.
1044 5521 1172 5588 866,
1203 5535 1351 5578 num.
1375 5523 1405 5599 _l
1430 5528 1487 5599 et
1528 5536 1651 5599 sqq.
1684 5518 1933 5599 pluribus
1956 5533 2080 5592 pro-

486 5598 606 5663 bat,
634 5590 861 5669 Bogoris
886 5593 1421 5669 Bulgaroru_m__regis
1446 5590 1713 5669 baptisma
1743 5599 1796 5647 et
1826 5590 2082 5669 Bulgaro-

487 5662 611 5725 rum
648 5662 909 5723 adversus
945 5662 1067 5722 eum
1116 5662 1463 5721 rebellionem
1507 5662 1798 5733 contigisse
1832 5662 2077 5725 an.’861,

488 5751 842 5806 erroremque
887 5736 1169 5792 annalistte
1212 5734 1509 5797 Bertiniani
1537 5734 1962 5806 processissege;
1991 5747 2076 5796 eo,

489 5806 638 5880 quod
668 5802 996 5873 accepisset,
1032 5806 1386 5876 Bulgarorum
1417 5802 1600 5874 regem
1630 5819 1774 5859 anno
1800 5803 1905 5859 866
1931 5802 2077 5871 lega-

2187 5319 2271 5367 tos
2318 5324 2446 5367 suos
2497 5310 2730 5367 Romam
2783 5309 3018 5367 misisse.
3068 5306 3139 5362 At
3188 5306 3263 5361 illi
3308 5304 3377 5361 ab
3421 5303 3615 5361 eodem
3658 5320 3786 5380 rege

2185 5383 2414 5439 Romam
2443 5382 2645 5438 directi
2685 5380 3223 5453 quinquennio_post
3269 5392 3444 5453 suam
3467 5378 3785 5453 conversio-

2185 5469 2333 5521 nem,
2372 5462 2432 5509 ut
2469 5462 2679 5524 peteret
2704 5445 2736 5508 a
2765 5445 3024 5524 pontiﬁce
3057 5445 3327 5524 Romano,
3355 5445 3482 5517 quid
3511 5462 3574 5524 se
3599 5448 3785 5524 facere

2185 5518 2784 5596 salubrius'oporteret;
2809 5531 2864 5579 et
2896 5521 3027 5594 quid
3065 5535 3193 5591 erga
3222 5519 3489 5596 reliquum
3520 5518 3783 5596 uulgare-

2185 5611 2307 5651 rum
2342 5588 2815 5672 adhuc'baptismo
2844 5588 3427 5672 carentem'populum,
3454 5598 3515 5642 ut
3702 5604 3782 5645 sa-

2185 5674 2462 5723 cramenta
2493 5659 2817 5737 perciperet,
2858 5664 2943 5737 agi
2978 5659 3237 5724 deberet;
3287 5659 3365 5715 uti
3395 5668 3583 5737 narrat
3608 5659 3779 5716 Baro-

2190 5737 2314 5794 nius
2336 5753 2403 5794 ex
2430 5729 2719 5794 Atiastasio
2745 5729 2859 5792 tum
2894 5729 3082 5793 Romae
3120 5741 3395 5790 versante.
3427 5729 3597 5795 Bouq.
