4038 6322
225 417 252 471 1
263 417 382 473 255

1100 422 1420 483 ANNALES
1460 427 1818 488 Hl-NCMARO
1859 430 2306 490 DUlil'l‘AN'l‘ER
2339 436 2673 500 ASCRIPTL

3377 453 3521 513 im

217 549 593 622 Bulgammm
623 567 717 611 rex
744 554 912 614 ﬁlium
946 573 1103 616 suum
1128 571 1183 617 ει
1211 563 1393 634 plures
1411 579 1480 620 ex
1508 567 1826 636 proceribus
1851 548 1908 608 Α
1929 545 2151 627 Augusti
2180 548 2234 601 in
2258 548 2557 636 Carnutum
2581 553 2799 611 civitate
2817 556 3087 626 condixit,
3110 575 3166 616 tn
3188 561 3520 629 Britanniam

219 642 392 715 regni
437 644 521 700 sui
560 644 789 703 Romam
831 650 1070 718 direxit,
1117 662 1173 709 et
1209 670 1359 711 arma
1389 657 1586 727 quibus
1617 658 1834 714 indutus

219 732 439 799 fuerat,
469 738 688 807 quando
720 740 774 796 in
798 739 1001 798 Christi
1029 745 1248 802 nomine
1273 747 1341 803 de
1371 751 1484 806 suis
1509 753 1834 810 adversariis

216 820 613 898 triumphavit,
638 848 763 888 cum
788 832 906 890 aliis
933 834 1090 891 donis
1114 847 1305 894 sancto
1328 839 1490 896 Petro
1512 844 1830 911 transmisit,

194 924 277 1001 get
305 917 502 987 plures
523 922 853 991 quaestiones
879 924 945 980 de
967 928 1327 985 sacramentis
1355 930 1479 986 ﬁdei
1501 934 1835 989 consulendo

216 1006 458 1066 Nicolao
486 1026 639 1084 papa:
659 1015 879 1083 direxit,
901 1028 958 1072 et
979 1019 1263 1091 episcopos
1294 1033 1459 1094 atque
1488 1027 1833 1098 presbyteros

216 1099 375 1155 mitti
410 1102 480 1157 ab
511 1117 577 1158 eo
605 1103 706 1160 sibi
742 1108 1011 1190 poposcit,
1036 1112 1179 1181 quod
1206 1122 1262 1168 et
1287 1114 1539 1171 obtinuit.
1566 1115 1836 1175 llludowi—

211 1203 324 1245 cus
371 1207 509 1248 vero
536 1234 551 1257 ,
584 1194 750 1252 Italize
793 1198 1111 1269 imperator,
1149 1203 1253 1261 hoc
1294 1206 1545 1274 audiens,
1582 1211 1649 1265 ad
1680 1208 1835 1267 Nico-

212 1277 374 1336 laum
407 1297 601 1354 papam
628 1285 773 1342 misit
799 1328 814 1353 ,
852 1287 1053 1359 jubens
1098 1302 1159 1347 ut
1186 1309 1337 1351 arma
1369 1306 1426 1352 et
1460 1297 1562 1352 alia
1590 1314 1711 1370 qua:
1736 1316 1833 1358 rex

126 1367 135 1374 ’
210 1371 593 1446 Bulgarorum
623 1388 814 1436 sancto
853 1382 1016 1439 Petro
1064 1386 1304 1455 miserat,
1336 1388 1387 1443 ei
1422 1367 1717 1461 dirigeret;
1765 1391 1834 1449 de

211 1465 441 1535 quibus
462 1468 712 1538 qtttedam
743 1469 997 1530 Nicolaus
1023 1491 1161 1546 papa
1185 1493 1284 1547 per
1306 1480 1597 1536 Arsenium
1623 1481 1674 1538 ei
1702 1498 1834 1538 con-

210 1556 454 1612 sistenti
484 1559 539 1613 in
570 1561 817 1630 partibus
862 1563 1260 1626 Beneventanis
1305 1572 1646 1641 transmisit,
1683 1573 1834 1630 etde

213 1648 560 1718 quibusdam
589 1656 998 1715 excusationem
1029 1661 1326 1718 mandavit.

838 1790 1227 1852 DCCCLXV'II.

1936 652 2100 706 super
2148 630 2525 710 Salomonem,
2573 644 2765 702 ducent
2806 646 3116 717 Britonum,
3149 666 3521 725 perrecturus.

1934 730 2143 786 Interea
2166 734 2347 790 missis
2376 735 2885 815 intercurrentibus,
2905 755 2974 797 eo
2996 758 3168 815 usque
3189 748 3526 817 paciscenda

1934 821 2085 892 pacis
2108 832 2192 878 est
2225 825 2482 893 perducta
2512 831 2771 897 conditio,
2799 842 2859 888 ttt
2885 848 2918 888 a
2943 835 3138 892 Carolo
3151 838 3295 895 datis
3318 841 3526 899 obsidi-

1936 910 2057 976 btis,
2084 910 2397 983 Paswithen
2420 933 2587 988 gener
2615 919 2944 990 Salomonis,
2970 924 3127 994 cujus
3152 930 3381 987 consilio
3402 930 3526 1002 plu-

1935 1002 2133 1058 rimum
2178 1005 2370 1072 utitur,
2417 1010 2485 1063 ad
2532 1009 2787 1069 Carolunt
2837 1015 2891 1069 in
2942 1016 3334 1088 Compendium
3377 1021 3527 1079 circa

1933 1094 2191 1165 prmfatas
2234 1096 2505 1155 Kalendas
2545 1103 2771 1174 Augusti
2803 1108 3000 1168 veniat.
3036 1118 3091 1165 et
3118 1111 3264 1180 quod
3295 1120 3425 1170 tunc
3450 1111 3526 1170 tbi

1934 1187 2215 1245 inventum
2238 1199 2294 1245 et
2318 1194 2702 1249 conﬁrmatum
2727 1198 3001 1269 utrimque
3029 1202 3210 1269 fuerit,
3237 1213 3523 1270 teneatur;

1934 1282 2163 1351 populus
2211 1293 2391 1341 autem
2444 1287 2501 1341 in
2566 1287 2777 1342 hostem
2828 1290 3203 1347 denuntiatam
3247 1296 3265 1325 ⁸
3305 1294 3524 1351 interim

1932 1382 2157 1444 paratus
2183 1376 2325 1431 domi
2371 1376 2631 1445 resideat,
2660 1396 2831 1451 usque
2857 1397 2987 1452 quo,
3016 1383 3063 1438 si
3103 1399 3324 1441 necesse
3362 1387 3529 1442 fuerit

1934 1474 1992 1520 et
2018 1479 2111 1521 rex
2142 1466 2571 1534 demandaverit,
2592 1470 2627 1527 8
2654 1469 2925 1528 Kalendas
2955 1473 3292 1543 Septembris
3316 1475 3530 1529 Carnu-

1936 1566 2048 1613 tum
2078 1559 2348 1614 hostiliter
2384 1560 2587 1615 veniat.
2625 1561 2975 1620 llludovvicus
2997 1604 3012 1629 ,
3060 1580 3155 1619 rex
3197 1563 3526 1625 Germaniae.

1935 1644 2311 1703 llludowicum
2358 1647 2527 1704 ﬁlium
2557 1665 2714 1705 suum
2740 1667 2863 1706 cum
2905 1651 3215 1709 Saxonibus
3240 1664 3297 1711 et
3329 1652 3528 1709 Torin-

1934 1736 2017 1808 gis
2042 1738 2304 1793 adversus
2328 1738 2621 1796 Abodritos
2648 1740 2920 1797 hostiliter
2946 1743 3151 1813 dirigit,
3178 1751 3235 1800 et
3259 1744 3527 1815 reliquum

1936 1828 2192 1897 populum
2234 1830 2383 1899 regni
2408 1831 2491 1885 sui
2521 1840 2770 1902 paratum
2796 1846 2918 1887 esse
2955 1833 3220 1903 pmcipit,
3256 1843 3530 1903 quatenus

298 1915 467 1971 Anno
497 1917 709 1975 Domini
746 1922 877 1989 867,
918 1923 1286 1993 lllttdowieus,
1318 1931 1486 1989 abbas
1517 1937 1832 1993 monasterii
1863 1904 1910 1965 Β
1939 1935 2095 1983 mox.
2128 1928 2190 1976 ιιι
2223 1919 2620 1991 ipsciusscril.
2658 1925 2947 1996 praeparati
2994 1941 3215 1983 movere
3258 1926 3531 1984 hostiliter

221 2006 415 2062 sancti
464 2007 706 2081 Dionysii
736 2021 790 2066 et
820 2028 990 2085 nepos
1025 2015 1201 2073 Caroli
1253 2019 1599 2091 imperatoris
1626 2040 1690 2080 es
1725 2027 1835 2083 ﬁlia

224 2096 450 2167 majore
481 2110 614 2155 natu
642 2101 906 2171 Rotrude,
938 2106 973 2162 5
998 2106 1121 2165 ldus
1147 2108 1392 2191 .lanttarii
1412 2115 1569 2182 obiit,
1598 2127 1651 2172 et
1676 2117 1838 2176 Caro-

227 2190 319 2245 lus
375 2206 470 2248 rett
522 2193 798 2251 abbatiam
849 2197 1020 2268 ipsius
1068 2206 1382 2260 monasterii
1436 2206 1539 2262 sibi
1593 2210 1832 2277 retinuit,

225 2298 436 2340 causas
465 2288 784 2344 monasterii
819 2299 874 2346 et
916 2292 1412 2352 conlaborationem
1446 2311 1473 2340 ιι
1501 2314 1597 2369 per
1623 2317 1834 2372 pnepo-

224 2377 403 2433 situm
434 2388 489 2434 et
522 2380 786 2438 decanum
819 2393 982 2454 atque
1012 2387 1434 2456 thesaurariutn,
1469 2393 1673 2449 militim
1703 2411 1838 2465 quo-

225 2482 341 2538 que
374 2482 561 2525 curam
598 2485 697 2541 per
725 2472 985 2541 majorem
1019 2476 1212 2534 domus
1244 2495 1340 2537 sua
1372 2486 1837 2541 commendatione

224 2560 348 2629 geri
406 2560 717 2632 disponens.
764 2562 833 2619 Et
879 2566 1025 2622 circa
1086 2570 1317 2626 mediam
1364 2575 1834 2646 quadragesimum

226 2665 403 2718 super
426 2649 662 2720 Ligerim
692 2653 911 2711 ﬁuvium
953 2660 1022 2714 ad
1051 2660 1233 2715 villam
1261 2678 1383 2732 quae
1412 2663 1836 2721 Bellus-Paulin-

223 2753 331 2792 cus
367 2739 567 2795 dicitur
592 2744 851 2812 perrexit,
886 2745 973 2800 tibi
1004 2748 1271 2817 primores
1301 2752 1699 2821 Aquitanorum
1731 2756 1835 2812 sibi

224 2830 453 2885 obviam
493 2837 811 2904 accersivit,
853 2848 906 2895 et
948 2839 1116 2895 ﬁlitnu
1167 2859 1323 2899 suunt
1375 2844 1834 2916 llludowicnmh,

224 2922 504 2979 ordinatis
552 2926 626 2981 illi
666 2930 1111 2991 ntinisterialibns
1136 2934 1203 2992 de
1229 2936 1430 3007 palatio
1460 2956 1559 2996 suo
1584 2982 1599 3007 ,
1628 2944 1834 2999 eisdem

225 3013 526 3083 Aquitanis
577 3035 758 3091 regem
808 3023 1068 3093 praefecit.
1116 3026 1245 3083 lude
1297 3044 1581 3096 reversus,
1631 3031 1836 3090 Pascha

226 3106 454 3162 Domini
504 3109 556 3164 in
605 3116 943 3171 monasterio
989 3118 1165 3174 sancti
1213 3118 1452 3193 Dionysii
1501 3123 1834 3193 celebravit;

227 3196 440 3255 deinde
489 3217 718 3272 pergens
770 3205 948 3262 Mettis
998 3208 1064 3264 ad
1115 3210 1461 3282 conloquium
1495 3213 1691 3272 fratris
1725 3219 1832 3284 sui,

1937 2012 2168 2082 possint.

2008 2106 2296 2167 Lotharitts
2340 2117 2649 2180 suspectum
2691 2112 2898 2167 habens
2939 2113 3195 2169 Carotum
3245 2128 3276 2168 a
3319 2112 3527 2169 Hludo-

1939 2196 2075 2252 wico
2105 2198 2125 2227 ²
2156 2209 2541 2265 revertentem,
2573 2218 2604 2257 a
2642 2202 2825 2260 Mettis
2877 2205 3104 2261 civitate
3130 2221 3324 2262 versus
3361 2206 3535 2261 Fran-

1935 2287 2201 2343 conofurd
2233 2290 2425 2361 pergit,
2449 2300 2507 2347 et
2532 2308 2656 2348 cum
2682 2309 2751 2350 eo
2774 2295 2982 2364 pridem
3012 2297 3116 2352 sibi
3141 2298 3278 2353 satis
3301 2298 3533 2353 adverso

1935 2392 1995 2432 se
2029 2381 2302 2449 paciﬁcat,
2332 2382 2551 2453 ﬁlioque
2572 2400 2676 2440 suo
2703 2387 2770 2441 de
2798 2385 3092 2443 \Valdrada
3121 2389 3328 2460 llugoni
3362 2384 3551 2443 duca-'

1939 2479 2052 2524 ttttu
2095 2470 2379 2526 lilimtium
2406 2472 2608 2537 donat,
2634 2489 2867 2545 euntque
2897 2476 3211 2533 Hlndowieo
3254 2494 3535 2534 commen-

1937 2558 2049 2620 dat,
2095 2574 2159 2614 ac
2188 2569 2443 2614 caeterum
2492 2577 2715 2633 regnum
2763 2580 2920 2620 suum
2949 2567 3104 2637 quasi
3148 2566 3376 2628 Romam
3408 2583 3535 2639 per-

1940 2658 2187 2706 recturus
2209 2660 2261 2705 et
2286 2649 2639 2708 Waldradaut
2662 2655 3044 2725 praetnissurus
3064 2659 3378 2715 omnmiltit.
3405 2660 3536 2717 Inde

1939 2750 2234 2806 revertens,
2289 2742 2497 2797 hostem
2543 2743 2611 2797 ad
2658 2747 2852 2813 pati-ite
2892 2747 3261 2805 defensionem
3303 2766 3401 2822 per
3444 2767 3532 2806 re-

1934 2848 2099 2902 guunt
2129 2847 2285 2887 suum
2314 2832 2503 2887 indicit
2530 2836 2683 2903 quasi
2714 2846 2903 2892 contra
2927 2837 3311 2904 Nortmannos,
3335 2851 3535 2911 putans

1941 2922 2221 2994 Rorigum,
2270 2940 2428 2994 quem
2475 2926 2664 2982 incolae
2693 2928 2784 2996 qui
2812 2927 3077 3000 Conltingi
3125 2945 3267 2984 novo
3314 2931 3535 2988 nomine

1938 3016 2212 3082 dicuntur,
2254 3032 2285 3068 a
2337 3016 2520 3072 Fresia
2563 3017 2908 3089 espulerant,
2954 3035 3077 3074 cum
3121 3021 3536 3077 auxiliatoribtts

1939 3104 2105 3163 Danis
2137 3109 2353 3164 reverti.
2395 3108 2643 3173 Carolus,
2687 3110 2828 3165 datis
2859 3111 3162 3176 obsidibus,
3198 3111 3530 3176 Pasvvithen,

1941 3198 2245 3254 Salomonis
2273 3200 2536 3270 legatum,
2569 3199 2821 3257 Kalendis
2842 3202 3068 3273 Augusti
3116 3204 3169 3258 in
3197 3202 3534 3274 Contpendio

227 3266 543 3351 Hludowi'ci
574 3266 715 3369 figis
744 3298 1050 3355 Germaniae
1078 3344 1090 3366 ,
1131 3303 1198 3357 ιδ
1244 3266 1516 3361 mendas
1558 3305 1703 3363 Junii
1732 3266 1833 3364 ob:
1862 3266 1907 3328 (ἶ
1940 3294 2191 3362 suscipit,
2212 3304 2267 3350 et
2290 3295 2360 3359 ei,
2392 3294 2598 3350 vicario
2625 3296 2834 3351 scilicet
2861 3295 3189 3364 Salomonis,
3212 3301 3532 3354 comitatum

223 3386 385 3441 vium
413 3385 603 3443 habuit
633 3389 684 3444 in
724 3390 923 3461 palatio
963 3390 1335 3450 Salmuntiaco
1365 3396 1669 3468 Egilonem,
1700 3398 1834 3455 Sen-

226 3494 461 3536 nensem
486 3481 977 3555 archiepiscopum,
1005 3500 1129 3541 cum
1157 3488 1404 3557 epistolis
1430 3489 1636 3546 Nicolai
1665 3505 1835 3563 papae

226 3570 301 3627 de
330 3573 673 3629 restitutione
713 3575 1035 3631 clericorum
1072 3576 1359 3635 Remensis
1402 3580 1663 3647 ecclesiae,
1707 3581 1836 3637 Vul-

226 3660 344 3716 fadi
397 3661 600 3718 scilicet
645 3672 701 3718 et
747 3666 1079 3735 collegarum
1126 3666 1264 3736 ejus.
1310 3668 1417 3724 Pro
1455 3672 1653 3740 quibus
1677 3672 1834 3729 vahle

227 3761 520 3822 satagens,
563 3762 627 3807 ut.
666 3754 719 3808 in
763 3757 877 3810 suis
922 3756 1225 3812 habeantur
1271 3762 1531 3830 gradibus
1575 3764 1832 3829 restituti,

228 3836 405 3898 multa
440 3842 751 3910 llincmaro,
784 3844 1081 3901 Remorum
1113 3849 1546 3921 archiepiscopo,
1576 3852 1833 3923 imposuit

227 3934 286 3989 in
340 3934 547 3989 eislent
583 3935 846 4005 epistolis,
886 3953 1006 4008 qute
1053 3954 1159 3995 non
1206 3955 1328 3996 esse
1372 3956 1502 3997 vera
1547 3943 1833 4013 manifesta

228 4028 451 4084 ratione
478 4030 820 4085 constabant.
853 4031 1050 4086 Attulit
1083 4032 1249 4088 etiam
1276 4034 1534 4105 praefatus
1563 4038 1833 4111 archiepi-

227 4133 436 4191 scopus
463 4120 637 4177 cidem
668 4122 865 4177 domno
902 4123 1096 4180 Carolo
1124 4126 1385 4196 epistolas
1411 4130 1651 4198 praedicti
1683 4146 1834 4202 papa

230 4217 302 4268 ad
333 4212 656 4269 Lotharium
688 4224 743 4270 et
780 4217 1066 4287 episcopos
1089 4220 1239 4290 regni
1269 4220 1388 4291 ejus
1413 4222 1480 4277 de
1505 4239 1666 4278 causa
1698 4240 1833 4281 uxo-

227 4316 352 4358 rum
385 4303 554 4370 illius,
590 4304 945 4378 Theotbergae
986 4308 1238 4363 videlicet
1287 4319 1451 4381 atque
1505 4311 1832 4383 Waldradze,

228 4398 481 4452 eamdem
516 4397 863 4456 Waldradam
894 4401 1033 4455 mitti
1063 4401 1289 4458 Romam
1314 4406 1670 4476 praecipiens;
1700 4423 1836 4478 quas

225 4486 461 4546 Carolus
501 4489 760 4547 Lothario
802 4492 1016 4548 obviam
1061 4493 1165 4549 sibi
1202 4495 1271 4549 ad
1299 4494 1634 4552 Attiniacunt
1683 4499 1835 4570 pala-

226 4578 367 4636 tium
398 4581 639 4637 venienti
675 4598 743 4638 ex
770 4591 922 4653 parte
955 4584 1123 4655 ipsius
1150 4586 1433 4655 apostolici
1464 4589 1632 4645 dedit.
1668 4590 1830 4648 lude-

1939 3384 2351 3441 Constantiuttnt
2385 3385 2407 3415 ³
2436 3396 2459 3425 ο
2491 3401 2614 3441 cum
2667 3387 2923 3443 omnibus
2957 3388 3105 3444 ﬁscis
3155 3399 3211 3444 et
3257 3390 3400 3445 villis
3443 3406 3532 3445 re-

1938 3481 2041 3550 giis
2068 3488 2121 3535 et
2144 3480 2377 3536 abhatiis
2410 3480 2464 3535 in
2491 3481 2682 3537 eodem
2711 3482 2977 3538 comitatu
3012 3483 3440 3539 consistentibus
3470 3499 3535 3539 ac

1938 3572 2103 3628 rebus
2129 3572 2457 3643 ubicumque
2498 3572 2565 3628 ad
2615 3586 2675 3628 se
2718 3573 3118 3643 pertinentibus
3154 3583 3385 3645 excepto
3420 3574 3538 3644 epi-

1938 3672 2164 3733 scopatu
2211 3664 2412 3729 donat,
2454 3672 2511 3720 et
2563 3674 2908 3721 sacramento
2958 3665 3260 3736 primorum
3310 3680 3535 3720 suorum

1938 3754 2248 3820 conﬁrmat,
2285 3765 2341 3811 et
2382 3770 2450 3817 ex
2484 3765 2641 3825 parte
2689 3755 2997 3813 Salomonis
3026 3773 3055 3811 a
3099 3754 3326 3829 prtefato
3365 3756 3536 3827 ipsius

1937 3844 2142 3899 vicario
2187 3844 2462 3901 ﬁdelitatis
2496 3856 2551 3900 et
2588 3847 2739 3916 pacis
2775 3856 2940 3918 atque
2978 3849 3270 3917 prarstandi
3315 3850 3532 3920 adjuto-

1939 3938 2079 3993 rinm
2122 3948 2311 3994 contra
2357 3938 2610 3994 inimicos
2645 3953 2776 3995 suos
2813 3950 3214 3996 sacramentum
3244 3955 3309 3996 ea
3338 3941 3530 3996 condi-

1939 4029 2087 4086 tione
2109 4029 2356 4107 suscipit,
2385 4039 2447 4087 ut
2471 4028 2730 4087 Salomon
2751 4041 2809 4086 et
2833 4029 2975 4086 ﬁlius
3003 4028 3123 4099 ejus
3145 4046 3270 4087 cum
3302 4031 3388 4087 bis
3412 4046 3535 4100 qua!

1937 4135 2097 4180 antea
2135 4125 2403 4189 habebat,
2446 4124 2549 4180 hoc
2590 4124 2791 4180 denunt
2826 4124 2991 4179 etiam
3037 4124 3302 4188 habeant,
3340 4132 3395 4178 et
3431 4122 3537 4178 Ca-

1938 4214 2055 4270 rolo
2081 4231 2148 4270 ac
2183 4214 2295 4269 ﬁlio
2320 4214 2439 4285 ejus
2477 4213 2663 4271 ﬁdeles
2693 4214 2950 4270 existant.
2986 4214 3105 4281 Quo
3130 4222 3343 4284 patrato
3369 4229 3538 4285 nego-

1939 4307 2014 4361 tio
2043 4305 2083 4369 ‘,
2134 4304 2360 4361 Carolus
2408 4306 2673 4377 synodum
2702 4307 2844 4376 apud
2869 4305 3074 4362 Trecas
3098 4306 3133 4360 8
3161 4304 3392 4361 Kalend.
3427 4304 3536 4360 No-

1938 4398 2179 4455 vembris
2223 4399 2550 4455 auctoritate
2578 4396 2783 4454 Nicolai
2830 4413 2982 4468 papae
3028 4397 3241 4462 indicit,
3276 4406 3333 4452 et
3369 4410 3534 4453 causa

1938 4488 2170 4545 venandi
2196 4505 2261 4545 ac
2286 4488 2623 4560 cxpendendi
2659 4487 2971 4543 autumnale
3001 4497 3211 4558 tempus
3236 4487 3288 4542 in
3314 4487 3535 4544 abbatia

1940 4584 2114 4640 sancti
2154 4584 2374 4640 Vedasti
2420 4592 2476 4640 et
2516 4585 2571 4639 in
2601 4583 2871 4640 Audriaca
2914 4582 3043 4640 villa
3083 4598 3147 4638 ac
3174 4581 3531 4639 circumcirca

224 4685 338 4745 que
385 4672 456 4727 ad
498 4644 844 4745 conloquium
888 4644 1078 4733 fratris
1124 4644 1207 4733 sui
1259 4681 1532 4749 perrexit,
1578 4685 1734 4740 etab
1763 4702 1830 4742 eo
1858 4644 1910 4706 Β
1939 4674 2142 4732 morari
2174 4675 2195 4707 '
2225 4674 2483 4746 άίεροηίιο

225 4775 548 4831 revertens,
587 4783 684 4837 per
715 4767 1033 4823 Lotharium
1061 4770 1114 4824 in
1141 4770 1284 4826 saltu
1310 4772 1619 4829 Arduenna:
1649 4776 1831 4830 consi-

226 4862 471 4913 stentem
520 4857 697 4912 rediit.
749 4856 816 4912 Et
861 4858 1187 4928 generaliter
1230 4875 1332 4935 per
1386 4876 1548 4917 omne
1601 4879 1826 4935 regnum

227 4957 389 5004 suum
442 4946 597 5004 hoste
650 4948 1003 5004 denuntiata.
1044 4948 1301 5019 placitum
1366 4966 1524 5007 suum
1566 4951 1824 5010 Kalendis

2013 4764 2264 4838 Synodus
2285 4765 2307 4797 ⁸
2332 4764 2736 4836 provinciarum
2792 4764 3101 4829 Remensis,
3133 4764 3533 4833 Rothotnagen-

1937 4860 2034 4926 sis,
2067 4860 2415 4923 Turonensis,
2471 4857 2747 4915 Senonum
2774 4860 2819 4925 ⁷,
2847 4857 3332 4929 Burdegalensium
3368 4866 3532 4927 atque

1937 4953 2355 5010 Bituricensium
2395 4953 2537 5025 apud
2582 4952 2784 5011 Trecas
2828 4954 2864 5010 8
2912 4950 3141 5009 Kalend.
3206 4948 3532 5009 Novembris

1465 5080 1548 5138 VA
1558 5081 1856 5142 RIANTES
1891 5082 2299 5142 LECTIONES.

304 5197 320 5229 ¹
342 5196 858 5279 ἁθῃυηοίριιιςϐιιεῃ
898 5197 928 5279 ³.
947 5197 1012 5251 ad
1036 5195 1331 5279 hudoieum
1352 5196 1449 5279 Ch.
1529 5196 1551 5229 ³
1576 5197 1915 5279 Constantini
1936 5197 2059 5279 Ch_._
2112 5197 2135 5230 δ
2165 5199 2389 5277 negocio
2411 5197 2510 5252 Ch.
2568 5196 2608 5279 γ’
2641 5195 2884 5279 morandi
2905 5196 3020 5279 .(Ih.
3086 5196 3109 5228 '
3137 5194 3271 5262 Quae
3297 5213 3528 5279 sequim-

234 5269 434 5341 tgr,od
478 5269 691 5323 verbum
716 5286 750 5341 ᾳ
788 5264 1097 5341 Elodoardo
1132 5267 1187 5320 in
1222 5267 1346 5341 hist.
1386 5265 1629 5324 Παπρησί
1670 5267 1763 5323 lib.
1803 5284 1865 5325 tu
1903 5286 1952 5324 ο.
1994 5270 2080 5325 17.
2133 5264 2392 5341 exscripta
2456 5278 2612 5336 sunt,
2686 5268 2839 5338 cujus
2899 5266 3146 5322 lectiones
3190 5283 3256 5322 ex
3296 5264 3527 5324 editione

234 5334 529 5396 Colvenerii
550 5340 746 5414 notavi.
820 5338 842 5373 τ
870 5337 1184 5394 Sennonum
1211 5335 1309 5393 Ch.

1770 5452 2008 5513 NOTAE.

306 5585 335 5617 ι
374 5572 755 5631 Conlaboratio
787 5582 871 5630 est
901 5573 1226 5639 teconomia,
1258 5569 1674 5627 administratio.

260 5696 271 5703 ,
309 5643 339 5685 δ
374 5643 703 5722 Ludovicum
754 5643 948 5722 Caroli
963 5644 1155 5722 filium
1187 5638 1219 5722 ,_'
1249 5643 1338 5722 qui
1393 5650 1575 5722 postea
1626 5638 1824 5722 Balbus

243 5716 653 5785 cognominatus
675 5726 778 5784 est,
801 5734 891 5773 an.
919 5714 1024 5773 866
1050 5715 1243 5773 Carolo
1262 5711 1495 5785 fratriin
1519 5711 1827 5785 Aquitania:

246 5782 417 5866 regth
462 5782 822 5866 successisse,
867 5790 1063 5859 prohat
1105 5788 1295 5866 charta
1344 5782 1739 5866 Belliloccnsis,
1778 5783 1830 5837 itt

240 5867 343 5926 qua
370 5857 715 5914 Godofredtts
742 5857 919 5914 come:
950 5862 1211 5931 tgtt'tsdattt
1244 5871 1329 5911 res
1356 5857 1703 5927 proprietatis
1726 5868 1837 5906 sua:

1932 5566 2143 5624 confert
2185 5563 2519 5622 monasterio
2553 5563 2911 5621 Bcllilocensi.
2968 5563 3132 5620 Facta
3191 5565 3303 5621 lure
3351 5564 3531 5622 cessio

1932 5653 2118 5694 mense
2165 5636 2422 5701 Octobri,
2470 5652 2613 5691 anno
2657 5636 2725 5689 ‘27
2772 5636 2946 5690 Caroli
2995 5636 3170 5705 regis,
3214 5645 3267 5692 et
3313 5651 3382 5690 an
3426 5653 3458 5691 ο
3499 5638 3521 5691 ι

1935 5709 2192 5765 Ludovici
2234 5708 2325 5762 ﬁlii
2364 5707 2514 5777 ejus.
2547 5708 2854 5777 Aquitania:
2882 5707 3121 5777 regionis
3156 5709 3316 5776 regis.
3360 5705 3528 5772 Bono.

2014 5790 2037 5820 ο
2079 5782 2234 5837 Circa
2263 5776 2452 5834 urbem
2478 5776 2769 5834 Coutonccs
2797 5778 2851 5831 in
2877 5776 3228 5833 Norntannia.
