4038 6322
488 442 630 503 1238

1588 437 1678 493 AD
1714 435 1942 494 orans
1998 432 2331 490 HlNCMARI
2369 400 2727 490 Arpsnutx.

3632 426 3787 482 1236

489 556 763 616 convenit.
791 557 891 612 Ubi
917 556 1136 627 quidam
1162 554 1421 625 episcopi,
1448 561 1507 608 ut
1531 551 1751 625 assolet,
1784 558 1956 621 gratia
1988 564 2072 605 re-
2099 563 2148 612 Α
2176 565 2274 606 suo
2305 565 2409 605 non
2439 532 2749 613 cessamus}
2793 545 3037 603 dicentes
3061 545 3248 609 etiam,
3283 544 3427 615 quod
3469 545 3529 599 in
3567 540 3790 597 Pascha

491 650 576 722 gis
608 648 788 706 Caroli
815 644 1071 704 Wulfsdo
1102 646 1362 709 faventes,
1396 645 1642 715 quaedam
1669 632 1855 698 contra
1887 641 2081 697 verita-

497 749 608 798 tem
652 754 718 795 ac
752 740 769 771 ί
809 752 1072 794 canonum
1138 752 1349 792 sacram
1400 735 1776 791 auctoritatem
1823 733 2081 787 adversus

494 832 847 889 Hincmarum
878 829 1051 887 moliri
1079 841 1391 901 coeperunt;
1425 829 1519 884 sed
1557 828 1726 883 isdem
1758 826 2083 903 lliucmarus

502 939 690 997 eorum
730 922 1096 978 molitionibus
1143 922 1351 978 ratione
1395 930 1451 977 et
1485 920 1808 976 auctoritate
1835 919 2083 984 obvians,

498 1016 852 1089 plurimorum
888 1014 1157 1071 sententia
1190 1013 1536 1085 praevalente,
1587 1028 1768 1067 rerum
1812 1019 2085 1081 gestarum

498 1104 746 1159 ordinem
771 1103 840 1159 de
859 1103 1057 1173 quibus
1086 1104 1364 1174 agebatur,
1391 1102 1666 1157 communi
1690 1113 1956 1155 consensu
1980 1095 2089 1166 epi-

500 1193 639 1249 stola
666 1194 928 1265 scriptum
970 1209 1066 1262 per
1105 1195 1422 1261 Actardum,
1455 1192 1819 1248 venerabilem
1857 1190 2091 1246 Namne-

503 1292 710 1340 tensem
747 1285 1092 1353 episcopum,
1126 1299 1280 1354 papa:
1317 1283 1540 1339 Nicolao
1567 1282 1803 1353 episcopi
1840 1282 1932 1350 qui
1963 1294 2091 1334 con-

502 1384 761 1433 venerant
808 1378 1256 1443 transmiserunt;
1297 1375 1452 1445 cujus
1480 1375 1718 1445 epistolae
1759 1384 1915 1429 tenor
1950 1374 2091 1427 idem

504 1468 706 1533 extitit,
738 1468 831 1538 qui
863 1466 963 1523 fuit
986 1468 1039 1523 in
1065 1467 1292 1538 epistola
1322 1467 1622 1533 Hincmari,
1663 1467 1951 1522 Remorum
1982 1465 2094 1535 cpi-

504 1560 676 1629 scopi,
725 1575 888 1629 quam
938 1574 1035 1630 per
1081 1559 1312 1615 clericos
1361 1574 1488 1616 suos
1539 1559 1638 1614 sub
1681 1558 2094 1628 peregrinorum

506 1648 692 1704 habitu
737 1658 958 1720 propter
986 1651 1384 1706 contrariorum
1418 1649 1662 1705 vitandas
1705 1649 1927 1704 insidias
1961 1662 2097 1717 prae—

507 1739 733 1795 cedente
759 1737 900 1797 Julio
930 1756 1118 1798 mense
1149 1740 1374 1796 Romam
1403 1742 1647 1796 miserat.
1679 1739 1971 1810 Epistolam
2005 1752 2099 1792 au-

508 1842 615 1886 tem
659 1832 712 1888 in
742 1834 1060 1905 praescripta
1106 1834 1312 1906 synodo
1350 1833 1548 1888 factam
1578 1842 1633 1887 et
1669 1831 2099 1900 archiepiscopo-

2184 656 2334 696 more
2360 641 2666 697 Iudaeorum
2714 653 2875 709 super
2915 638 3087 692 altare
3113 635 3317 708 pariter
3355 652 3479 690 cum
3506 634 3790 689 dominico

2183 748 2409 802 corpore
2439 748 2635 803 agnum
2683 730 3064 786 benedicamus
3108 739 3161 784 et
3205 727 3521 791 oﬂ‘cramus,
3557 740 3790 783 succen-

2185 834 2365 880 sentes
2392 825 2555 879 etiam
2597 839 2718 888 nos,
2745 823 2868 893 quia
2903 822 3083 877 clerici
3118 821 3257 892 apud
3290 834 3389 874 nos
3424 818 3631 872 barbas
3660 832 3792 872 suas

2186 918 2405 981 radunt,
2434 916 2674 970 dicentes
2703 914 2724 944 ⁸
2754 913 2879 983 quia
2926 913 3202 973 diaconus,
3233 926 3340 964 non
3370 918 3633 978 su5cepto
3664 921 3793 976 pre-

2188 1009 2496 1079 sbyteratus
2527 1006 2727 1066 cilicio.
2755 1006 2894 1075 apud
2940 1021 3037 1058 nos
3061 1003 3345 1073 cpismpus
3367 1002 3687 1056 ordinatur.
3719 996 3793 1054 De

2189 1101 2383 1173 quibus
2409 1098 2659 1154 omnibus
2701 1114 2796 1168 per
2822 1096 3060 1166 singulas
3087 1095 3393 1167 provincias
3434 1110 3463 1147 a
3515 1102 3793 1165 metropo-

2190 1192 2373 1247 litanis
2387 1206 2508 1247 cum
2539 1205 2726 1245 eorum
2753 1189 3089 1259 coepiscopis
3116 1189 3216 1243 sibi
3249 1186 3477 1242 rescribi
3508 1184 3795 1256 praecepit,

2191 1288 2467 1359 alloquens
2488 1287 2736 1339 eiimdem
2765 1284 3115 1339 Hincmarum
3143 1281 3197 1336 in
3226 1278 3471 1350 epistolae
3491 1290 3521 1318 ι
3554 1276 3665 1331 ﬁne
3697 1277 3797 1331 hoc

2193 1380 2352 1436 modo
2384 1395 2397 1433 :
2431 1396 2449 1429 ε
2487 1377 2621 1443 Tua,
2669 1377 2875 1445 inquit,
2918 1375 3085 1428 frater
3109 1375 3133 1406 ⁷
3202 1372 3530 1437 Ηίηίιηεπε,
3561 1370 3797 1423 charitas

2194 1484 2315 1524 cum
2358 1469 2497 1523 hanc
2539 1466 2821 1537 epistolam
2866 1465 3076 1536 legerit,
3108 1480 3231 1519 mox
3260 1469 3320 1519 ut
3365 1462 3539 1516 etiam
3568 1462 3638 1514 ad
3664 1462 3691 1493 ⁸
3717 1475 3798 1527 ar-

2195 1560 2590 1630 chiepiscopus,
2623 1558 2714 1629 qui
2749 1557 2801 1611 in
2834 1571 2998 1626 regno
3024 1555 3116 1609 illii
3144 1556 3313 1609 nostri
3343 1552 3559 1613 Caroli,
3583 1550 3795 1622 gloriosi

2198 1651 2369 1720 regis,
2397 1649 2701 1703 consistunt
2722 1688 2736 1712 ,
2767 1645 3063 1712 deferatur,
3096 1660 3443 1715 summopere
3479 1659 3653 1714 agere
3686 1654 3796 1697 stu—

2199 1740 2342 1805 deat,
2371 1747 2425 1793 et
2455 1749 2513 1792 ut
2552 1738 2619 1793 de
2663 1738 2748 1792 bis
2777 1737 2975 1807 singuli
3009 1738 3065 1792 in
3088 1737 3396 1795 diocesibus
3424 1736 3671 1805 propriis
3701 1750 3797 1793 Illa

2203 1845 2323 1882 cum
2368 1828 2721 1898 suifraganeis
2763 1828 2895 1891 suis,
2946 1827 2999 1881 in
3046 1824 3435 1897 cujuscumque
3484 1842 3661 1896 regno
3699 1827 3799 1881 sint

507 1937 630 1976 rum
658 1923 750 1992 qui
782 1905 1148 1981 convenerant
1176 1924 1366 1996 sigillis
1390 1924 1659 1995 signatam
1682 1923 1950 1977 Actardus
1975 1936 2098 1990 per-
2129 1905 2174 1965 Β
2201 1920 2514 1986 constituti,
2551 1919 2935 1974 convenienter
2967 1926 3200 1974 tractare
3225 1928 3279 1973 et
3310 1917 3468 1973 nobis
3498 1933 3629 1988 quae
3659 1934 3803 1989 repe-

508 2008 787 2066 i‘erendam
828 2014 1151 2084 suscipiens,
1194 2030 1317 2070 cum
1348 2015 1671 2085 quibusdam
1719 2014 1988 2085 episcopis
2030 2012 2097 2067 ad

510 2101 787 2168 Carolum,
818 2103 960 2158 sicut
1000 2105 1114 2174 ipse
1158 2117 1512 2176 praceperat,
1542 2106 1719 2160 rediit.
1748 2104 1973 2161 Carolus
2000 2120 2099 2159 au-

514 2202 621 2249 tem
671 2196 955 2252 immemor
996 2196 1272 2254 ﬁdelitatis
1302 2208 1466 2269 atque
1513 2199 1781 2265 laborum,
1824 2215 1961 2270 quos
2007 2213 2103 2270 pro

513 2287 632 2358 ejus
658 2287 866 2345 honore
892 2297 948 2345 et
989 2289 1141 2361 regni
1163 2292 1387 2349 obtentu
1429 2307 1570 2363 saepe
1595 2291 1738 2349 fatus
1780 2292 2104 2348 Hincmarus

512 2394 611 2450 per
632 2380 814 2450 plures
836 2396 1007 2439 annos
1030 2383 1293 2450 subierat,
1317 2382 1565 2439 eamdem
1590 2384 1875 2455 epistolam
1904 2384 2007 2440 sibi
2036 2384 2104 2439 ab

513 2472 751 2529 Actardo
778 2474 799 2503 '
852 2473 971 2530 dari
1006 2475 1207 2545 exegit,
1255 2484 1312 2531 et
1353 2475 1883 2547 archiepiscoporum
1931 2474 2102 2545 sigilla

514 2566 884 2637 confringens,
929 2577 1081 2640 gesta
1116 2569 1303 2640 synodi
1337 2568 1545 2641 relegit.
1579 2569 1645 2623 Et
1670 2568 1816 2638 quia,
1845 2568 1986 2624 sicut
2011 2581 2108 2624 vo-

515 2655 725 2726 luerat,
755 2659 809 2714 in
841 2660 1030 2716 eadem
1058 2660 1265 2734 synodo
1291 2659 1612 2716 Hincmarus
1639 2675 1743 2716 non
1770 2660 1953 2716 extitit
1977 2674 2108 2715 con-

519 2748 741 2814 futatus,
771 2750 1058 2821 epistolam
1087 2766 1186 2807 suo
1231 2752 1449 2808 nomine
1484 2752 1549 2808 ad
1593 2750 1870 2806 Nicolaum
1913 2765 2108 2822 papam

519 2839 713 2897 dictari
762 2841 818 2896 in
854 2842 1295 2898 contrarietatem
1348 2839 1623 2897 Hincmari
1670 2840 1818 2906 fecit,
1856 2855 2016 2911 quam
2055 2847 2113 2895 et

519 2932 663 2989 bulla
692 2933 774 2988 sui
806 2934 1041 2989 nominis
1066 2934 1338 3006 sigillavit,
1369 2944 1425 2990 et
1451 2950 1573 2990 cum
1602 2934 1828 3005 epistola
1865 2931 2112 3005 synodali

520 3039 620 3092 per
648 3024 822 3092 ipsum
857 3025 1152 3080 Actardom
1182 3025 1409 3080 Romam
1438 3014 1655 3080 direxit.
1686 3023 1902 3079 Prasfati
1929 3032 2112 3079 autem

524 3113 800 3171 llincmari
839 3116 1020 3172 clerici
1062 3118 1114 3171 in
1149 3132 1336 3173 mense
1363 3118 1606 3188 Augusto
1631 3116 1863 3189 Romam
1890 3115 2113 3171 venien—

525 3213 628 3271 tes,
669 3202 945 3260 Nicolaum
992 3221 1185 3277 papam
1221 3206 1333 3278 jam
1377 3206 1531 3262 valde
1578 3207 1907 3262 inﬁrmatam
1956 3217 2011 3261 et
2056 3206 2113 3261 in

526 3301 872 3358 contentione
910 3317 1072 3372 quam
1111 3311 1297 3358 contra
1353 3301 1664 3359 Graecorum
1705 3303 2064 3375 imperatores
2092 3301 2114 3333 ³
2141 3263 2189 3327 C

527 3391 842 3448 Michaelem
869 3403 923 3449 et
950 3395 1228 3463 Basilium,
1261 3395 1353 3452 sed
1383 3407 1436 3452 et
1464 3404 1653 3452 contra
1685 3397 1976 3452 orientales
2002 3397 2116 3467 epi-

529 3502 723 3557 scopos
755 3488 1006 3555 habebat,
1040 3504 1363 3562 magnopere
1391 3488 1727 3544 laborantem
1760 3491 2114 3557 invenerunt;

530 3586 858 3649 quapropter
881 3595 1050 3648 usque
1075 3580 1143 3633 ad
1170 3594 1412 3635 mensem
1433 3579 1747 3635 Octobrium
1770 3579 1968 3636 ibidem
1994 3589 2122 3636 sunt

494 3666 499 3673 '
533 3663 828 3721 immersti.
870 3666 1121 3722 Nicolaus
1154 3683 1282 3723 vero
1324 3683 1462 3739 papa
1500 3678 1784 3741 gratanter
1822 3670 2122 3742 suscipiens

533 3771 655 3828 quae
682 3755 1003 3813 Hincmarus
1029 3760 1337 3829 scripserat,
1368 3761 1418 3817 ei
1448 3760 1471 3794 ⁸
1497 3762 1565 3817 de
1593 3763 1844 3819 omnibus
1892 3763 1994 3820 sibi
2030 3779 2121 3821 sa-

537 3845 806 3904 tisfactum
838 3866 959 3907 esse
994 3852 1302 3924 rescripsit;
1352 3854 1449 3911 sed
1491 3863 1546 3911 et
1579 3855 1806 3911 alteram
1838 3856 2123 3927 epistolam

533 3940 712 3997 cidem
738 3951 795 3998 et
816 3945 1029 4000 caeteris
1061 3945 1483 4018 archiepiscopis
1514 3947 1568 4003 in
1598 3963 1762 4019 regno
1789 3948 1965 4005 Caroli
1994 3961 2125 4005 con-

534 4034 739 4091 stitutis
776 4036 1105 4103 transmisit,
1141 4035 1485 4094 innotescens
1526 4039 1781 4110 praefatos
1813 4038 2127 4097 Graecorum

538 4130 915 4199 imperatores,
951 4130 1044 4187 sed
1070 4140 1126 4187 et
1151 4132 1447 4190 orientales
1473 4132 1777 4204 episcopos,
1808 4132 2129 4189 calumniari

538 4230 783 4278 sanctam
827 4221 1124 4277 Romanam
1153 4221 1471 4291 ecclesiam,
1503 4223 1669 4280 immo
1711 4238 1925 4279 omnem
1955 4223 2130 4279 eccle-

536 4312 674 4369 siam
718 4326 841 4382 qua:
880 4312 1048 4369 latina
1089 4314 1262 4371 utitur
1302 4315 1516 4387 lingua,
1565 4315 1689 4386 quia
1729 4316 2040 4387 jejunamus
2075 4316 2129 4370 in

538 4404 805 4474 sabbatis,
838 4408 983 4479 quod
1014 4406 1276 4480 Spiritum
1312 4417 1560 4467 sanetum
1590 4424 1656 4464 ex
1696 4408 1855 4464 Patre
1886 4408 2133 4480 Filioque

540 4498 835 4565 procedere
857 4498 1107 4565 dicimus,
1135 4498 1261 4569 quia
1290 4499 1640 4571 presbyteros
1668 4500 1851 4555 sortiri
1876 4500 2132 4571 coniuges

544 4588 912 4659 prohibemus,
955 4597 1010 4645 et
1031 4588 1058 4624 ⁸
1081 4590 1340 4659 quoniam
1368 4593 1584 4646 eosdem
1611 4592 1958 4663 presbyteros
1987 4591 2132 4646 chri-

544 4688 721 4735 smate
771 4679 928 4737 linire
975 4682 1371 4752 baptizatorum
1418 4680 1627 4740 frontes
1672 4683 2005 4750 inbibemus;
2051 4684 2134 4739 di-

544 4783 733 4831 centes
758 4774 859 4845 ipsi
898 4772 1096 4841 Grzeci,
1140 4776 1282 4845 quod
1326 4774 1562 4833 chrisma
1606 4790 1672 4831 ex
1716 4791 1856 4846 aqua
1900 4775 2137 4833 ﬂuminis

546 4864 727 4922 Latini
778 4865 1162 4932 coniiciamus,
1216 4866 1677 4937 reprehendentes
1731 4882 1831 4923 nos
1882 4864 2133 4938 Latinos,

2206 2014 2380 2068 rcrint
2414 2028 2703 2085 suggerere
2735 2020 2945 2078 curent,
2978 2028 3072 2069 eos
3098 2012 3325 2068 incitare
3349 2027 3460 2067 non
3492 2012 3799 2084 negligant;

2202 2104 2277 2158 ita
2311 2113 2371 2157 ut
2395 2118 2584 2159 eorum
2614 2102 2875 2166 omnimn,
2898 2118 3019 2172 quae
3046 2103 3327 2173 praesentis
3352 2103 3612 2174 epistolae
3640 2102 3803 2160 nostri

2205 2197 2626 2253 circumstantiae
2679 2198 2961 2251 continent
2985 2199 3030 2263 ⁸,
3065 2204 3118 2251 tu
3152 2206 3205 2252 et
3249 2207 3513 2253 strenuus
3555 2206 3804 2252 execrata

2208 2291 2319 2346 illic
2347 2292 2570 2356 existas,
2610 2299 2663 2346 et
2707 2290 2846 2360 apud
2889 2306 2988 2346 nos
3027 2306 3192 2345 verax
3217 2299 3271 2346 et
3301 2290 3553 2361 prudens
3593 2290 3806 2360 scripta-

2208 2399 2329 2441 rum
2360 2392 2570 2439 tuorum
2616 2384 2758 2438 serie
2786 2384 2984 2439 relator
3013 2382 3328 2438 inveniaris.
3370 2381 3515 2437 Data
3550 2383 3596 2414 ι’
3628 2382 3693 2437 10
3713 2381 3805 2437 Ca-

2208 2474 2352 2530 lend.
2402 2474 2738 2541 Novembris,
2785 2475 3080 2531 indictione
3125 2476 3175 2530 l.
3229 2494 3249 2527 ι
3289 2474 3471 2543 Quam
3523 2474 3807 2545 epistolam

2210 2566 2535 2624 Hincmarns
2587 2565 2711 2623 ldus
2761 2567 2803 2598 “
2857 2566 3204 2623 Decembrias
3251 2567 3444 2638 primm
3496 2563 3810 2623 indictiouis

2212 2660 2532 2730 suscipiens,
2573 2659 2627 2714 in
2666 2658 2982 2716 Corbonaco
3018 2660 3047 2701 ιι
3090 2658 3292 2731 palatio
3330 2660 3669 2715 consisteuti
3709 2658 3809 2732 regi

2212 2751 2409 2809 Carolo
2435 2768 2557 2808 cum
2603 2750 2849 2823 pluribus
2877 2751 3148 2823 episcopis
3191 2750 3403 2822 relegit,
3451 2760 3513 2806 et
3559 2767 3662 2821 per
3690 2750 3812 2807 alios

2215 2844 2670 2913 arcbicpiscopos,
2702 2844 2843 2898 sicut
2874 2842 2925 2897 in
2959 2827 3214 2897 mandato
3241 2851 3565 2912 acceperat,
3586 2843 3814 2914 dirigere

2216 2935 2442 2991 studuit.
2496 2933 2749 2989 Nicolaus
2794 2950 2931 3005 papa
2987 2933 3110 2991 ldus
3165 2935 3414 3005 proxime
3458 2934 3813 3005 praecedentis

2217 3029 2422 3085 mensis
2464 3028 2774 3084 Decembris
2812 3028 2980 3095 obiit,
3025 3027 3110 3083 cui
3153 3029 3196 3060 η
3236 3029 3503 3084 successit
3551 3028 3809 3083 Adrianus

2219 3135 2355 3190 papa
2405 3119 2671 3174 electione
2718 3118 3040 3175 clericorum
3089 3129 3145 3177 et
3190 3136 3463 3178 consensu
3518 3119 3811 3177 Bludowici

2224 3210 2566 3281 imperatoris
2611 3213 2662 3265 in
2691 3212 3023 3282 pontificatu.
3070 3213 3242 3282 Quem
3284 3215 3565 3271 Actardus
3596 3216 3816 3272 Ruina-

2218 3304 2444 3359 veniens
2480 3318 2602 3359 cum
2649 3320 2810 3376 supra
2858 3306 3076 3375 scriptis
3120 3307 3387 3377 epistolis,
3435 3310 3489 3364 in
3520 3310 3823 3379 apostolica

2220 3397 2349 3453 sede
2369 3396 2479 3467 jam
2510 3395 2814 3452 ordinatum
2844 3397 3047 3452 invenit
3074 3397 3139 3453 ".

2294 3489 2555 3545 Arsenius
2577 3498 2779 3555 autem,
2810 3505 3021 3560 magum
3043 3490 3351 3545 calliditatis
3371 3498 3425 3544 et
3448 3490 3633 3546 nimia:
3660 3492 3834 3562 cupi-

2224 3581 2410 3637 ditatis
2457 3582 2639 3646 homo,
2687 3595 2782 3651 spe
2827 3580 2961 3636 falsa
3006 3582 3271 3637 seducens
3307 3581 3729 3650 Theutgaudum
3774 3589 3832 3638 et

2224 3673 2584 3730 Guntharium
2607 3670 2674 3729 de
2700 3674 3045 3730 restitutione
3066 3674 3323 3744 ipsorum,
3349 3682 3407 3727 ut
3427 3675 3497 3730 ab
3518 3672 3605 3729 eis
3630 3673 3829 3729 exenia

2226 3765 2529 3834 acciperet,
2565 3764 2789 3820 Romam
2819 3766 3004 3820 venire
3034 3765 3194 3832 fecit;
3226 3766 3319 3835 qui
3356 3764 3566 3820 diutius
3608 3764 3685 3819 ibi
3714 3778 3832 3819 ma—

2227 3864 2439 3922 nentes,
2479 3869 2615 3927 pene
2639 3870 2827 3912 omnes
2865 3871 2992 3912 suos
3020 3858 3354 3922 amiserunt,
3383 3855 3611 3911 tandem
3644 3864 3832 3911 autem

2228 3946 2610 4017 Tbeutgaudus
2637 3944 2833 4002 ibidem
2871 3953 3116 4002 mortuus
3143 3955 3261 4011 est,
3285 3955 3341 4000 et
3367 3943 3719 4001 Cuntbarius
3739 3943 3835 4001 vix

2228 4040 2475 4112 corporis
2504 4049 2734 4095 mortem
2764 4034 2958 4095 evasit.

2302 4131 2592 4189 Lotharius
2617 4131 3017 4200 Theutbergam
3040 4146 3262 4186 uxorem
3292 4145 3444 4185 suam
3472 4126 3713 4184 Romam
3739 4127 3836 4186 mi-

2198 4288 2203 4291 _
2232 4224 2332 4289 sit,
2365 4232 2423 4277 ut
2454 4223 2688 4294 seipsam
2723 4223 3126 4288 criminaretur,
3153 4230 3424 4293 quatenus
3455 4222 3526 4276 ab
3560 4219 3685 4289 ejus
3712 4235 3839 4277 cort-

2227 4315 2377 4386 jugio
2407 4317 2648 4387 separari
2675 4315 2897 4372 valeret.
2936 4315 3042 4371 Sed
3073 4316 3343 4372 Adrianus
3367 4329 3509 4386 papa
3536 4322 3709 4384 atque
3737 4313 3839 4369 Ro-

2233 4409 2379 4463 mani
2428 4408 2622 4464 talibus
2669 4408 2859 4464 naeniis
2910 4424 3015 4463 non
3066 4409 3381 4474 credentes,
3427 4407 3585 4479 iussa
3629 4415 3725 4463 est
3766 4405 3837 4462 ad

2236 4502 2408 4556 virum
2439 4518 2597 4557 suum
2626 4501 2842 4557 reverti.
3426 4534 3431 4537 -
3824 4564 3833 4579 .

2307 4592 2534 4647 Carolus
2579 4608 2845 4647 consensu
2885 4591 3071 4648 fratris
3108 4591 3191 4648 sui
3234 4590 3536 4647 llludowici
3568 4590 3837 4660 quosdam

2239 4682 2519 4753 episcopos
2558 4683 2627 4737 ad
2664 4681 3097 4738 Autissiodorum
3129 4684 3180 4738 in
3214 4682 3410 4737 futuris
3442 4680 3709 4738 Kalendis
3744 4680 3842 4743 Fe:

2238 4774 2446 4831 bruarii
2489 4773 2780 4829 convenire
2822 4774 3106 4844 praecepit,
3157 4781 3216 4828 ut
3262 4774 3329 4828 de
3375 4789 3542 4828 causa
3590 4756 3844 4845 Lotharii

2241 4866 2485 4938 quaedam
2531 4874 2848 4923 tractarent.
2896 4865 3122 4922 Carolus
3161 4865 3416 4937 denique,
3462 4865 3729 4936 quoniam
3775 4860 3843 4921 ab

546 4962 690 5031 quod
720 4970 845 5018 octo
878 4962 1304 5018 hebdomadibus
1332 4968 1458 5017 ante
1485 4959 1695 5017 Pascha
1732 4974 1763 5015 a
1794 4961 2036 5016 carnium
2084 4962 2141 5018 et
2242 4956 2465 5013 Acfrido
2511 4957 2784 5014 abbatiam
2824 4958 2999 5013 sancti
3040 4956 3230 5012 Hilarii
3268 4971 3389 5012 cum
3428 4953 3552 5009 aliis
3590 4951 3846 5025 plurimis

550 5061 755 5122 septem
800 5054 1229 5110 hebdomadibus
1271 5068 1303 5109 a
1341 5052 1487 5109 casei
1531 5060 1587 5108 et
1610 5066 1832 5108 ovorum
1862 5067 1959 5108 esu
1988 5067 2140 5110 more

2243 5048 2652 5151 honorabilibus
2691 5048 2969 5107 beneficiis
3008 5050 3265 5116 habente,
3313 5047 3454 5104 sicut
3495 5046 3728 5117 quidam
3766 5042 3845 5100 di-

1763 5186 2158 5244 VARlANTES
2195 5182 2603 5242 LECTIONES.

627 5305 641 5335 '
672 5316 727 5361 et
753 5303 913 5359 Flod.
999 5306 1020 5336 '
1050 5303 1118 5360 ab
1146 5303 1381 5360 Actardo
1405 5304 1504 5359 sibi
1540 5301 1699 5358 Flod.

556 5392 694 5440 mus,
726 5377 918 5431 omissa
945 5393 977 5429 a
1004 5374 1100 5430 Ch.
1131 5385 1176 5430 et
1202 5374 1268 5430 B.
1296 5391 1360 5429 ex
1385 5373 1689 5428 Flodoardo
1715 5373 1930 5429 inserui.

1852 5302 1889 5358 i.
1917 5319 1970 5375 g.
1999 5300 2160 5358 Flod.
2248 5303 2271 5336 ’⁸
2299 5307 2348 5361 ei
2379 5306 2603 5376 scripset

1852 5373 1930 5427 'ui.
2044 5374 2066 5405 ‘
2092 5382 2149 5429 et
2174 5374 2417 5432 dicentes
2447 5376 2603 5431 Flod.

2248 5303 2271 5336 ’⁸
2299 5307 2348 5361 ei
2379 5306 2673 5376 scripserat
2705 5304 2863 5360 Flod.
2952 5306 2974 5340 ⁸
2997 5314 3056 5361 et

3109 5302 3365 5375 mmmam
3410 5316 3583 5375 μιν
3631 5298 3846 5375 inhibe-

2699 5377 2723 5413 ν
2746 5377 2885 5431 deest
2916 5376 3076 5431 Flod.

3180 5318 3365 5360 omam
3416 5316 3583 5372 usque
3631 5316 3838 5357 tantae-

3180 5375 3202 5406 ⁸
3256 5374 3325 5428 ad
3375 5372 3511 5427 alios
3566 5386 3619 5425 a.
3682 5370 3838 5426 ΗΜ.

554 5443 578 5476 ⁸
603 5445 1008 5518 circumstantia
1037 5446 1275 5502 continet
1292 5443 1448 5518 Flo_d.
1497 5444 1574 5518 _“
1599 5447 1722 5518 data
1751 5461 1913 5515 usque
1950 5443 2243 5518 indictione
2263 5447 2401 5502 deest
2429 5445 2586 5502 Flod.
2668 5448 2708 5480 ¹¹
2734 5447 2853 5504 idus
2878 5448 2932 5502 d.
2956 5463 3009 5518 p.
3035 5447 3071 5502 i.
3095 5447 3236 5501 deest
3258 5442 3419 5499 Flod.
3464 5442 3506 5473 “
3532 5441 3621 5497 cui
3642 5442 3842 5498 Adria-

556 5533 723 5573 nus...
751 5516 1064 5588 pontiiicatu
1087 5517 1347 5572 successit
1368 5513 1525 5571 Flod.
1604 5516 1648 5548 ¹³
1667 5512 1933 5588 hucusque
1968 5512 2323 5572 Flodoardus.
2765 5549 2768 5552 ~

2092 5626 2316 5686 ΝΟΤίΕ.

633 5735 658 5762 α
699 5721 825 5777 Rrec
862 5722 1082 5791 epistola
1121 5722 1330 5789 integra
1373 5720 1632 5776 recitatur
1667 5720 1810 5791 apud
1846 5719 2136 5775 Baronium

561 5794 627 5845 ad
657 5792 860 5860 a.78(i7.
892 5808 1040 5845 num.
1071 5793 1157 5845 46.
1189 5808 1307 5860 sqq.
1334 5791 1502 5853 Bouo.

635 5861 662 5902 δ
704 5858 840 5916 Villa
867 5869 983 5916 erat
1009 5863 1152 5933 regis
1176 5858 1294 5935 pagi
1325 5861 1721 5935 Laudunensis,
1750 5876 1856 5920 una
1884 5863 2035 5922 leuca
2072 5865 2142 5923 ab

2244 5720 2447 5777 Axonte
2492 5729 2647 5789 porta
2686 5719 2984 5788 disparata,
3027 5717 3187 5786 vulgo
3233 5713 3503 5789 Corbeny,
3539 5714 3623 5770 vel
3666 5710 3846 5789 Saint-

2249 5783 2506 5859 Marcou;
2530 5790 2599 5848 ob
2632 5789 2690 5848 S.
2724 5783 3017 5862 Marculpbi
3048 5783 3302 5861 reliquias
3330 5802 3396 5845 eo
3434 5783 3645 5855 allatas.
3678 5783 3843 5849 Bono.
