4038 6322
233 385 481 461 δεῦτ’

1069 388 1392 460 ANNALE‘S
1432 378 1789 461 lllNClllARO
1847 376 2287 460 DUBITANTER
2327 377 2660 458 ASCRtPTl.

3364 392 3509 450 1288

232 527 477 585 xerunt,
514 506 706 575 exenia
750 531 854 573 non
896 519 1105 575 modica
1148 521 1476 591 suscipiens,
1517 526 1829 579 comitatum
1860 533 1910 593 Α
1938 520 2029 592 gni
2060 519 2225 590 ipsius
2254 516 2431 575 Caroli
2459 515 2795 579 detulerunt,
2826 512 3028 568 similes
3054 510 3294 568 dicentes
3324 512 3518 569 missas

228 612 545 669 Bituricum
592 612 708 666 sine
754 613 1041 681 prmsentia
1089 612 1230 668 illius
1270 614 1354 669 vel
1396 616 1565 689 culpa:
1609 617 1835 688 alicujus

214 704 587 774 (reputatione
627 717 656 757 a
701 701 945 758 Gerardo
985 704 1183 760 comite
1224 706 1466 774 abstulit,
1514 717 1567 763 et
1612 708 1838 780 praefato

230 797 470 854 Aefrido
507 798 674 853 dedit.
720 797 825 853 Sed
866 799 1034 855 isdem
1065 800 1315 857 Aclridus
1343 817 1506 872 super
1535 801 1836 863 Cerardum

229 890 498 944 eumdem
531 890 845 944 comitatum
876 890 1186 946 evindicare
1224 906 1331 946 non
1368 890 1565 956 valuit;
1608 910 1838 965 quapro-

229 986 363 1053 pter
390 980 620 1037 Carolus
647 996 744 1051 per
775 982 1049 1037 civitatem
1085 984 1374 1038 Retuorutn
1394 986 1675 1041 transiens
1701 987 1835 1041 Tre-

1939 611 2209 681 episcopis
2240 609 2387 680 regni
2414 606 2712 661 llludowici
2744 614 2903 675 atque
2934 603 3217 658 Hlotharii.
3238 602 3518 658 Absolutio

1939 711 2116 757 autem
2141 700 2311 770 ipsius
2338 698 2647 753 Wallrada:
2689 711 2753 751 ea
2784 686 3090 751 conditione
3128 701 3211 748 est
3252 692 3426 758 facta,
3460 701 3520 748 ut

1942 793 2222 848 lllothario
2280 792 2424 845 nullo
2479 799 2638 861 pacto
2678 790 2965 845 cohaereat.
3017 787 3287 841 Silvacum
3339 796 3518 842 autem

1939 882 2166 940 Carolus
2203 883 2544 952 perveniens,
2581 881 2909 944 Actardum,
2948 879 3362 933 Namnetenscm
3402 876 3519 947 epi-

1940 988 2183 1045 scopum,
2220 972 2386 1026 Roma
2425 972 2730 1026 venientem
2777 970 3011 1039 suscepit
3039 969 3140 1024 sibi
3186 967 3521 1023 deferentem

1938 1066 2213 1138 epistolas,
2242 1078 2469 1134 quarum
2519 1078 2621 1115 una
2670 1077 2984 1131 responsum
3034 1058 3264 1115 reddidit
3302 1059 3369 1113 de
3411 1058 3517 1123 his,

1940 1170 2059 1226 qua:
2101 1148 2319 1207 Nicolao
2354 1151 2407 1205 in
2456 1151 2843 1205 contrarietate
2895 1149 3167 1205 llincmari
3218 1148 3518 1213 mandavit,

1942 1247 2084 1301 inter
2110 1254 2305 1300 cmtera
2342 1243 2392 1298 ei
2424 1243 2723 1307 inculcans,
2753 1250 2812 1295 ut
2840 1241 2906 1296 de
2934 1250 3130 1295 caetero
3163 1254 3225 1296 ac
3262 1248 3522 1310 perpetuo

1943 1336 2067 1391 talis
2100 1334 2307 1391 inutilis
2333 1334 2559 1405 quaestio
2591 1332 2767 1403 sopita
2798 1342 3067 1396 maneret;
3101 1330 3323 1386 alteram
3349 1330 3376 1370 ἀ
3426 1347 3523 1386 au-

1941 1436 2049 1483 tem
2077 1426 2359 1497 epistolam
2399 1424 2695 1480 Hincmaro
2740 1424 2931 1479 detulit
2972 1423 3219 1477 laudilms
3255 1431 3310 1477 et
3354 1423 3523 1478 tideli-

1943 1518 2070 1573 tatis
2102 1517 2476 1573 dilectionibns
2515 1515 2536 1546 ³
2569 1515 2849 1584 repletam,
2880 1525 2932 1570 et
2954 1524 3010 1569 ut
3035 1515 3151 1582 ejus
3186 1518 3297 1568 \ice
3329 1512 3380 1567 in
3406 1510 3527 1567 istis

1942 1608 2188 1680 partibus
2225 1609 2291 1661 de
2324 1604 2584 1661 Lothario
2640 1605 2997 1675 fungeretur:
3032 1603 3245 1657 tertiam
3279 1614 3302 1642 ο
3343 1592 3525 1657 autem

229 1094 335 1134 cas
363 1078 533 1141 venit,
566 1079 795 1148 indeque
824 1079 1254 1135 Autissiodorum
1281 1080 1537 1145 adiit,ubi
1567 1078 1835 1137 Nativita-

206 1174 353 1224 'lem
386 1168 600 1224 Domini
630 1169 945 1223 celebravit.

839 1303 1103 1361 DCCCLX
1112 1305 1221 1361 Vill

307 1417 482 1473 Anno'
507 1416 610 1474 868
638 1416 865 1474 Carolus
892 1419 962 1472 ab
990 1418 1364 1473 Autissiodoro
1399 1432 1562 1489 super
1599 1418 1835 1490 Ligerim

224 1511 468 1565 ﬂuvium
497 1512 561 1565 ad
593 1510 775 1565 villam
808 1526 927 1580 quae
955 1509 1450 1565 Bellus-Pauliacus
1479 1510 1676 1565 dicitur
1706 1526 1835 1581 per-

224 1603 413 1658 venit.
448 1603 656 1658 lnterea
687 1603 934 1659 homines
967 1601 1195 1658 Gerardi
1225 1602 1442 1657 comitis
1468 1601 1747 1658 Acl'ridnm
1783 1603 1835 1658 in

214 1697 475 1764 quaedam
506 1695 632 1750 villa
665 1695 805 1751 bello
829 1697 1188 1760 conveniunt,
1221 1704 1281 1749 et
1321 1696 1445 1764 quia
1491 1696 1558 1750 de
1583 1710 1709 1749 casa
1740 1696 1836 1749 111·-
1942 1697 2365 1769 archiepiscopis
2406 1696 2635 1765 aliisque
2685 1695 2950 1764 episcopis
3000 1692 3273 1762 cisalpinis
3312 1692 3522 1757 detulit,

194 1785 485 1845 .missima
516 1784 770 1867 Acfridus
800 1787 953 1840 exire
978 1785 1180 1845 noluit,
1217 1785 1405 1853 inqua
1432 1798 1491 1839 se
1516 1784 1834 1839 recluserat.
1943 1799 2002 1844 ut
2028 1790 2154 1859 quia
2198 1789 2369 1843 isdem
2406 1787 2427 1826 ί
2470 1787 2737 1842 Actardus
2791 1801 2889 1856 pro
2932 1801 3259 1855 paganorum
3303 1776 3527 1840 infesta1

225 1878 366 1951 igne
399 1879 500 1948 ipsi
536 1894 675 1932 casa!
713 1878 949 1942 admoto,
982 1876 1259 1930 Ach-idum
1290 1891 1353 1930 ex
1393 1876 1504 1946 ipsa
1536 1875 1835 1945 expellunt,
1866 1899 1870 1956 ζ

1944 1884 2087 1939 tione
2125 1892 2182 1936 et
2224 1882 2526 1936 Brittonum
2557 1880 2909 1951 oppressione
2940 1879 2989 1932 iu
3026 1893 3119 1932 sna
3158 1878 3375 1931 civitate
3406 1876 3527 1932 tua-‘-

225 1980 290 2025 ει
341 1979 592 2025 "uncam
640 1970 713 2023 illi
759 1970 970 2038 capite.
1000 1983 1196 2038 COI‘PUS
1236 1969 1287 2022 in
1338 1968 1513 2038 ignem
1555 1968 1826 2039 rt‘jiciunl-
1936 1990 2067 2029 nere
2093 1988 2199 2027 non
2231 1980 2463 2041 poterat,
2493 1970 2539 2025 si
2575 1970 2724 2025 locus
2753 1969 3019 2032 eveniret,
3038 1970 3201 2022 etiam
3231 1968 3296 2021 de
3328 1964 3529 2021 metrdi

216 2058 399 2117 .Tunc
432 2060 659 2119 Carolus
693 2060 851 2130 quasi
890 2056 958 2113 a‘d
1002 2060 1104 2114 hoc
1141 2058 1522 2114 vindicandum
1564 2057 1829 2129 flagitium
1932 2064 2075 2133 poli,
2129 2063 2300 2117 isdem
2353 2059 2621 2115 Actardns
2669 2061 2721 2114 in
2768 2069 2995 2114 vacante
3039 2058 3259 2113 civitate
3313 2044 3530 2128 pastore

210 2166 442 2223 fagum
479 2152 777 2208 Bituricum
804 2151 965 2216 adiit,
998 2152 1051 2206 in
1081 2165 1190 2221 quo
1221 2158 1369 2206 tanta
1406 2149 1547 2205 mala
1575 2158 1631 2205 el
1658 2151 1710 2204 in
1740 2164 1831 2205 eo-
1937 2155 2260 2211 auctoritate
2291 2154 2585 2224 apostolica
2623 2153 2690 2207 ab
2716 2151 2987 2223 episcopis
3014 2151 3309 2223 provinciae
3348 2148 3524 2220 ipsius

218 2242 534 2300 :clesiarum
584 2243 992 2308 contractione,
1048 2252 1102 2298 et
1155 2243 1211 2297 in
1266 2256 1560 2313 pauperum
1609 2255 1833 2312 Oppres-
1938 2245 2325 2321 incardinetur.

226 2338 418 2400 sione,
444 2347 606 2407 atque
631 2337 683 2391 in
707 2336 947 2390 omnium
972 2335 1295 2406 ﬂagitiorum
1322 2332 1724 2398 commissione,
1748 2340 1832 2386 at-
2006 2338 2213 2405 Quarta
2253 2344 2434 2390 autem
2471 2333 2603 2389 feria
2647 2342 2769 2405 post
2816 2332 3027 2388 initimn
3072 2332 3523 2403 quadragesimae,

216 2427 917 2499 quieterraadevastatione
937 2427 1225 2481 commissa
1247 2424 1702 2487 sunt,utdiciore
1723 2438 1832 2478 non
1936 2431 2173 2486 factione
2221 2427 2437 2483 Arsenii
2500 2426 2640 2481 illius
2696 2425 2857 2495 ejus,
2913 2426 3255 2481 Eleutherins
3288 2466 3303 2491 ,
3358 2425 3525 2480 tiliam

224 2520 626 2589 possint,sicnt
647 2518 942 2575 multorum
965 2516 1193 2574 millium
1221 2517 1502 2571 hominum
1522 2514 1663 2569 fame
1688 2528 1833 2569 mor-
1935 2521 2160 2577 Adriani
2198 2534 2353 2589 papa:
2389 2519 2455 2572 ab
2502 2516 2607 2571 alio
2639 2517 3018 2588 desponsatam
3060 2515 3182 2571 dolo
3218 2515 3433 2586 decepit
3471 2518 3544 2597 et_

224 2622 462 2666 ἰιιοτυηι
485 2627 584 2681 Pro
607 2611 723 2681 ipsa
753 2610 1165 2681 depopulatione
1194 2607 1468 2662 εηῑθδιθιίο
1492 2606 1835 2660 (ίθιηοηειτίι-
1939 2615 2138 2685 rapuit,
2170 2614 2380 2677 sibique
2425 2609 2735 2681 conjunxit;
2768 2609 2911 2664 unde
2940 2608 3080 2664 idem
3123 2623 3259 2680 papa
3299 2609 3530 2664 nimium

1936 2713 2022 2762 est
2042 2701 2416 2761 contri~tatus.
2446 2700 2706 2755 Arsenius
2733 2700 2800 2756 ad
2833 2700 3204 2755 lllndovvicum
3232 2688 3530 2770 imperato-

1936 2806 2051 2846 rem
2086 2804 2317 2863 pergens
2347 2793 2399 2847 in
2432 2792 2818 2857 Beneventum,
2864 2791 3185 2846 inﬁrmitate
3208 2790 3526 2861 corripitur,

1939 2894 1993 2940 et
2028 2884 2340 2939 thestaurum
2383 2898 2539 2939 suum
2566 2882 2620 2937 in
2654 2898 2849 2939 manus
2870 2882 3192 2955 lngelbergte
3217 2884 3531 2955 imperatri-‘

1938 2977 2019 3031 eis
2069 2977 2452 3041 committens,
2503 2985 2556 3030 et
2607 2982 2666 3030 ut
2711 2976 2993 3031 dicebatur
3022 2992 3143 3032 cum
3193 2978 3531 3034 dzcmonibus

220 2705 341 2765 ait.
370 2701 622 2758 Vindicta
651 2712 829 2756 autem
850 2702 909 2756 in
927 2700 1229 2756 Gerardnm
1255 2706 1307 2753 et
1337 2696 1454 2766 ejus
1476 2697 1701 2752 comites
1722 2710 1832 2749 non

218 2793 421 2850 solum
471 2791 579 2847 ulla
628 2808 735 2847 non
779 2791 994 2856 extitit,
1043 2804 1231 2844 verum
1281 2803 1382 2843 nec
1432 2787 1534 2858 ipsi
1581 2787 1649 2841 de
1696 2797 1836 2855 pago

227 2883 488 2938 Biturica
539 2898 569 2936 a
622 2897 891 2951 quoquam
945 2880 1156 2950 expulsi
1213 2889 1359 2934 sunt.
1420 2877 1630 2932 Ablatis
1675 2876 1833 2930 deni-

226 2976 355 3044 éque
393 2988 426 3028 a
471 2972 716 3030 Rotberti
760 2973 870 3028 tilio
910 2972 1015 3037 his,
1064 2986 1184 3042 qua:
1230 2978 1350 3041 post
1388 2977 1616 3024 mortem
1666 2968 1836 3037 patris

221 3070 315 3125 οδε
366 3068 662 3123 honoribus
711 3066 880 3138 ipsius
924 3067 974 3121 ei
1030 3074 1403 3126 concesserat,
1456 3072 1513 3118 et
1557 3077 1656 3135 per
1700 3062 1837 3117 alios

1941 3073 2317 3140 confabulans,
2333 3074 2451 3129 sine
2465 3072 2846 3129 communione
2873 3073 3005 3127 abiit
3028 3072 3079 3126 in
3100 3072 3275 3126 locum
3300 3087 3459 3126 suum
3477 3080 3526 3124 δ.

222 3162 467 3228 ⁸δίκῖίθίδς
512 3160 607 3218 θεά
653 3170 711 3217 ei
755 3177 784 3214 ³
837 3159 962 3215 “ms
1009 3157 1279 3213 “almum
1326 3157 1475 3211 ιηηίδ
1518 3169 1545 3199 ⁸
1597 3156 1837 3227 [Neruis
1943 3170 2061 3238 Quo
2093 3181 2325 3236 mortuo,
2352 3172 2619 3227 Adrianus
2647 3188 2780 3242 papa
2812 3170 2952 3242 apud
2984 3170 3363 3240 imperatorem
3390 3165 3525 3220 mis-

238 3256 575 3322 honoribus,
609 3264 664 3310 et
702 3255 826 3309 data
867 3254 1037 3308 sancti
1068 3251 1257 3306 Hilarii
1296 3250 1535 3315 abbatia,
1571 3250 1870 3320 quam’is-t

1941 3278 2027 3317 sos
2073 3263 2326 3327 obtinuit,
2355 3263 2446 3333 qui
2493 3262 2776 3335 przel‘atum
2823 3261 3192 3316 Eleutherium
3228 3256 3524 3314 secundum

220 3347 372 3402 "dem
393 3346 603 3411 habuit,
631 3344 880 3399 Frotnrio
900 3342 1377 3413 Burdegalensium
1401 3340 1831 3411 archiepiscopo,

1941 3354 2085 3425 leges
2117 3349 2744 3422 Romanasjudicarent.
2786 3351 2962 3407 Isdem
2992 3365 3123 3406 vero
3163 3348 3524 3411 Eleutherius,

236 3446 410 3508 caput
437 3435 629 3505 jejunii
671 3445 797 3491 ante
829 3436 845 3467 ⁸
880 3443 1129 3489 sanctum
1158 3433 1570 3503 quadregesima
1610 3433 1677 3487 ad
1719 3446 1834 3486 mo-

1941 3447 2164 3501 consilio
2188 3456 2247 3500 ut
2270 3445 2447 3501 fertur‘
2467 3444 2654 3501 fratris
2691 3447 2772 3500 sui
2816 3443 3112 3507 Anastasii,
3149 3458 3307 3513 quem
3338 3438 3529 3494 biblio-

238 3528 545 3583 nasterium
578 3527 752 3582 sancti
781 3524 1022 3596 Dionysii
1063 3524 1244 3589 rediit,
1269 3535 1324 3578 et
1351 3524 1475 3580 inde
1511 3522 1836 3578 Silvanectis

1941 3536 2238 3594 thecarium
2268 3538 2293 3577 ιι
2344 3537 2602 3593 Romana:
2652 3536 2896 3592 ecclesia:
2935 3534 2986 3590 in
3038 3534 3263 3589 exordio
3305 3528 3525 3586 ordina-

226 3620 494 3689 ?pervenit
514 3620 557 3671 ³.
591 3619 909 3673 Nortmanni
938 3633 1070 3674 vero
1090 3632 1187 3687 per
1212 3617 1449 3688 Ligerim
1476 3618 1834 3671 ascendentes

1941 3630 2099 3684 tionis
2128 3644 2239 3684 suae
2278 3628 2554 3683 Adrianus
2582 3626 2963 3692 constituerat,
2989 3623 3361 3693 Stephanium,
3394 3634 3529 3675 uxo-

236 3708 553 3764 Aurelianis
577 3709 924 3777 perveniunt,
947 3716 1003 3761 et
1030 3715 1251 3776 accepta
1284 3708 1484 3777 prada,
1518 3707 1736 3775 impu‘ue
1763 3707 1833 3760 ad

1941 3735 2053 3773 rem
2084 3720 2250 3787 ipsius
2274 3717 2564 3788 pontificis,
2593 3727 2648 3773 et
2676 3715 2793 3786 ejus
2818 3715 2983 3770 tiliam
3008 3729 3169 3784 quam
3202 3712 3303 3765 sibi
3353 3706 3531 3780 rapuit

240 3815 406 3858 suum
451 3798 811 3855 diversorium
858 3800 1107 3855 redeunt.
1152 3798 1380 3854 Carolus
1430 3815 1559 3855 vero
1608 3799 1834 3854 sabbato

220 3900 378 3949 ~ante
397 3890 607 3963 palmas
638 3891 707 3946 ad
751 3891 1142 3946 monasterium
1172 3891 1345 3945 sancti
1381 3889 1620 3962 Dionysii
1653 3891 1828 3954 rediit,

238 3979 436 4051 ibique
454 3981 655 4051 pascha
684 3979 999 4036 celebravit.
1030 3980 1099 4036 Et
1134 3980 1260 4036 inde
1294 3987 1420 4035 ante
1450 3993 1614 4051 quam
1657 3978 1834 4034 Silva-

238 4087 373 4127 cum
402 4073 617 4139 adiret,
649 4073 884 4129 secunda
913 4073 1003 4128 die
1028 4072 1370 4143 rogationum
1397 4071 1696 4134 Adventio,
1727 4070 1835 4128 Me-

224 4164 485 4219 tensinm
512 4166 782 4235 episcopo,
811 4173 869 4220 et
902 4164 1218 4220 Grimlaudo
1248 4164 1301 4227 δ,
1338 4163 1576 4220 Lotharii
1618 4163 1832 4219 cancel-

214 4254 421 4319 vlario,
449 4254 817 4310 deferentibus
853 4255 1110 4326 epistolas
1144 4255 1371 4310 Adriani
1406 4270 1586 4326 papae,
1624 4256 1833 4326 accepit

233 4334 410 4403 etiam
437 4359 461 4388 ε
506 4348 609 4403 sibi
637 4350 921 4416 directam,
943 4350 996 4405 in
1024 4364 1130 4421 qua
1159 4349 1326 4405 isdem
1350 4348 1677 4420 apostolicus
1694 4364 1834 4420 βιω-

236 4439 416 4510 cepit,
446 4449 507 4494 ut
535 4456 701 4512 regno
724 4440 1022 4499 illudowici
1054 4442 1404 4512 imperatoris
1434 4452 1499 4496 ac
1528 4454 1698 4513 regno
1726 4441 1833 4499 Ln-

240 4532 413 4586 tharii
470 4532 669 4588 nullam
717 4531 1022 4590 molestiam
1067 4535 1323 4605 ingerat;
1376 4533 1603 4588 alteram
1648 4542 1829 4589 autem

1928 3808 2232 3873 interfecit,
2268 3817 2324 3861 et
2352 3808 2523 3862 isdem
2545 3807 2888 3861 Eleutherius
2911 3820 2943 3859 a
2972 3805 3153 3860 missis
3182 3799 3527 3873 imperatoris

1937 3900 2154 3953 occisus
2182 3906 2287 3953 est.
2328 3897 2603 3952 Adrianus
2643 3911 2772 3952 vero
2806 3909 2945 3966 papa
2991 3909 3327 3964 congregans
3361 3906 3528 3963 syno-

1936 3989 2084 4053 dum,
2119 3987 2488 4059 supradictum
2518 3986 2863 4043 Anastasium
2889 3987 2990 4039 hoc
3017 3983 3197 4048 modo,
3225 3984 3364 4038 sicut
3395 3981 3526 4037 sub-

1930 4082 2222 4153 sequitur,
2273 4087 2395 4151 post
2450 4080 2826 4136 damnationes
2871 4078 2922 4133 in
2976 4094 3098 4134 eum
3149 4076 3286 4133 latas
3328 4077 3529 4133 iterum

1933 4173 2315 4229 condemnavit
2339 4190 2351 4226 :

2008 4308 2136 4363 Ha'c
2174 4311 2228 4364 in
2267 4310 2491 4381 imagine
2525 4308 2581 4363 in
2616 4308 2802 4364 dextra
2829 4316 2978 4378 parte
3004 4307 3199 4376 scripta
3227 4314 3368 4361 sum.

2011 4462 2031 4496 ι
2070 4442 2464 4514 lmperantibus
2487 4442 2719 4498 dominis
2763 4440 3000 4505 nostris,
3034 4435 3295 4493 Lothario
3322 4444 3377 4490 et
3418 4431 3526 4490 Lu-

1936 4537 2125 4592 dovico
2148 4536 2425 4608 Augustis,
2447 4532 2649 4591 mensis
2676 4532 2986 4590 Decembris
3001 4531 3088 4587 die
3112 4529 3319 4586 decima
3347 4536 3523 4596 sexta,

228 4624 532 4696 .epistolam
560 4628 628 4684 de
655 4629 995 4687 absolutione
1017 4626 1321 4685 Waldradte
1345 4628 1412 4682 ad
1439 4628 1725 4699 episcopos
1746 4641 1834 4683 re-
1859 4617 1912 4680 D
1939 4629 2238 4686 indictione
2270 4628 2399 4683 14..

324 4850 325 4853 γ
1304 4842 1305 4845 γ
1477 4762 1867 4825 ῩΑΒΙΑΝΤΕΞ
1903 4761 2309 4820 LECTIONES.

321 4879 341 4912 ι
383 4876 549 4935 Forte
584 4876 861 4952 legendum
889 4885 1015 4935 ante
1042 4875 1414 4948 caputjejunii
1435 4882 1637 4932 sanctae
1673 4872 2123 4945 quadragesimae.
2159 4872 2327 4939 Bono.
2403 4875 2426 4907 ³
2465 4874 2711 4948 perrexit
2740 4874 2840 4929 Clu.
2917 4872 2938 4904 ³
2978 4870 3363 4928 directionibus
3386 4866 3483 4924 Cit.

1764 5006 1997 5070 ΝΟΤΕ.

323 5148 350 5177 ι
389 5132 449 5189 Id
475 5141 561 5188 est
583 5132 727 5197 latis,
755 5130 995 5188 ablatis.-

254 5258 261 5267 ,
325 5206 353 5247 ι»
390 5202 736 5260 Grimlandus
761 5202 877 5263 sive
896 5200 1283 5269 Crimblandus
1305 5200 1359 5259 in
1388 5198 1632 5257 Lotharii
1663 5199 1839 5269 diplo-

256 5266 400 5331 mate
443 5289 540 5345 pro
578 5266 916 5345 Theotberga
961 5266 1104 5327 anno
1138 5271 1244 5327 866
1273 5271 1355 5327 vel
1377 5271 1479 5327 867
1508 5266 1747 5328 occurrit
1782 5270 1837 5325 in

197 5403 210 5414 _
260 5342 457 5400 Murat.
497 5344 715 5413 Antiqq.
738 5342 869 5414 iltal.

330 5428 353 5457 ε
400 5415 522 5471 Haec
560 5410 782 5485 epistola
821 5426 935 5485 non
968 5412 1317 5485 egstat-inter
1354 5412 1527 5468 editas
1550 5430 1579 5485 :7
1615 5410 1838 5485 Adriani

258 5485 483 5558 epistola
522 5482 609 5540 ad'
630 5484 960 5558 Ludovicum
996 5482 1301 5558 Germaniae
1336 5484 1632 5558 τρίβῳ-ἀεὶ
1650 5483 1839 5558 eodem

261 5551 592 5630 argumento
608 5555 819 5627 vulgata
848 5562 930 5612 est
961 5570 993 5610 a
1013 5552 1229 5610 Labbeo
1261 5551 1566 5611 tomo'VllI.
1592 5551 1796 5610 Concil.
1820 5591 1836 5618 ,

258 5642 364 5781 1ῗῖιὲ
369 5669 381 5681 ’
398 5627 774 5781 ἓξὲξξξῖἓξὶθ
802 5695 1169 5781 'diei_turhda‘ta
1197 5710 1308 5781 xtl-l-
1328 5690 1454 5781 ldus
1474 5686 1676 5781 “Martii
1707 5692 1846 5781 Lig-

259 5758 1182 5896 grabapdiiaesraﬁabbeotomo
1197 5758 1554 5835 WllConcil.,
1578 5758 1846 5841 paggsos.

304 5853 533 5908 ουρυιτ.

2021 5144 2041 5167 ·
2080 5128 2237 5184 Edita
2258 5135 2341 5185 est
2362 5128 2480 5183 haec
2508 5126 2731 5196 epistola
2760 5141 2789 5179 a
2819 5123 3034 5179 Labbeo
3056 5132 3199 5196 temo
3221 5121 3342 5196 _Vlll
3380 5122 3525 5196 Cone

1946 5199 2068 5266 cil.,
2101 5216 2223 5326 pag.
2257 5199 2382 5255 901.
2415 5192 2607 5279 Exstat
2641 5196 2856 5256 ibidem,
2885 5210 3008 5276 pag.
3045 5192 3172 5249 906.
3205 5194 3428 5277 Adriani
3458 5195 3526 5251 ad

1946 5272 2123 5326 ipsum
2209 5270 2454 5325 ctardum
2482 5266 2730 5326 epistola.
2755 5282 2860 5326 qua
2888 5281 2936 5320 et
2964 5264 3348 5322 consolattoms
3365 5260 3526 5321 θεὶξῇ

1945 5260 2123 5341 ipsum
2161 5260 2454 5341 Kctardum
2482 5266 2730 5341 epistola,
2755 5282 2860 5336 qua
2886 5260 2936 5320 ei
2959 5260 3348 5322 consolationis
3365 5260 3529 5321 ωδε

1945 5338 2165 5414 pallium
2196 5338 2458 5414 concedit.
2482 5338 2656 5414 pono.

2025 5412 2040 5450 ¹
2088 5414 2162 5467 De
2187 5409 2421 5465 Actardo
2443 5406 2515 5462 cf.
2537 5405 3149 5467 Hincmarinemensis
3161 5407 3399 5477 archiep.
3417 5406 3532 5477 epi-

1948 5482 2142 5538 stolam
2174 5481 2262 5535 45.

2024 5554 2049 5593 ³
2086 5553 2161 5608 ld.
2189 5560 2272 5607 est
2312 5550 2364 5604 in
2394 5548 2682 5604 infernum.

2021 5623 2047 5662 δ
2083 5600 2684 5676 iﬁia‘siisiiisiéie’alios
2712 5627 2796 5675 est
2822 5618 2889 5674 ab
2926 5617 3214 5675 Anastasio
3242 5600 3535 5674 Bibliothe-

1951 5694 2121 5823 alio,
2146 5692 2237 5750 cui
2258 5690 2393 5748 Vita:
2416 5688 2730 5761 pontiﬁcum
2756 5688 3125 5747 Romanormi
3142 5690 3531 5749 attribuuntur.

2033 5781 2118 5833 na.
2524 5775 2541 5787 '
2870 5792 2877 5795 -
3266 5806 3271 5814 .

3021 5919 3031 5925 .
3038 5914 3149 5924 ..σο-..-
