4038 6322
499 338 640 399 ηδε)

1569 347 1664 404 AD
1701 345 1933 404 OPERA
1973 347 2323 407 HINCMARI‘
2351 351 2713 413 APPENDIX.

3670 355 3828 422 tato

502 457 1181 549 Eumenicotioguant
1192 458 1451 549 fecitrilseo
1472 462 1741 549 ερίιςορηε
1776 463 1842 519 de
1867 464 2104 521 Anasta-
2130 471 2182 534 Α
2208 469 2261 525 in
2292 471 2520 529 ecclesia
2551 473 2695 529 beati
2729 466 2879 533 Petri
2919 478 3148 549 apostoli
3180 490 3368 537 maiae
3386 479 3581 547 Iunio,
3602 481 3703 538 die
3727 482 3821 548 19.

792 531 871 586 sio
889 532 1211 604 presbytero,
1240 540 1289 586 et
1311 531 1506 602 postea
1527 531 1814 589 Adrianus.

578 661 599 696 ο
628 642 740 700 Leo
758 643 1067 715 episcopus,
1090 658 1282 699 servus
1310 658 1594 700 servorum
1622 645 1737 700 Dei.
1763 646 2105 709 Anastasius,

500 736 791 808 presbyter
818 735 1059 791 cardinis
1082 736 1256 791 nostri
1274 776 1291 802 ,
1315 750 1476 807 quem
1510 737 1563 792 in
1604 738 1762 793 titulo
1788 740 1932 795 beati
1960 740 2108 795 Mar-

502 826 626 885 cel'li
656 826 1052 893 ordinavimus,
1084 826 1285 898 quique
1313 829 1571 884 secedens
1604 830 1674 886 ab
1697 844 1763 887 eo
1796 832 1865 887 ad
1905 831 2109 889 alienas

504 918 797 991 parochias
851 916 1057 988 absque
1098 927 1286 981 nostra
1331 921 1626 991 pontiﬁcali
1672 922 1900 978 scientia
1939 924 2111 980 demi-

504 1019 691 1083 gratus
715 1016 817 1077 est,
851 1023 1012 1080 quem
1041 1025 1143 1081 per
1163 1011 1363 1069 missos
1388 1024 1445 1068 et
1471 1013 1683 1071 litteras
1705 1023 1922 1071 nostras
1946 1031 2107 1072 voca-

502 1101 684 1158 vimus
707 1142 722 1168 ,
752 1109 810 1157 et
848 1118 950 1175 pro
985 1118 1095 1175 quo
1130 1104 1381 1161 dominos
1420 1106 1780 1176 imperatores
1819 1108 2108 1180 supplicati

501 1207 603 1264 per
650 1193 848 1250 missos
871 1203 1112 1261 nostros,
1142 1205 1203 1252 ut
1228 1211 1352 1252 eum
1391 1198 1456 1252 ad
1492 1214 1645 1255 suam
1679 1200 1991 1270 parochiam
2020 1216 2107 1258 re-

498 1284 622 1343 dire
642 1283 921 1356 juberent,
951 1288 1045 1358 qui
1079 1304 1222 1344 nunc
1253 1289 1358 1344 huc
1388 1290 1405 1321 ¹
1435 1307 1575 1348 nunc
1608 1292 1735 1348 illuc
1757 1293 2020 1349 latitando
2049 1294 2104 1350 in

501 1373 619 1445 ipsa
637 1377 1029 1451 demigratione
1044 1378 1427 1449 perbiennium
1450 1390 1691 1436 moratus
1704 1395 1811 1445 est.
1829 1394 1884 1439 et
1913 1386 1979 1438 ait
1999 1385 2106 1439 dno

504 1474 734 1523 vocatus
745 1468 977 1523 concilia
993 1476 1178 1524 nostra
1193 1470 1420 1526 minime
1434 1474 1602 1538 venit,
1617 1475 1712 1528 sed
1735 1489 1909 1544 neque
1922 1475 2106 1531 inven-

505 1571 595 1615 tus
621 1568 738 1624 est;
772 1562 922 1632 quia,
952 1570 1011 1616 ut
1036 1563 1405 1633 praediximus,
1435 1565 1605 1621 veluti
1644 1568 1762 1622 ovis
1799 1584 1989 1627 errans
2015 1585 2110 1624 ex-

504 1651 712 1707 traneis
751 1654 1060 1721 regionibus
1097 1666 1365 1711 suadente
1395 1657 1612 1715 diabolo
1641 1660 1857 1716 occulte
1888 1661 2102 1717 inhabi-

500 1740 678 1809 tabat,
703 1746 999 1801 secundum
1031 1749 1294 1804 canonica
1328 1750 1574 1807 instituta
1619 1768 1689 1808 ex
1731 1753 1823 1810 Dei
1850 1756 2100 1825 omnipo-

505 1832 673 1890 tentis
694 1842 749 1889 ct
774 1836 916 1892 beati
938 1836 1085 1894 Petri
1114 1839 1343 1910 apostoli
1369 1850 1662 1915 nostraque
1697 1845 1858 1900 simul
1888 1856 2105 1915 aposto-
2133 1830 2178 1890 Β

500 1922 607 1980 lica
633 1926 958 1984 auctoritate
1003 1928 1074 1984 ab
1109 1930 1273 1987 hodie
1315 1934 1386 1988 sit
1416 1936 1802 1992 communione
1834 1938 2101 2007 privatus,

501 2018 677 2074 donec
708 2019 825 2090 ipse
853 2036 987 2077 meae
1022 2024 1245 2093 speciali
1287 2028 1593 2096 praesentiae
1630 2029 1685 2085 in
1720 2033 1988 2087 canonico
2017 2030 2103 2099 ju-

498 2107 648 2164 dicio
672 2108 835 2165 fuerit
863 2124 1242 2183 praesentatus,
1269 2126 1324 2172 ct
1353 2119 1398 2174 si
1431 2134 1535 2175 non
1569 2121 1797 2189 venerit,
1821 2130 2119 2193 nunquam

504 2199 892 2255 communicet.
922 2220 941 2253 ι

572 2287 706 2345 Post
744 2289 1048 2348 Romanum
1093 2296 1405 2365 pontiﬁcem
1433 2299 1486 2353 in
1520 2299 1624 2355 hac
1667 2302 2102 2359 excommunica-

503 2376 651 2435 tione
675 2391 1067 2438 consenserunt
1089 2386 1529 2458 archiepiscopus
1551 2387 1884 2446 Ravennatis
1904 2398 1960 2445 et
1986 2390 2102 2446 Μθω

500 2468 853 2536 du-laueusis,
879 2472 1078 2543 aliique
1099 2491 1333 2533 numero
1362 2480 1703 2551 septuaginta
1732 2480 1991 2552 quinque.

612 2559 745 2617 Πίσα
774 2565 829 2618 in
855 2564 1083 2637 imagine
1109 2567 1163 2622 in
1193 2569 1411 2624 sinistra
1435 2582 1584 2643 parte
1608 2574 1805 2644 scripta
1841 2583 1987 2630 sunt.

576 2669 598 2704 ι
636 2651 749 2709 Leo
796 2655 1083 2727 episcopus
1107 2699 1122 2723 ,
1173 2676 1366 2743 seryus
1401 2678 1685 2720 servorum
1734 2663 1828 2721 Dei
1863 2707 1878 2730 ,
1917 2667 2097 2722 omni-

498 2741 605 2800 bus
628 2745 898 2817 episcopis
922 2787 938 2813 ,
969 2741 1304 2823 presbyteris
1325 2793 1342 2819 ,
1376 2754 1696 2813 diaconibus
1719 2796 1732 2815 .
1757 2758 2100 2814 subdiaconu-

499 2835 623 2903 bus,
653 2848 710 2893 et
732 2840 1002 2898 universis
1029 2843 1247 2905 clericis
1281 2856 1591 2920 coneteque
1612 2851 1811 2921 populo
1834 2852 2102 2909 Christia-

503 2943 598 2984 no.
629 2929 784 2998 Quod
810 2930 947 2990 bene
974 2949 1039 2990 ac
1080 2936 1314 3007 pleniter
1339 2942 1619 2998 vobiscum
1660 2944 1860 3008 simus,
1893 2946 2100 3002 charis-

502 3021 626 3076 siini
677 3021 907 3092 fratres,
961 3027 1133 3101 scitis.
1187 3028 1343 3086 Nunc
1393 3032 1590 3089 iterum
1642 3050 1744 3106 pro
1791 3036 2000 3093 cautela
2046 3048 2101 3093 ct

503 3114 769 3170 memoria
837 3127 1142 3187 temporum
1206 3122 1516 3179 futurorum
1566 3126 1840 3185 dilectioni
1904 3139 2100 3186 vestra:

2211 563 2505 621 indictione
2530 568 2781 636 superius
2824 569 3084 626 adnotata
3103 611 3122 637 ,
3144 571 3396 629 similiter
3430 572 3821 645 promulgari-

2211 673 2365 715 mus:
2389 667 2465 715 sit
2491 659 2583 715 ille
2609 675 2639 715 a
2667 662 2873 718 sanctis
2895 661 3231 720 Patribuset
3249 680 3282 720 a
3300 665 3465 722 nobis
3487 666 3816 732 enati-en,

2209 762 2267 808 et
2295 770 2489 812 omnes
2512 757 2607 829 qui
2633 757 2685 813 ei
2713 758 2829 815 sive
2876 759 2943 823 in_
2973 759 3261 824 electione,
3306 761 3451 831 quod
3496 760 3677 826 absit,
3722 770 3822 817 at

2209 845 2554 915 pontiﬁcatus
2577 847 2787 907 honore
2812 848 3139 919 adjutorium
3158 860 3421 920 praestare
3433 851 3523 907 vel
3548 851 3823 911 solati.

2208 936 2590 1009 quodcumque
2636 930 2938 1007 voluerint,
2987 941 3153 996 simili
3196 942 3534 999 anathemati
3566 942 3590 977 ⁸
3620 941 3819 1013 Iulli:-

2207 1035 2386 1082 ceant.
2413 1047 2433 1081 ι

2278 1118 2410 1175 Post
2459 1120 2764 1179 Romanum
2820 1123 3134 1195 pontiﬁcem
3187 1125 3242 1180 in
3295 1126 3401 1183 hoc
3454 1127 3820 1185 anathemate

2210 1220 2603 1271 consenserunt
2641 1215 2910 1284 Joannes,
2955 1219 3398 1291 archiepiscopus
3444 1219 3816 1288 Ravmmh's,

2208 1303 2497 1377 Notlingus
2518 1318 2545 1348 ι
2562 1315 2617 1361 et
2645 1306 2966 1377 Sigill’redus
2989 1307 3041 1373 ιν,
3074 1309 3317 1380 episcopi
3352 1309 3541 1366 domui
3566 1312 3816 1381 impera-

2210 1396 2369 1461 toris,
2397 1404 2452 1451 et
2479 1412 2575 1451 sex
2606 1397 2846 1467 episcopi
2875 1398 2942 1453 ad
2974 1400 3293 1468 praedictum
3331 1401 3815 1471 archiepiscopu-

2210 1488 2566 1559 pertinentes,
2595 1504 2826 1559 quorum
2867 1491 3113 1562 notitiam
3143 1507 3252 1548 non
3294 1493 3615 1558 recolimus.
3642 1494 3814 1551 etali

2212 1588 2318 1633 tam
2342 1595 2411 1635 ex
2437 1580 2681 1636 Romana
2708 1582 2841 1638 urbe
2867 1598 3030 1653 quam
3050 1600 3125 1638 ex
3144 1583 3267 1639 aliis
3288 1598 3523 1641 numero
3540 1585 3814 1655 quinqua-

2208 1671 2355 1741 ginta
2388 1687 2485 1728 sex
2513 1712 2529 1737 ,
2562 1673 2769 1744 absque
2796 1674 3134 1744 presbvteris
3159 1683 3217 1730 et
3249 1675 3579 1731 diaconibus
3606 1683 3815 1731 saneta

2210 1764 2469 1822 [tentante
2495 1765 2775 1822 Ecclesiae.
3700 1774 3703 1783 ‘

2401 1894 2572 1968 Super
2599 1896 2777 1953 valvas
2799 1908 3074 1969 argenteas
3095 1900 3208 1955 hac
3231 1900 3429 1971 scripta
3452 1900 3627 1955 sunt:

2286 2050 2306 2074 α
2337 2030 2391 2086 In
2445 2031 2665 2088 nomine
2715 2031 2922 2099 Patris,
2976 2040 3031 2088 et
3062 2032 3206 2098 Filii,
3238 2041 3296 2089 et
3330 2032 3581 2106 Spiritus
3614 2037 3808 2095 sancti.

2210 2122 2409 2194 incipit
2436 2134 2625 2179 sancta
2654 2138 2719 2179 ac
2760 2119 3074 2180 veneranda
3119 2126 3378 2197 synodus,
3406 2142 3536 2197 qua:
3572 2143 3679 2199 per
3714 2127 3813 2185 Do-

2210 2219 2341 2273 mini
2370 2219 2598 2289 gratiam
2626 2228 2682 2273 et
2705 2220 2825 2289 ejus
2857 2219 3101 2275 divinum
3148 2219 3441 2277 consilium
3475 2231 3809 2295 consaepta

2209 2318 2291 2365 est
2340 2311 2392 2364 in
2437 2309 2670 2367 ecclesia
2720 2310 2864 2365 beati
2912 2309 3059 2366 Petri
3103 2313 3371 2381 apostoli,
3413 2329 3570 2370 anno
3604 2315 3810 2371 su'lieu

2210 2401 2556 2470 pontiﬁcatus
2588 2402 2920 2456 sanctissimi
2951 2417 3019 2458 ae
3056 2404 3356 2474 coangelici
3395 2406 3807 2465 anniversar-

2210 2492 2390 2561 quarti
2415 2507 2570 2562 papa:
2597 2491 2796 2548 Leonis
2824 2494 3088 2564 septimo,
3124 2501 3289 2566 atque
3314 2495 3807 2554 invictissimum-

2209 2583 2451 2639 Lotharii
2503 2598 2569 2639 ac
2620 2583 2881 2642 Ludovici
2934 2586 3329 2657 imperatorum
3383 2603 3541 2645 anno
3602 2588 3806 2659 impetit

2207 2675 2621 2747 quadragesimo
2646 2676 2886 2733 secundo
2920 2687 2972 2741 α,
3002 2693 3186 2735 mense
3217 2679 3509 2737 Decembri
3546 2681 3641 2736 die
3668 2689 3806 2738 octa-

2207 2781 2300 2832 vo,
2329 2767 2622 2823 indictione
2654 2766 2708 2821 2.
2743 2766 2800 2823 lu
2831 2768 2932 2823 hac
2955 2769 3226 2846 siquidem
3248 2777 3442 2827 sancta
3470 2785 3549 2829 ac
3583 2786 3804 2827 venera-

2208 2857 2301 2912 bili
2331 2857 2558 2929 synodo,
2600 2856 2813 2915 Domini
2842 2858 3133 2914 solatiante
3157 2859 3334 2930 gratia
3380 2859 3805 2917 nobilius-cele-

2208 2950 2384 3015 brata,
2413 2958 2533 3021 post
2556 2950 2798 3006 diversas
2825 2950 3205 3022 episcoporum
3234 2952 3704 3025 sacerdotuqu
3726 2951 3804 3009 vel

2208 3043 2532 3099 clericorum
2561 3053 2724 3114 atque
2751 3043 2995 3099 omnium
3022 3042 3467 3100 Christianorum
3489 3046 3619 3116 pias
3639 3060 3705 3101 ac
3720 3060 3803 3101 sae

2209 3136 2457 3192 lutil'eras
2486 3134 2883 3192 admonitiones
2907 3144 2962 3193 et
2984 3137 3397 3194 exhortationes
3416 3137 3697 3207 depositus
3714 3144 3799 3194 eu

503 3208 795 3303 cognitum
810 3222 931 3264 esse
952 3210 1203 3268 volumus
1226 3216 1521 3282 quomodo,
1554 3217 1848 3291 instigante
1876 3236 1942 3279 ac
1975 3238 2102 3278 sua-
2127 3197 2173 3261 (ἶ
2201 3226 2348 3299 juste
2393 3235 2558 3297 atque
2605 3228 2869 3284 canonice
2915 3228 3238 3303 Anastasips
3260 3269 3277 3294 ,
3329 3197 3627 3301 presbyter
3665 3229 3803 3285 ιὶιιιὶὶ

502 3293 666 3351 dente
690 3294 927 3364 diabolo,
949 3300 1292 3371 Anastasius,
1317 3306 1601 3379 presbyter
1628 3313 1868 3368 cardinis
1901 3315 2098 3388 nostri,

502 3402 665 3457 quem
690 3405 791 3472 nos
818 3391 873 3446 in
915 3393 1072 3451 titulo
1101 3396 1248 3452 beati
1278 3397 1515 3456 Marcelli
1547 3403 1946 3472 ordinavimus,
1973 3421 2104 3463 con-

504 3486 590 3535 tra
629 3470 831 3537 statuta
879 3484 1098 3542 Patrum
1151 3491 1487 3559 provinciam
1518 3470 2106 3567 ecclesiamqucldese-

506 3581 667 3637 rens,
709 3587 835 3628 ecce
876 3572 990 3643 jam
1021 3592 1118 3645 per
1142 3580 1496 3649 quinquennii
1518 3583 1539 3614 ²
1571 3593 1784 3656 tempus
1814 3589 1867 3643 iu
1897 3589 2106 3647 alienas

509 3661 801 3728 parochias
831 3664 976 3719 velut
1016 3668 1135 3723 ovis
1171 3683 1364 3728 errans
1402 3673 1699 3745 discurrit,
1727 3693 1886 3751 quem
1917 3682 2105 3749 etiam,

503 3757 831 3815 auctoritate
859 3760 1063 3818 sulfulti
1106 3766 1368 3824 canonica
1389 3809 1403 3831 ,
1434 3772 1750 3841 apostolicis
1776 3774 1973 3831 litteris
2010 3792 2109 3848 per

503 3848 725 3905 tertiam
756 3860 1119 3925 quartamque
1147 3857 1320 3914 vicem
1350 3864 1683 3921 vocavimus.
1714 3866 1785 3921 At
1814 3869 1902 3921 ubi
1929 3868 2109 3924 redire

507 3941 742 4037 distulit,
773 3948 880 4004 duo
905 3965 1005 4021 pro
1029 3968 1098 4009 eo
1132 3955 1510 4028 episcoporum
1551 3944 2108 4037 concilia'cougrega-

505 4032 710 4104 vimus,
734 4053 964 4108 quormn
990 4056 1261 4103 conventu
1294 4065 1414 4105 cum
1452 4050 1570 4121 ejus
1603 4069 1711 4110 non
1737 4032 2108 4126 potuissemus

512 4128 697 4186 videre
724 4132 808 4187 vel
849 4134 1050 4193 habere
1081 4141 1372 4209 specialem
1415 4149 1792 4215 priesentiam,
1830 4152 2105 4208 communi

508 4230 634 4272 eum
664 4221 884 4280 decreto
907 4235 1093 4282 sancta
1117 4232 1498 4291 communione
1525 4236 1884 4306 privavimus,
1916 4241 2106 4296 volen-

511 4315 595 4364 tes
644 4311 909 4383 siquidem
958 4332 1111 4374 suam
1160 4338 1259 4393 per
1312 4324 1476 4395 hujus
1530 4332 2111 4391 excommunicationis

511 4415 798 4460 censuram
825 4406 893 4462 ad
940 4413 1206 4480 gremium
1256 4426 1494 4484 sancite,
1535 4435 1567 4475 a
1611 4436 1718 4491 qua
1754 4423 2106 4491 discesserat,

2202 3321 2377 3377 sancti
2404 3320 2666 3383 Marcelli,
2697 3321 2930 3391 eoquod
2978 3329 3170 3376 contra
3221 3321 3612 3377 auctoritatem
3648 3337 3811 3378 cano-

2204 3411 2384 3466 nicam
2412 3408 2687 3482 propriam
2724 3408 3035 3480 parochiam
3063 3408 3086 3440 ⁶
3112 3409 3441 3465 deseruisset
3472 3425 3583 3479 per
3627 3422 3817 3466 annos

2205 3505 2415 3563 scilicet
2440 3504 2703 3575 quinque,
2736 3512 2794 3559 et
2824 3502 2880 3559 in
2917 3502 3094 3558 aliena
3125 3503 3195 3557 ad
3223 3516 3383 3574 usque
3418 3502 3579 3557 hodie
3609 3503 3821 3560 denu)-

2206 3606 2383 3662 ratur,
2408 3608 2466 3651 et
2511 3609 2687 3666 neque
2727 3603 2955 3651 vocatus
2980 3610 3159 3666 neque
3195 3594 3714 3651 excommunicatus
3758 3603 3818 3651 et

2207 3690 2275 3744 ad
2325 3690 2575 3745 ultimum
2617 3688 3132 3754 anathematizatus,
3186 3690 3330 3744 sicut
3381 3687 3450 3743 de
3493 3681 3678 3744 eo’in
3712 3689 3812 3745 hac

2207 3781 2415 3853 synodo
2442 3780 2683 3837 veridica
2713 3780 2929 3850 pictura
2959 3779 3335 3844 demonstrat,
3369 3779 3442 3835 ad
3474 3787 3812 3850 congregata

2209 3876 2316 3930 duo
2342 3889 2442 3945 pro
2465 3887 2533 3927 eo
2558 3872 2940 3943 episcoporum
2966 3871 3198 3929 concilia
3227 3872 3418 3929 venire
3450 3871 3663 3936 noluit;
3692 3871 3814 3929 ideo

2211 3975 2321 4022 tam
2355 3984 2384 4021 λ
2413 3980 2626 4022 summo
2677 3965 2934 4036 pontiﬁce
2974 3979 3249 4037 quamque
3275 3965 3347 4021 ab
3386 3963 3671 4020 universis
3702 3965 3817 4034 cpi»

2209 4061 2389 4131 scopis
2418 4068 2549 4115 tunc
2575 4059 2784 4131 synodo
2821 4059 3271 4130 praesidentibus,
3296 4058 3556 4115 videlicet
3583 4072 3818 4114 numero

2210 4150 2492 4222 sexaginta
2523 4160 2754 4221 septem,
2782 4150 2853 4206 ob
2889 4166 3047 4207 suam
3090 4150 3313 4207 stultam
3360 4149 3659 4207 audaciam
3696 4163 3815 4205 ne-

2210 4242 2339 4305 rito,
2367 4250 2428 4296 ut
2454 4240 2825 4310 praediximus,
2849 4249 2932 4297 est
2958 4240 3237 4312 depositus
3260 4250 3318 4297 et
3351 4240 3691 4298 sacerdotali
3722 4240 3818 4296 bo-

2210 4348 2345 4390 nore
2396 4332 2672 4405 privatus,
2713 4348 2857 4389 anno
2888 4332 3143 4404 denique,
3184 4346 3372 4391 mense
3399 4347 3467 4390 ac
3511 4332 3603 4389 die
3648 4340 3817 4404 atque

2212 4423 2509 4480 indictione
2537 4430 2598 4478 ut
2626 4437 2811 4493 supra.
2847 4442 2866 4475 ι

512 4494 993 4615 matris'Ecclesize
1022 4518 1310 4615 personam
1340 4510 1616 4615 reducere.
1654 4513 1762 4568 Sed
1795 4516 2096 4604 apostolica
2130 4553 2185 4615 Β
2282 4513 2406 4615 Hoc
2428 4528 2598 4615 usque
2760 4511 3188 4615 pontifex-scribi
3208 4511 3552 4615 jussit..Post

514 4585 721 4639 monita
749 4590 1029 4660 sanctique
1056 4598 1270 4652 concilii
1300 4615 1400 4669 pro
1428 4602 1595 4657 nihilo
1620 4604 1828 4660 ducens
1846 4645 1862 4670 ,
1897 4592 2105 4662 erroris

511 4672 760 4730 irretitus
794 4678 1048 4750 caligine,
1076 4686 1256 4743 redire
1282 4687 1589 4748 nullatenus
1626 4692 1815 4750 voluit.
1846 4695 2102 4763 Proinde,

517 4766 656 4822 sicut
688 4768 961 4830 Ravenna:
992 4774 1014 4807 ⁸
1047 4777 1206 4834 nobis
1245 4781 1566 4852 degentibus
1610 4786 1676 4842 de
1697 4802 1764 4843 eo
1793 4787 1845 4844 in
1873 4787 2105 4846 ecclesia

412 4868 415 4871 ‘
513 4860 657 4916 beati
699 4863 893 4922 Vitatis
916 4870 1171 4941 martyris
1190 4887 1375 4930 mense
1397 4873 1557 4943 Maio,
1582 4877 1670 4933 die
1689 4878 1784 4945 29,
1811 4878 2131 4936 indictione

512 4951 712 5023 prima,
753 4971 851 5014 ore
887 4963 1109 5034 pi'Oprio
1149 4965 1609 5037 promulgavimus
1635 4968 1677 5035 ⁵,
1727 4986 1869 5026 nunc
1907 4971 2104 5027 iterum

2212 4620 2345 4662 vero
2384 4604 2498 4675 jam
2541 4605 2670 4661 dicti
2699 4603 2899 4662 Leonis
2923 4647 2941 4673 ,
2973 4605 3150 4677 digna:
3196 4604 3473 4661 memoriae
3520 4602 3817 4676 prmulis,

2213 4699 2329 4769 ipse
2379 4697 2873 4752 anathematizatus
2917 4705 3085 4768 atque
3136 4695 3417 4767 depositus
3461 4690 3816 4759 Anastasius,

2212 4786 2459 4843 saeculari
2495 4790 2735 4856 potentia
2779 4787 2997 4843 rediens
3041 4787 3110 4842 ab
3152 4788 3386 4853 abditis,
3423 4786 3631 4858 quibus
3676 4786 3817 4843 sicut

2211 4876 2654 4945 furiatitavcrat,
2703 4869 2857 4945 locis,
2906 4879 3171 4936 diabolica
3217 4878 3407 4936 fraude
3448 4877 3817 4951 inretitusqm

2212 4968 2466 5041 caligine,
2496 4970 2765 5027 latronum
2810 4984 2965 5030 more
3008 4971 3172 5039 hanc,
3217 4986 3382 5043 quam
3408 4985 3521 5028 non
3549 4968 3819 5028 debilem

1755 5080 2148 5140 VARIANTES
2187 5082 2589 5142 LECTIONES.

591 5180 609 5213 ⁸
649 5196 795 5239 nunc
835 5185 940 5240 huc
986 5187 1127 5243 deest
1184 5190 1328 5261 apud
1363 5190 1460 5246 Ch.
1514 5200 1565 5246 et
1598 5190 1694 5259 3.,
1728 5195 1819 5265 qui
1857 5204 2032 5250 tamen
2075 5194 2203 5300 iure
2253 5213 2315 5251 su

591 5251 830 5300 Ravenna
861 5255 958 5300 (ΪΙι,
1034 5258 1057 5290 ι
1095 5258 1253 5300 doni,
1288 5259 1364 5300 (TI.
1464 5262 1487 5296 ι
1525 5263 1870 5300 ancilia-uola
1898 5263 1975 5300 m.
2134 5281 2315 5300 ...ι-ην.

513 5249 538 5282 ⁸
570 5250 831 5311 Ravenna
861 5255 959 5311 Ch.
1034 5258 1057 5290 ⁸
1095 5249 1260 5318 ἀθεεὶ.
1288 5259 1386 5318 Ch.
1464 5262 1487 5296 ⁸
1523 5249 1870 5321 anathemate
1898 5249 1999 5322 Chi.

2354 5198 2605 5277 ριεηάᾳῃι
2650 5210 2842 5259 censet.
2921 5203 2942 5235 ⁸
2975 5203 3407 5277 quinquennium
3454 5210 3678 5276 tempus
3716 5203 3813 5259 cs.

2134 5267 2471 5338 partechiam
2511 5267 2609 5327 Ch.

2058 5382 2289 5443 NOTAE.

587 5499 616 5573 Ill
652 5487 953 5573 Episcopus
980 5491 1295 5573 Brigensis.

585 5555 617 5643 ξι
652 5555 882 5643 Χξάθιηὶ·
907 5577 1029 5643 esse
1060 5562 1410 5643 Sigisfredus,
1434 5565 2053 5643 _l_lcgien_sisiepiscopus.

588 5629 753 5704 {Hic
798 5635 924 5687 anni
975 5629 1187 5704 imperii
1222 5629 1468 5691 Lotliarii
1518 5629 1583 5694 ac
1630 5629 1887 5698 Ludovici
1933 5629 2111 5698 'simul

516 5697 941 5780 coniunguntur.
984 5697 1172 5780 Annus
1213 5707 1359 5761 enim
1386 5706 1647 5780 Lotharii
1692 5711 1759 5765 57
1791 5727 1914 5767 cum
1954 5697 2109 5769 anno

512 5766 773 5824 Ludovici
824 5771 859 5824 5
901 5774 1221 5842 coniunctus
1248 5818 1263 5843 ,
1306 5778 1484 5834 reddit
1537 5796 1737 5835 annum
1777 5766 2107 5854 ts’imbéiii

2217 5516 2428 5584 eorum.
2473 5505 2646 5584 Porro
2684 5509 2827 5584 istud
2860 5508 3151 5584 concilium
3190 5512 3493 5584 Romanum
3534 5512 3588 5568 in
3630 5508 3818 5584 praefa-

2218 5575 2365 5658 tione
2402 5578 2645 5634 habitum
2677 5581 2880 5658 dicitur
2906 5599 2978 5658 ;_¢
3011 5575 3814 5658 Hlotharii~ac_[lludovi'ci'im-

2214 5657 2530 5725 pera_to_rum_
2559 5666 2702 5725 anno
2731 5653 2945 5725 imperii
2980 5664 3170 5725 eorum
3215 5656 3250 5711 5
3276 5664 3331 5713 et
3370 5654 3463 5723 57,
3497 5653 3813 5713 mense'De-

2213 5718 2448 5788 cembri,
2479 5721 2568 5779 die
2606 5724 2660 5793 5,
2692 5718 2878 5783 indict.
2906 5724 2963 5780 2.
2994 5744 3015 5780 ι
3048 5724 3217 5792 Bono.
