4038 6322
213 225 374 285 ηις
1133 235 1452 297 ANNALES
1490 236 1847 300 HINCMARO
1883 245 2327 307 DUBITANTER
2362 252 2697 314 ASCRIPTI.
3409 263 3546 321 1242

209 337 507 438 introire,
564 345 861 404 ecclesiam
913 341 1153 418 invasit,
1198 353 1347 409 velut
1393 356 1641 412 ethnicus
1694 366 1857 432 atque
1884 364 2019 423 Ase
2042 368 2486 438 petens—quod
2519 370 2620 425 sibi
2655 372 2850 427 totiens
2894 373 3235 431 interdictum
3283 376 3548 434 fuerat-o

204 434 555 536 barbarus,
603 441 1060 511 adperditionem
1087 461 1197 502 sua:
1222 448 1418 502 animae
1448 457 1610 519 atque
1650 453 1862 521 pericu-
1964 460 2166 512 temere
2220 459 2544 529 usurpavit,
2592 477 2659 518 ac
2708 464 2931 518 vetitum
2979 464 3154 521 locum
3209 470 3545 536 conscendit,

209 524 345 583 lum
399 528 592 599 huius
620 536 941 591 veneranda:
984 538 1175 609 synodi
1219 553 1342 593 cum
1375 539 1489 595 suis
1517 543 1861 612 aequissimis
1961 544 2092 599 satis
2119 555 2300 602 nostra
2327 524 2555 606 ecclesia
2582 558 2941 611 murmuravit
2971 565 3026 611 et
3052 568 3369 614 murmurat.
3402 524 3549 620 Sane

211 623 661 722 consentaneis
703 632 885 730 atque.
913 627 1236 729 sequacibus
1275 629 1541 730 picturam
1594 631 1864 713 destruxit
1961 637 2005 691 si
2042 636 2125 691 vel
2178 638 2245 693 ab
2288 641 2421 697 urbe
2473 642 2644 699 Roma
2692 649 3012 730 quantisper
3058 650 3407 719 discesserit,
3451 667 3550 730 vel

212 708 681 811 imaginemque
735 714 753 746 ⁸
802 713 1041 784 deiecit,
1099 733 1263 788 quam
1319 720 1664 777 beatissimus
1723 708 1861 793 papa
1961 731 2322 786 sacerdotium
2347 733 2431 789 vel
2454 708 2757 796 clericalem
2780 708 3015 811 aliquem
3036 743 3279 799 ordinem
3307 708 3420 800 sive
3446 708 3547 801 mi:

212 800 604 908 Benedictum
654 815 817 878 atque
858 811 1103 883 egregius
1153 814 1484 870 restauravit
1531 822 1587 870 et
1632 815 1862 872 luciiluis
1961 822 2244 878 nisterium
2265 827 2800 901 quodlibetrepetere
2819 800 3550 908 adtrecipereprzcsumpse—

214 895 541 997 coloribus
576 899 874 956 decoravit.
1960 911 2052 974 rit,
2081 912 2204 980 quia
2238 911 2262 944 ‘
2292 924 2477 972 contra
2502 895 2701 976 statuta
2728 895 3074 992 praefatorum
3099 895 3389 997 praesulum
3419 895 3550 984 con-

305 1006 328 1038 ‹
377 987 687 1046 Adrianus
704 992 1008 1064 episcopus,
1041 1010 1228 1051 servus
1255 1010 1531 1053 servorum
1564 997 1679 1053 Dei.
1702 996 1861 1054 Omni
1962 1003 2534 1074 traqueiusjurandum
2569 1015 2711 1080 quod
2728 987 3003 1084 pollicitus
3030 987 3133 1083 est,
3158 1034 3450 1090 numquam
3484 1035 3547 1077 se

215 1078 331 1135 Dei
383 1082 663 1139 ecclesia:
691 1091 878 1140 notum
921 1094 1024 1151 est,
1075 1087 1204 1158 quid
1253 1087 1569 1144 Anastasius
1621 1097 1862 1160 tempore
1961 1094 2030 1149 ab
2058 1096 2192 1150 urbe
2234 1097 2354 1167 plus
2394 1099 2464 1155 40
2494 1078 3160 1175 millibus-abscessurum,
3189 1078 3337 1164 nec."
3365 1124 3546 1166 sacer-

217 1172 735 1241 prmdecessorum
764 1184 1073 1233 nostrorum
1106 1178 1421 1250 pontiﬁcum
1466 1181 1718 1252 gesserit,
1766 1182 1860 1237 sed
1961 1184 2169 1241 dotium
2209 1188 2290 1243 vel
2321 1192 2544 1259 gradum
2602 1192 2867 1250 clericalis
2909 1211 3030 1252 esse
3074 1172 3358 1254 ministerii
3412 1199 3548 1269 peti-

217 1266 288 1316 et
313 1263 591 1335 qualiter
615 1265 684 1321 ob
710 1267 762 1322 id
794 1268 815 1298 ⁸
854 1267 923 1323 de
949 1268 1037 1323 illo
1064 1278 1267 1325 sancta
1318 1270 1713 1327 recordationis
1747 1271 1860 1327 Leo
1959 1289 2163 1346 turum,
2216 1279 2395 1337 facere
2438 1284 2735 1351 videbitur,
2784 1302 2907 1342 cum
2949 1289 3202 1344 omnibus
3251 1263 3546 1346 factoribus

221 1362 287 1411 et
315 1354 701 1426 Benedictus,
732 1361 917 1416 eximii
945 1362 1240 1432 praesules,
1281 1362 1634 1429 instituerint,
1682 1364 1860 1434 palam
1960 1372 2337 1426 consentaneis
2359 1382 2412 1426 et
2433 1375 2755 1443 sequacibus
2788 1377 2900 1432 suis
2924 1378 3256 1433 anathemati
3279 1378 3546 1447 perenni'

222 1457 322 1506 est
348 1453 615 1508 cunctis.
646 1452 884 1520 Quorum
915 1468 1056 1511 unus
1084 1471 1209 1512 eum
1236 1456 1505 1528 deposuit,
1542 1472 1860 1514 excommu-
1960 1461 2256 1531 subiaceat.
2299 1463 2512 1517 Prolata
2561 1465 2614 1519 in
2661 1477 2954 1536 conspectu
3004 1468 3171 1524 totius
3204 1478 3406 1524 sanctm
3435 1467 3545 1524 Ro-

1958 1568 2133 1609 manae
2158 1554 2410 1609 Ecclesiae
2433 1565 2559 1610 ante
2588 1558 2731 1611 hunc
2761 1559 3007 1613 eumdem
3034 1560 3377 1614 Anastasium
3405 1559 3546 1629 apud

1962 1652 2204 1697 sanctam
2274 1642 2570 1700 Praxedem
2640 1648 2915 1716 positum,
2988 1663 3130 1703 anno
3200 1650 3547 1717 pontiﬁcatus

226 1539 468 1596 nicavit
519 1551 582 1598 et
611 1544 1112 1611 anathematizavit,
1158 1545 1298 1601 alter
1343 1562 1472 1602 vero
1506 1546 1861 1602 sacerdotali-

222 1629 346 1686 bus
391 1632 720 1703 exspolians
763 1636 1135 1702 vestimentis,
1168 1636 1309 1693 inter
1337 1637 1505 1693 laicos
1534 1637 1590 1692 in
1618 1652 1860 1692 commu-

226 1721 417 1779 nione
470 1726 705 1795 recepit.
752 1726 1017 1783 Decessor
1046 1728 1229 1798 itaque
1256 1738 1441 1785 noster
1480 1728 1854 1783 sanctissimus
1884 1716 1932 1776 Β
1961 1734 2142 1790 domni
2192 1735 2411 1790 Adriani

224 1832 387 1887 papa
421 1816 712 1897 Nicolaus,
756 1834 880 1877 cum
917 1829 1130 1891 postea,
1174 1821 1220 1876 si
1270 1821 1501 1876 ﬁdeliter
1542 1837 1672 1893 erga
1722 1837 1851 1878 san-

227 1918 398 1965 ctam
463 1909 770 1965 Romanam
833 1911 1117 1967 ecclesiam
1166 1912 1485 1979 incederet,
1536 1914 1589 1967 in
1645 1914 1853 1985 gremio

231 2001 372 2071 pari
407 2000 579 2055 modo
614 2002 908 2071 recepisset
947 2002 1234 2069 Ecclesia);
1280 2005 1375 2059 sed
1400 2002 1690 2060 inﬁdelitas
1732 2002 1851 2072 eius

229 2101 401 2145 nunc
452 2091 512 2145 in
550 2098 756 2146 tantum
809 2093 1077 2163 apparuit,
1116 2102 1179 2148 ut
1227 2103 1348 2164 post
1398 2094 1850 2165 deprzedationem

229 2182 586 2253 patriarchii
633 2185 804 2238 nostri
851 2184 1288 2257 ablationemque
1337 2189 1675 2259 synodalium
1716 2190 1851 2245 scri-

232 2285 571 2344 pturarum,
602 2289 739 2344 quas
775 2286 884 2331 tam
935 2292 1099 2346 super
1146 2292 1205 2333 se
1256 2293 1420 2348 quam
1459 2294 1621 2348 super
1666 2281 1850 2350 hujus-

234 2364 399 2420 πιοόὶ
435 2379 470 2418 a
494 2366 853 2421 sanctissimis
896 2368 1215 2436 praesulibus
1256 2369 1484 2425 diversis
1519 2372 1849 2442 temporibus

232 2456 511 2513 decretas
556 2469 834 2530 repererat
882 2460 927 2526 ³,
980 2462 1377 2518 institutionem
1427 2479 1641 2534 quoque
1685 2480 1848 2519 vene-

236 2549 443 2604 randae
502 2552 689 2621 synodi
740 2552 809 2605 ab
853 2554 983 2623 ipsis
1027 2556 1229 2609 sanctis
1272 2554 1616 2623 pontiﬁcibus
1650 2556 1846 2611 factam

238 2650 421 2712 atque
498 2643 597 2697 sub
667 2645 1079 2715 interpositione
1148 2647 1510 2702 anathematis
1584 2659 1845 2704 retactam

245 2733 456 2791 violari
507 2735 664 2790 nobis
709 2736 1056 2805 subripiendo
1108 2737 1335 2804 fecerit,
1388 2748 1444 2794 et
1493 2740 1738 2796 homines
1779 2741 1846 2796 ad

241 2828 636 2885 seminandum
682 2833 826 2887 inter
857 2821 1141 2905 "piissimos
1166 2837 1439 2908 principes
1469 2846 1523 2893 ct
1552 2837 1845 2894 Ecclesium

242 2917 347 2973 Dei
377 2920 679 2977 discordias
717 2939 815 2993 per
855 2939 1039 2979 muros
1080 2926 1240 2997 hujus
1269 2928 1505 2985 civitatis
1534 2946 1682 2985 more
1712 2929 1847 2986 furis

244 3008 411 3064 exire
458 3012 715 3082 coegerit,
750 3016 1146 3086 quemdamquc
1172 3017 1540 3089 Adalgrimum
1570 3020 1637 3074 ad
1667 3019 1845 3074 eccle-

247 3101 395 3156 siam
448 3100 753 3173 confugium
796 3105 1082 3163 facientem
1131 3110 1301 3166 oculis
1336 3120 1391 3167 et
1416 3112 1597 3184 lingua
1643 3115 1843 3183 privari

188 3233 194 3239 .
250 3195 609 3266 suggesserlt.
640 3195 798 3254 Modo
834 3215 984 3266 vero,
1019 3202 1339 3258 sicutunulti
1363 3216 1605 3261 vestrum
1633 3223 1846 3264 mecum

250 3299 282 3338 a
327 3287 565 3356 quodam
611 3291 928 3362 presbytero
986 3295 1386 3365 consanguineo
1435 3296 1575 3367 eius,
1630 3299 1847 3355 nomine

245 3370 463 3439 Adone,
505 3378 751 3446 audistis,
783 3388 837 3434 et
861 3380 982 3436 aliis
1008 3382 1182 3439 modis
1222 3386 1377 3440 nobis
1418 3388 1712 3442 revelatum
1740 3397 1842 3455 est,

247 3463 639 3524 beneﬁciorum
667 3486 881 3543 quoque
911 3483 1219 3531 nostrorum
1250 3477 1552 3544 immemor,
1570 3478 1844 3535 hominem

249 3558 323 3611 ad
374 3557 740 3616 Eleutherium
771 3565 951 3630 misit,
983 3568 1278 3624 exhortans
1324 3571 1613 3630 homicidia
1654 3587 1846 3643 perpe-

251 3649 414 3713 trari,
445 3664 582 3719 quae,
629 3652 771 3707 sicut
819 3655 991 3720 scitis,
1040 3659 1176 3728 proh
1223 3658 1375 3714 dolor
1419 3661 1558 3715 facta
1604 3672 1748 3717 sunt.
1776 3664 1845 3718 Et

251 3740 377 3800 ideo
424 3760 522 3815 pro
573 3744 659 3800 his
705 3747 954 3802 omnibus
1003 3758 1057 3803 et
1107 3766 1206 3820 pro
1255 3752 1374 3807 aliis
1401 3754 1608 3819 multis,
1649 3755 1844 3825 quibus

248 3833 540 3890 coclesiam
575 3832 788 3890 Domini
820 3837 1049 3906 perculit
1090 3848 1252 3911 atque
1279 3840 1435 3907 laesit,
1466 3858 1628 3912 quam
1676 3845 1841 3899 etiam

249 3924 492 3984 subdolis
544 3928 1034 3987 machinationibus
1102 3932 1362 3988 hactenus
1432 3936 1658 3990 tundere
1736 3950 1841 3992 non

248 4015 500 4084 desistit,
547 4028 869 4077 auctoritate
922 4022 1017 4078 Dei
1060 4025 1445 4096 omnipotentis
1492 4027 1843 4098 omniumque

247 4116 561 4165 Sanctorum
606 4110 843 4167 Patrum
876 4129 938 4170 ac
988 4118 1417 4172 vcnerandormn
1489 4119 1839 4175 conciliorum

244 4202 738 4275 praedictorumque
787 4206 1102 4277 pontiﬁcum
1148 4210 1306 4265 simul
1348 4219 1404 4265 et
1438 4206 1623 4278 iudicii
1671 4212 1839 4267 nostri

245 4294 518 4351 sententia
546 4297 839 4363 sancimus,
886 4298 1034 4355 illum
1068 4301 1316 4357 eumdem
1346 4302 1689 4358 Anastasium
1720 4318 1841 4360 esse

2449 1779 2464 1803 ,
2528 1740 2722 1793 summi
2781 1740 3054 1810 pontiﬁcis
3119 1749 3174 1797 et
3227 1743 3547 1798 universalis

1952 1839 2119 1894 papae,
2165 1826 2339 1895 primo
2366 1842 2463 1896 per
2500 1827 2535 1880 4
2584 1826 2706 1883 ldus
2732 1827 3002 1896 Octobris,
3042 1831 3332 1887 indictione
3375 1833 3431 1887 2.
3483 1851 3503 1885 ι

2027 1916 2316 1971 Lotharius
2359 1930 2668 1988 suspectum
2699 1920 2904 1975 habens
2940 1920 3213 1987 Carolum,
3246 1923 3311 1977 ad
3341 1921 3546 1980 lliudo-

1951 2010 2145 2065 wicmn
2176 2024 2234 2064 se
2274 2010 2466 2065 iterum
2495 2011 2739 2076 contulit,
2772 2020 2826 2066 et
2858 2012 3090 2068 obtinuit
3145 2022 3203 2068 ut
3230 2030 3544 2071 sacramen-

1953 2108 2064 2154 tum
2093 2101 2166 2153 illi
2197 2100 2310 2154 ﬁeri
2340 2116 2406 2155 ex
2432 2115 2526 2154 sua
2558 2110 2714 2170 parte
2749 2101 2975 2166 faceret,
3006 2111 3277 2173 quatenus
3306 2103 3359 2157 in
3388 2102 3535 2159 nullo

1951 2200 2273 2259 nocumento
2322 2189 2396 2243 illi
2445 2190 2606 2254 foret,
2653 2188 2696 2243 si
2753 2189 2806 2243 in
2861 2188 3144 2260 coniugem
3192 2190 3544 2247 Waldradam

1950 2281 2256 2348 actiperet;
2293 2279 2477 2350 sicque
2523 2280 2589 2333 ad
2630 2280 2888 2349 palatium
2937 2281 3267 2336 Attiniacum
3319 2282 3384 2336 ad
3415 2297 3545 2338 con-

1950 2372 2188 2442 loquium
2234 2370 2413 2426 Caroli
2464 2370 2631 2429 venit.
2677 2372 2857 2440 ibique
2904 2371 3161 2441 placitum
3206 2372 3436 2442 accepit,
3487 2380 3547 2427 ut

1948 2472 2073 2532 post
2104 2462 2313 2515 futuras
2342 2460 2610 2514 Kalendas
2650 2459 2900 2516 Octobris
2930 2461 3090 2516 simul
3134 2462 3329 2516 iterum
3359 2462 3547 2532 loque-

1951 2561 2154 2605 rentur.
2210 2550 2435 2605 Carolus
2485 2558 2665 2606 autem
2720 2566 2818 2620 per
2858 2560 3040 2607 curtes
3087 2553 3261 2623 regias
3310 2553 3360 2606 in
3402 2567 3544 2625 pago

1948 2642 2290 2698 Laudunensi
2321 2643 2682 2699 consistentes
2714 2658 2968 2715 pergens,
3001 2642 3371 2709 Hincmarum,
3402 2644 3546 2699 Lau-

1950 2736 2246 2789 dunensem
2277 2734 2610 2805 episcopum,
2645 2734 2792 2788 nullo
2820 2735 3075 2805 episcopo
3103 2750 3215 2790 suae
3246 2735 3541 2807 provincia:

1949 2828 2188 2892 conscio,
2210 2828 2398 2898 jussit,
2428 2836 2485 2882 ut
2513 2829 2580 2883 ad
2608 2843 2802 2883 causas
2825 2844 2969 2894 suas,
3006 2830 3059 2884 id
3082 2837 3169 2884 est
3199 2830 3267 2885 ad
3298 2829 3542 2884 seculare

1942 2921 2229 2992 judicium,
2276 2921 2597 2976 advocatum
2628 2937 2782 2977 suum
2826 2923 3009 2990 daret,
3046 2940 3148 2994 pro
3176 2939 3242 2979 eo
3271 2924 3415 2994 quod
3441 2922 3542 2979 be-

1950 3015 2141 3070 neﬁcia
2193 3015 2514 3085 quiliusdam
2562 3016 2676 3071 suis
2720 3015 3029 3072 hominibus
3074 3016 3313 3071 abstulit.
3363 3015 3540 3072 Isdem

1951 3114 2132 3160 autem
2167 3107 2454 3176 cpiscopus
2498 3120 2556 3161 se
2587 3106 2912 3173 reclamans,
2961 3107 3102 3176 quod
3154 3107 3342 3163 relicto
3367 3104 3543 3162 eccle-

1951 3199 2171 3254 siastico
2188 3197 2394 3267 judicio
2425 3216 2529 3253 non
2560 3200 2782 3254 auderet
2807 3198 3053 3255 seculare
3078 3199 3537 3269 adireiudicium,

1950 3288 2091 3345 sicut
2131 3289 2180 3343 ei
2201 3287 2414 3356 iussum
2452 3288 2644 3353 fuerat,
2691 3290 2757 3343 ad
2791 3288 2968 3344 locum
3002 3290 3336 3343 nominatum
3368 3303 3532 3344 secu-

1948 3380 2079 3436 laris
2103 3380 2289 3450 iudicii
2337 3397 2444 3436 non
2493 3381 2660 3446 venit,
2690 3381 2783 3435 sed
2808 3396 3002 3436 causas
3028 3396 3139 3436 sum
3186 3377 3533 3449 impossibilio

1949 3472 2076 3528 tatis
2105 3474 2215 3543 regi
2252 3473 2548 3528 mandavit.
2580 3473 2694 3528 Rex
2729 3482 2912 3527 autem
2941 3472 3166 3529 Carolus
3188 3470 3386 3540 iubens
3412 3470 3540 3526 inde

1946 3564 2204 3633 quasdam
2247 3564 2492 3634 judicare
2556 3565 2718 3620 etiam
2770 3563 2998 3619 infames
3060 3578 3357 3634 personas,
3410 3562 3536 3631 quia

1947 3670 2231 3717 personam
2265 3654 2521 3726 praefatus
2544 3657 2829 3726 episcopus
2860 3670 2965 3710 non
3002 3655 3150 3709 misit
3181 3655 3273 3726 qui
3299 3653 3535 3722 iuraret,

1943 3747 2087 3815 quod
2114 3747 2241 3802 illuc
2264 3749 2452 3803 venire
2480 3765 2585 3802 non
2631 3757 2831 3817 posset,
2884 3759 2939 3803 et
2986 3749 3242 3816 quoniam
3292 3749 3532 3802 advoca-

1945 3846 2061 3891 tum
2084 3852 2238 3891 suum
2265 3838 2330 3891 de
2356 3852 2414 3892 se
2444 3840 2496 3891 in
2516 3836 2723 3905 judicio
2748 3838 2978 3893 seculari
3010 3855 3117 3892 non
3147 3840 3313 3902 dedit,
3338 3838 3535 3909 praedi-

1944 3938 2154 3985 ctarum
2196 3945 2550 4001 personarum
2583 3929 2789 3999 iudicio
2834 3929 3095 3999 quidquid
3128 3928 3295 3983 isdem
3324 3930 3536 3998 episco-

1942 4034 2045 4088 pus
2081 4022 2147 4076 de
2192 4020 2354 4075 rebus
2382 4027 2438 4076 et
2476 4019 2819 4075 facultatibus
2847 4019 3235 4075 ecclesiasticis
3263 4018 3316 4073 iu
3344 4018 3532 4076 usibus

1943 4110 2197 4181 cpiscopii
2240 4109 2546 4181 specialiter
2573 4109 2824 4176 habebat,
2869 4110 3231 4180 proscriptum
3278 4116 3389 4174 est;
3419 4108 3530 4165 sic-

1943 4218 2048 4273 que
2099 4202 2240 4257 idem
2269 4216 2363 4255 rex
2397 4202 2464 4256 ad
2487 4201 2666 4256 Pistas
2701 4201 2879 4258 medio
2928 4215 3113 4256 mense
3157 4200 3399 4272 Augusto
3442 4214 3535 4256 vc-

1941 4297 2119 4362 niens,
2178 4311 2354 4350 annua
2396 4296 2533 4353 dona
2575 4311 2672 4351 sua
2700 4295 2899 4351 ibidem
2942 4296 3178 4365 accepit,
3230 4304 3285 4350 et
3312 4292 3531 4350 castel-

242 4388 563 4454 tenendnm,
595 4391 1047 4460 quemadmodum
1077 4393 1144 4449 de
1181 4408 1249 4449 eo
1287 4393 1450 4450 iidem
1489 4396 1673 4451 domni
1702 4411 1836 4465 pon-
1862 4425 1916 4486 Β
1942 4390 2052 4445 lum
2084 4403 2433 4455 mensurans,
2483 4388 2756 4459 pedituras
2782 4400 2807 4428 ι
2839 4385 3065 4458 singulis
3118 4401 3187 4443 ex
3233 4401 3333 4443 suo
3361 4398 3532 4459 regno

240 4478 422 4534 tiﬁces
463 4477 576 4537 Leo
615 4491 670 4536 et
709 4481 1034 4541 Benedictus
1098 4485 1415 4542 solemniter
1471 4494 1527 4541 et
1572 4487 1829 4558 synodico

240 4576 568 4637 statuerunt,
612 4571 748 4628 nihil
792 4573 843 4628 in
891 4572 1007 4643 eius
1052 4578 1397 4634 anathemate
1426 4577 1509 4633 vel
1540 4593 1701 4633 causa
1728 4592 1827 4648 pe-

238 4661 392 4717 nitus
415 4660 766 4736 adjungentes
806 4665 889 4720 vel
920 4666 1245 4734 minuentes,
1273 4669 1377 4723 nisi
1407 4675 1467 4723 ut
1494 4668 1641 4724 omni
1680 4684 1828 4724 com-

239 4753 496 4810 munione
540 4755 906 4812 ecclesiastica
954 4759 1198 4829 privatus
1246 4760 1444 4815 existat
1473 4800 1488 4824 ,
1538 4761 1709 4813 donec
1758 4759 1825 4814 de

239 4842 494 4900 Omnibus
544 4845 739 4915 quibus
809 4847 1085 4918 impetitur
1150 4849 1306 4904 nobis
1366 4864 1549 4904 coram
1619 4848 1825 4920 synodo

238 4935 505 4993 rationem
534 4950 730 5010 ponat;
777 4951 833 4997 et
874 4942 1115 5013 quicum
1155 4959 1219 4999 eo
1268 4944 1322 4997 in
1365 4943 1653 5006 locutione,
1704 4943 1826 4999 cibo

241 5027 328 5083 vel
376 5037 505 5100 potu
554 5033 1053 5101 communicaverit,
1105 5035 1220 5105 pari
1266 5026 1823 5091 excommunicationc

242 5137 362 5188 mm
387 5137 454 5184 eo
478 5134 722 5185 teneatur
749 5143 1013 5198 annexus,
1058 5130 1183 5200 quia
1216 5144 1315 5200 pro
1341 5144 1425 5193 eo,
1458 5130 1600 5199 quod
1624 5128 1819 5185 altiora

1937 4483 2102 4539 dedit.

2005 4575 2331 4631 Hincmarus
2351 4583 2553 4640 autem,
2574 4573 2872 4630 Remorum
2893 4572 3352 4645 archiepiscopus,
3367 4571 3530 4629 Hinc-

1933 4683 2143 4722 marum
2165 4668 2476 4738 episcopum
2496 4665 2911 4721 Laudunensem
2931 4678 3118 4720 secum
3140 4664 3362 4728 ducens,
3379 4661 3521 4733 apud

1930 4759 2106 4815 Pistas
2124 4776 2246 4815 cum
2261 4761 2380 4815 aliis
2398 4761 2665 4831 episcopis
2680 4759 2897 4829 scriptis
2916 4759 2946 4799 ι’
2961 4769 3014 4813 et
3030 4756 3211 4813 verbis
3223 4771 3404 4827 regem
3427 4755 3526 4809 ad-

1931 4850 2011 4914 iit,
2033 4852 2326 4905 ostendens
2342 4859 2603 4920 quantum
2629 4847 2998 4918 prmiudicium
3013 4853 3070 4900 et
3082 4843 3405 4914 episcopalis
3419 4857 3518 4898 au-

1929 4939 2151 4994 ctoritas
2171 4947 2225 4992 et
2245 4938 2564 4993 universalis
2576 4936 2816 4991 Ecclesia
2840 4935 2892 4989 in
2916 4933 3006 4988 tali
3026 4932 3168 4987 facto
3188 4932 3517 5003 patiebatur,

1868 5034 1873 5041 ’
1925 5040 1978 5087 et
2001 5031 2250 5095 obtinuit,
2267 5041 2328 5084 ut
2353 5028 2609 5084 revestito
2632 5027 2883 5096 episcopo
2899 5024 3094 5095 quibus
3116 5022 3296 5079 fuerat
3315 5022 3514 5094 spolia-

1927 5135 2035 5192 tus,
2055 5127 2194 5182 sicut
2215 5142 2384 5181 sacrae
2407 5125 2551 5197 leges
2570 5121 2905 5193 praecipiunt,
2922 5120 2974 5175 in
2998 5118 3281 5191 provincia
3297 5118 3384 5173 ubi
3401 5118 3517 5174 haec

1459 5243 1544 5297 VA
1554 5239 1852 5296 RlANTES
1891 5238 2296 5296 LECTlONES.

311 5341 331 5366 '
360 5344 437 5408 ue
460 5334 887 5408 ωηεηάαυὶίϐιι.
913 5336 1050 5408 ριβ.
1079 5337 1315 5408 imaque.
1392 5335 1414 5367 ³
1451 5334 1686 5406 qualiter
1713 5335 1783 5391 ab
1811 5332 1893 5391 eis
1923 5331 2021 5389 Ch.
2100 5331 2121 5363 ³
2160 5335 2475 5402 reppererat
2500 5327 2596 5384 Ch.
2673 5326 2697 5359 ‘
2730 5341 2835 5397 qua
2862 5324 2959 5382 Ch.
3035 5324 3058 5359 '
3095 5340 3194 5382 nec
3238 5325 3378 5381 deest
3408 5323 3505 5380 Ch.

294 5406 640 5461 anathemate
667 5406 930 5478 pcrhenni
956 5404 1052 5463 Ch.

1156 5534 1165 5539 -
1758 5493 1988 5548 NOTAE.
3409 5541 3413 5544 .

1156 5534 1165 5539 -
1758 5492 1804 5548 Ν
1854 5491 1988 5549 ΤᾹΞ.
3409 5541 3413 5544 .

308 5597 332 5628 ι
370 5586 623 5644 Peditura
653 5602 746 5643 seu
780 5587 1363 5713 gedaturayquodlibct
1399 5587 1633 5659 spatium
1660 5492 1850 5644 certo0
1919 5583 2029 5637 lum
2060 5578 2282 5635 Calvum
2311 5595 2453 5635 anno
2482 5578 2587 5635 868
2633 5579 2912 5651 scriptam,
2960 5588 3017 5637 et
3064 5579 3262 5636 Labbei
3294 5577 3502 5638 Concil.

308 5658 430 5712 dum
461 5673 687 5713 munero
710 5660 778 5713 de
820 5669 1009 5713 mtum.
1925 5662 2056 5708 tom.
2092 5650 2220 5713 Vill,
2255 5665 2380 5713 pag.
2406 5650 2565 5705 1755.
2856 5700 2863 5711 ,

246 5658 430 5729 pedum
461 5673 687 5729 numero
710 5658 1009 5729 deﬁnitum.

309 5728 338 5770 ιι
377 5727 510 5784 Vide
546 5728 825 5786 llincmari
864 5727 1186 5785 Rhemensis
1227 5727 1510 5796 epistolam
1555 5729 1623 5786 ad
1650 5730 1814 5787 Caro-

1925 5662 2056 5708 tom.
2092 5650 2220 5717 Vill,
2254 5665 2380 5722 pag.
2406 5650 2565 5705 me.
