4038 6322
536 344 678 406 1245

1611 347 1703 402 AD
1742 344 1975 402 OPERA
2015 342 2346 401 HINCMARI
2388 342 2749 399 APPENDIX.

3702 290 3853 393 .tau

534 479 695 537 causa
713 461 1003 532 iudicanda
1028 468 1165 527 erat,
1189 458 1483 518 electorum
1511 460 1737 532 judicio,
1762 459 1882 516 etsi
1908 474 2129 516 necesse
2157 462 2210 522 Α
2236 471 2353 517 tare
2391 458 2609 520 resedit,
2658 465 2713 513 et
2759 455 3080 528 quibusdam
3128 453 3395 526 episcopis
3433 454 3851 525 satagentibus,

532 557 696 623 foret,
735 563 858 627 post
888 556 992 610 hoc
1020 553 1260 626 synodali
1294 553 1677 608 terminaretur
1714 551 1984 607 examine.
2017 550 2125 604 Sed

532 660 590 707 et
617 648 810 704 eodem
834 646 1031 717 placito
1059 659 1150 699 rex
1182 642 1489 699 markiones
1520 654 1541 683 ε
1565 684 1579 708 ,
1622 642 1953 698 Bernardum
1982 640 2127 694 scili-

534 730 626 796 cet
651 735 917 798 Tliolosae,
948 742 1003 787 et
1029 733 1225 788 iterum
1262 732 1599 789 Bernardum
1635 732 1865 795 Gothiae,
1891 732 2127 802 itemque

537 826 868 885 Bernardum
918 823 1081 876 alium
1119 824 1376 892 suscepit.
1424 823 1645 879 Missum
1676 824 1841 878 etiam
1876 822 2125 876 Salomo-

536 920 642 983 nis,
674 916 950 970 Britonutn
982 914 1134 969 ducis
1159 955 1173 975 ,
1206 914 1277 967 ibi
1322 914 1536 969 obviam
1585 914 1795 981 habuit,
1840 928 1938 984 per
1966 926 2126 981 quem

537 1009 790 1065 Salomon
842 1006 916 1060 illi
970 1005 1272 1068 mandavit,
1321 1015 1381 1060 ut
1420 1006 1562 1060 haud
1608 1007 1720 1077 ipse
1766 1015 2015 1076 pergeret
2059 1002 2126 1057 ad

533 1104 919 1178 expugnandos
948 1102 1314 1159 Nortmannos
1358 1103 1449 1173 qui
1485 1100 1796 1157 residebant
1837 1101 1889 1155 in
1923 1099 2124 1171 Ligeri,

531 1196 660 1268 quia
707 1194 877 1251 isdem
931 1193 1185 1249 Salomon
1231 1209 1355 1249 cum
1404 1194 1580 1248 valida
1636 1208 1795 1247 manu
1846 1192 2127 1247 Britonum

530 1294 758 1360 paratus
783 1296 900 1342 erat
928 1286 1049 1341 illos
1091 1286 1333 1358 aggredi,
1366 1294 1571 1339 tantum
1601 1293 1660 1339 ut
1702 1284 2025 1355 adjutorium
2058 1298 2127 1337 ex

532 1391 692 1451 parte
740 1379 922 1435 Caroli
974 1378 1218 1434 haberet.
1249 1379 1330 1433 Ad
1376 1394 1537 1450 quem
1591 1380 1730 1435 idem
1761 1397 1853 1434 rex
1897 1382 2131 1451 prmmit—

535 1480 660 1529 teus
712 1472 1158 1544 Engelramnum,
1193 1474 1554 1528 camerarium
1623 1484 1677 1529 et
1743 1475 2130 1530 hostiariorum

537 1563 855 1634 magistrum
882 1572 1046 1635 atque
1071 1579 1100 1617 a
1132 1562 1356 1619 secretis
1381 1563 1746 1619 consiliarium
1787 1580 1965 1630 suum,
2005 1580 2129 1622 eum

537 1668 741 1710 corona
768 1670 903 1711 auro
928 1664 984 1710 et
1025 1655 1254 1728 gemmis
1287 1664 1476 1710 ornata
1510 1697 1526 1722 ,
1575 1656 1669 1712 sed
1715 1665 1771 1711 et
1818 1674 1939 1712 cum
1983 1663 2129 1716 omni

538 1755 859 1819 peramento
903 1746 1052 1818 regio
1096 1745 1241 1803 cultu
1290 1747 1530 1813 exculto,
1587 1748 2040 1806 Carolomanuum
2071 1751 2133 1805 ﬁ-

2232 560 2413 607 actum
2468 559 2551 605 est
2614 559 2673 605 ut
2718 549 2819 619 ipsi
2849 548 2944 618 qui
2991 548 3145 603 missi
3193 548 3427 613 fuerant,
3480 547 3554 603 de
3610 546 3852 604 ecclesia

2228 658 2353 698 eum
2405 659 2510 698 non
2576 641 2967 705 extraherent;
3027 640 3123 694 sed
3192 640 3313 694 sine
3382 639 3475 694 illo
3546 639 3620 693 ad
3678 638 3853 695 Caro-

2229 734 2338 790 lum
2408 734 2727 799 redierunt,
2806 748 3104 802 omnesque
3173 732 3420 787 homines
3491 732 3682 802 ipsius
3734 732 3848 804 epi-

2229 826 2396 897 scopii
2450 826 2653 880 liberos
2718 825 2821 880 sibi
2883 832 3226 880 sacramenta
3279 824 3397 880 ﬁeri
3458 823 3618 880 fecit.
3678 824 3851 883 Cam-

2229 918 2312 973 lus
2357 926 2536 971 autem
2570 917 2743 979 ,valde
2784 926 3089 972 commotus
3119 957 3135 979 ,
3192 917 3458 986 synodum
3514 928 3539 956 ε
3593 919 3848 974 omnium

2228 1010 2604 1080 episcoporum
2672 1010 2819 1080 regni
2878 1011 2961 1064 sui
2998 1025 3094 1063 vnt
3125 1008 3349 1065 Kalend.
3405 1009 3533 1063 Maii
3587 1010 3850 1065 secunda

2230 1100 2541 1156 indictionis
2588 1101 2729 1170 apud
2796 1100 3129 1155 Vermeriam
3178 1086 3462 1166 condixit,
3514 1116 3631 1171 quo
3696 1116 3853 1156 eum-

2230 1194 2350 1248 dem
2420 1192 2771 1249 llincmarum
2830 1191 2857 1232 ά
2918 1193 3229 1265 episcopum
3279 1195 3460 1249 vocari
3557 1194 3842 1264 praecepit.

2228 1285 2347 1356 Ipse
2376 1296 2558 1341 autem
2582 1286 2648 1340 ad
2678 1286 2953 1342 Conadam
3001 1298 3025 1326 θ
3072 1287 3249 1342 vicum
3281 1288 3442 1343 nimis
3470 1289 3849 1355 incongruen-

2234 1388 2315 1434 ter
2337 1388 2392 1433 et
2421 1394 2521 1448 pro
2544 1378 2809 1448 qualitate
2835 1379 3093 1449 temporis
3139 1387 3198 1434 et
3232 1394 3330 1450 pro
3360 1380 3659 1435 nimietate
3690 1379 3847 1437 fatuis

2232 1472 2495 1542 perrexit,
2536 1471 2626 1524 ubi
2652 1472 2915 1540 quosdam
2945 1471 3248 1541 Aquitanos
3268 1472 3458 1528 obvios
3488 1472 3730 1537 habuit;
3758 1473 3847 1529 sed

2196 1624 2200 1629 ,
2235 1562 2563 1631 markiones,
2597 1574 2707 1620 tres
2754 1564 3005 1619 videlicet
3037 1565 3368 1630 Bernardos,
3403 1582 3548 1637 quos
3598 1566 3711 1621 sibi
3765 1582 3848 1629 oc-

2217 1671 2457 1712 .currere
2486 1657 2713 1728 putavit,
2741 1672 2848 1712 non
2876 1657 3082 1712 habens
3105 1658 3314 1720 obvim,
3349 1673 3457 1711 non
3488 1658 3615 1712 sine
3648 1657 3848 1714 sollici—

2240 1751 2425 1807 tudine
2445 1762 2501 1806 et
2526 1752 2645 1805 sine
2665 1750 2914 1807 utilitatis
2936 1749 3129 1805 effectu
3157 1751 3223 1804 ad
3247 1750 3625 1806 Silvanectum
3662 1751 3847 1808 rediit:

538 1813 669 1896 lium
716 1856 903 1907 suum,
950 1813 1237 1896 diaconum
1281 1850 1340 1896 et
1386 1842 1672 1907 abbatem,
1718 1860 1841 1898 eum
1897 1860 2051 1900 scara
2101 1860 2133 1900 e
2162 1813 2209 1873 Β
2238 1841 2468 1913 indeque
2497 1851 2691 1914 quarta
2718 1842 2851 1897 feria
2885 1851 3010 1896 ante
3046 1842 3260 1897 initium
3288 1842 3743 1912 quadragesima:
3787 1841 3847 1896 ad

536 1934 807 2005 vestigio,
857 1933 1001 1990 sicut
1039 1934 1293 1990 Salomon
1346 1936 1395 1989 ei
1439 1937 1813 2004 mandaverat,
1861 1939 2031 2004 misit,
2077 1948 2132 1993 et

528 2024 667 2081 inde
715 2025 1041 2079 Audriacam
1104 2025 1286 2080 villam
1334 2028 1510 2097 gratia
1530 2034 1541 2097 ς
1571 2029 1801 2085 venandi
1869 2030 2129 2099 perrexit.

539 2114 709 2171 Bcara
734 2128 854 2184 quae
899 2130 1021 2171 cum
1051 2114 1449 2173 Carolomanno
1494 2134 1523 2173 a
1576 2119 1771 2175 Carolo
1806 2136 1932 2192 rege
1985 2132 2134 2177 trans

540 2204 850 2277 Sequanam
885 2207 1073 2272 missa,
1107 2217 1305 2264 terram
1336 2210 1553 2279 quidem
1583 2215 1838 2278 vastavit,
1875 2215 1968 2269 sed
2011 2214 2131 2268 nul-

540 2301 647 2357 lius
677 2301 928 2359 utilitatis
976 2300 1227 2359 eﬂ‘ectum
1255 2320 1324 2359 ex
1365 2302 1738 2373 Nortmannis,
1782 2308 1849 2361 ad
1879 2324 2016 2378 quos
2046 2323 2131 2363 re-

542 2394 840 2450 sistendum
866 2395 1028 2452 missa
1057 2394 1254 2460 fuerat,
1287 2395 1513 2463 faciens,
1534 2397 1759 2467 jubente
1788 2416 1913 2472 rege
1938 2401 2135 2460 Carolo

542 2486 732 2552 rediit;
770 2496 825 2542 et
874 2486 956 2542 sic
1001 2484 1375 2559 unusquisque
1420 2490 1488 2544 ad
1534 2506 1631 2546 sua
1659 2492 1920 2560 perrexit.
1952 2492 2135 2550 Picta-

542 2593 736 2634 venses
786 2587 964 2634 autem
991 2588 1116 2636 vota
1164 2580 1425 2638 facientes
1458 2582 1569 2639 Deo
1596 2593 1651 2639 et
1682 2592 1868 2640 sancto
1907 2584 2133 2652 Hilario,

546 2669 705 2725 tertio
756 2670 972 2726 eosdem
1018 2668 1382 2729 Nortmannos
1415 2672 1568 2730 fuere
1613 2675 1871 2746 aggressi,
1903 2690 2135 2746 quorum

540 2761 726 2833 plures
753 2763 1087 2827 occiderunt,
1117 2773 1333 2821 ceteros
1360 2780 1490 2822 vero
1540 2767 1593 2822 in
1626 2767 1807 2838 fugam
1850 2769 2134 2835 miserunt,

536 2860 599 2908 et
642 2853 711 2908 de
751 2852 898 2925 omni
941 2855 1148 2924 praeda,
1198 2866 1428 2927 excepta
1471 2856 1775 2914 voluntaria
1828 2858 2133 2923 oblatione,

542 2944 809 3002 decimam
864 2956 1056 3003 sancto
1091 2947 1296 3005 Hilario
1342 2950 1712 3006 contulerunt.
1765 2949 1992 3007 Carolus
2041 2968 2137 3008 rex

545 3037 814 3093 Kalendas
850 3038 1163 3095 Decembris
1209 3040 1548 3097 Carisiacum
1593 3042 1845 3109 veniens,
1875 3043 2136 3113 quosdam

543 3131 831 3201 primores,
866 3140 977 3187 tam
1014 3148 1078 3188 ex
1107 3135 1377 3205 episcopis
1405 3149 1565 3205 quam
1593 3151 1659 3191 ex
1702 3136 1822 3192 aliis
1853 3138 2001 3208 regni
2030 3136 2137 3201 sui,

546 3224 761 3280 hbviam
790 3225 892 3281 sibi
922 3227 1241 3293 accersivit,
1270 3236 1323 3284 et
1344 3237 1647 3286 commotus
1671 3239 1860 3285 contra
1882 3230 2137 3286 Hincma-

549 3331 689 3381 rum,
726 3315 1142 3374 Laudunensem
1184 3319 1519 3391 episcopum,
1567 3320 1697 3391 quia
1746 3320 1973 3375 Romam
2024 3320 2140 3375 sine

547 3405 694 3463 illius
720 3409 1053 3465 conscientia
1104 3411 1330 3466 miserat
1356 3412 1409 3476 ιδ,
1452 3423 1507 3466 et
1536 3411 1790 3481 epistolas
1818 3428 1917 3483 pro
1945 3413 2142 3482 quibus

546 3513 653 3553 non
709 3509 1036 3556 convenerat
1084 3502 1414 3568 obtinuerat,
1469 3502 1647 3558 eidem
1701 3519 1830 3558 vero
1888 3504 2140 3574 episcopo

545 3591 945 3644 contumaciter
1009 3591 1111 3646 sibi
1166 3592 1441 3647 resistenti
1493 3594 1649 3649 valde
1696 3595 1941 3650 infensus
1998 3605 2137 3651 erat.

548 3678 904 3737 Unde-isdem
935 3683 1222 3754 episcopus
1251 3686 1367 3740 sine
1392 3686 1536 3742 illius
1561 3686 1801 3754 licentia,
1839 3704 1961 3744 cum
1997 3705 2140 3760 saepe

547 3770 618 3826 ab
661 3784 729 3827 eo
748 3781 1006 3828 evocatus
1032 3771 1209 3829 fuerat
1235 3785 1291 3831 et
1330 3776 1398 3830 ad
1429 3775 1577 3831 illum
1605 3778 2137 3846 venire'distulisset,

545 3860 830 3918 ad‘sedem
869 3879 1023 3921 suam
1052 3868 1313 3937 perrexit,
1351 3878 1406 3925 et
1451 3869 1685 3940 amplius
1729 3885 1893 3941 quam
1920 3871 2137 3942 episeo-

542 3953 685 4026 palis
714 3955 957 4026 gravitas
1005 3958 1267 4028 postulat,
1313 3961 1564 4016 eumdem
1610 3976 1793 4033 regem
1839 3970 2033 4018 contra
2079 3978 2138 4020 se

543 4045 824 4102 excitavit.
879 4047 1105 4106 Carolus
1180 4059 1363 4106 autem
1416 4051 1806 4122 Compendium
1872 4054 2133 4121 veniens,

543 4137 743 4196 ibidem
774 4142 1110 4200 nativitatem
1138 4143 1349 4200 Domini
1381 4145 1692 4202 celebravit.

1153 4278 1511 4337 DCCCLXIX.

614 4407 682 4464 Et
726 4410 982 4480 quoniam
1029 4410 1201 4468 isdem
1258 4414 1546 4484 episcopus
1575 4456 1589 4481 ,
1638 4416 1803 4471 etiam
1860 4431 1955 4487 per
1998 4416 2135 4474 alios

550 4499 834 4571 episcopos
879 4512 1136 4560 evocatus
1164 4512 1225 4559 ut
1273 4506 1339 4559 ad
1390 4506 1537 4562 illum
1587 4508 1814 4572 veniret,
1838 4508 2132 4577 iussionem

544 4585 690 4642 illius
715 4588 940 4659 implere
975 4592 1322 4659 detrectavit,
1365 4610 1578 4651 scaram
1623 4612 1689 4652 ex
1719 4598 2134 4668 quamplurimis

542 4677 835 4735 comitibus
863 4682 1013 4752 regni
1041 4683 1125 4738 sui
1153 4684 1454 4741 confectam
1501 4685 1818 4743 Laudunum
1867 4690 2042 4753 misit,
2075 4701 2135 4746 ut

542 4771 722 4846 ipsum
775 4774 1086 4847 episcopum
1140 4776 1210 4832 ad
1266 4793 1390 4834 eum
1441 4779 1707 4837 violenter
1748 4782 2127 4853 perducerent.

535 4860 714 4922 Isdem
741 4875 926 4924 autem
967 4869 1257 4941 episcopus
1299 4886 1424 4927 cum
1455 4870 1670 4929 doricis
1713 4872 1828 4929 suis
1850 4872 2007 4944 juxta
2052 4874 2131 4929 al-

2166 4558 2213 4618 D

2237 1935 2622 1990 monasterium
2646 1935 2818 1990 sancti
2843 1934 3081 2007 Dionysii
3102 1935 3358 2005 perrexit,
3382 1934 3579 2004 ibique
3600 1943 3845 1989 sanctum

2236 2026 2663 2097 quadragesima:
2715 2024 2978 2094 jejunium
3029 2027 3209 2096 exegit
3258 2034 3315 2080 et
3362 2027 3577 2096 pascha
3640 2025 3845 2081 Domini

2237 2117 2554 2182 celebravit,
2578 2128 2634 2173 et
2658 2117 2939 2172 castellum
2975 2116 3028 2172 in
3068 2132 3201 2190 gyro
3224 2118 3393 2188 ipsius
3419 2118 3759 2172 monasterii
3786 2132 3841 2173 ex

2237 2212 2382 2285 ligno
2403 2222 2457 2267 et
2489 2212 2665 2282 lapide
2694 2212 2961 2268 conﬁcere
2990 2212 3175 2283 cmpit.
3204 2211 3269 2266 Et
3297 2220 3605 2281 antequam
3656 2212 3729 2265 ad
3757 2210 3843 2267 Co-

2238 2305 2434 2360 nadam
2483 2313 2750 2376 pergeret,
2804 2321 2902 2374 per
2942 2318 3102 2359 omne
3149 2318 3377 2375 regnum
3431 2318 3605 2357 suum
3642 2302 3840 2356 litteras

2239 2398 2408 2463 misit,
2462 2407 2521 2452 ut
2552 2398 2813 2468 episcopi,
2860 2396 3084 2453 abbates
3122 2405 3179 2452 et
3231 2396 3533 2451 abbatissa:
3567 2395 3766 2451 breves
3789 2394 3842 2449 de

2239 2490 2538 2545 honoribus
2592 2490 2736 2555 suis,
2799 2498 3002 2559 quanta
3060 2503 3245 2543 mansa
3300 2488 3547 2558 quisque
3608 2488 3842 2551 haberet,

2240 2583 2307 2638 ad
2342 2584 2356 2613 ¹
2394 2581 2607 2638 futuras
2658 2582 2927 2636 Kalendas
2951 2580 3072 2635 Maii
3100 2579 3313 2636 deferre
3340 2587 3646 2643 curarent,
3674 2576 3841 2633 rasili

2239 2684 2419 2731 autem
2443 2676 2699 2731 dominici
2730 2676 2989 2730 comitum
3013 2673 3296 2739 beneﬁcia,
3324 2683 3385 2729 et
3404 2682 3656 2729 COIDtleS
3684 2671 3841 2728 vasa!-

2241 2768 2415 2822 lorum
2461 2767 2722 2823 beneﬁcia
2769 2767 3175 2832 inbreviarent,
3222 2774 3279 2822 et
3331 2766 3615 2835 praedicto
3665 2765 3841 2835 placito

2239 2858 2435 2913 aedium
2461 2857 2654 2913 breves
2686 2858 2808 2931 inde
2856 2842 3149 2921 deferrent,
3182 2866 3238 2912 et
3282 2859 3349 2911 de
3380 2868 3621 2912 centum
3654 2857 3841 2913 massis

2243 2966 2410 3005 unum
2434 2951 2760 3006 haistaldum
2800 2951 2820 2989 ί
2854 2961 2909 3006 et
2937 2951 3003 3006 de
3029 2951 3177 3006 mille
3201 2950 3410 3007 mansis
3437 2966 3615 3006 unum
3638 2964 3837 3005 car-run

2242 3060 2364 3099 cum
2396 3045 2605 3099 duobus
2633 3046 2805 3100 bobus
2826 3044 3085 3115 praulicto
3109 3043 3306 3113 placito
3333 3044 3355 3073 ⁸
3393 3059 3526 3098 cum
3585 3045 3711 3099 aliis
3730 3058 3844 3099 exc-

2244 3134 2350 3189 niis
2377 3151 2496 3204 qua:
2514 3151 2744 3206 regnum
2774 3135 2915 3190 illius
2946 3135 3235 3190 admodum
3260 3144 3524 3204 gravant,
3546 3136 3638 3190 \ad
3671 3135 3846 3190 Pista:

2245 3228 2382 3282 mitti
2401 3228 2676 3298 przuccpit,
2696 3236 2963 3298 quatenus
2980 3228 3079 3297 Ipsi
3105 3226 3354 3282 haistaldi
3374 3227 3845 3297 castellum,un

2244 3319 2443 3376 ibidem
2469 3337 2535 3375 ex
2568 3320 2713 3390 ligno
2742 3330 2796 3374 et
2840 3320 3018 3390 lapide
3046 3319 3163 3373 ﬁeri
3204 3319 3489 3390 przecepit,
3533 3318 3849 3373 excolereat

2243 3420 2299 3466 et
2326 3411 2679 3467 custodirent.
2707 3410 3018 3476 Lotharius,
3050 3410 3272 3465 mittens
3296 3411 3358 3464 ad
3393 3424 3518 3464 eum
3563 3411 3669 3465 sed
3695 3421 3755 3463 et
3786 3410 3852 3463 ad

2243 3502 2642 3568 llludowicum,
2668 3502 2843 3572 petiit,
2867 3511 2928 3557 ut
2959 3503 3011 3556 in
3042 3517 3141 3557 suo
3170 3515 3331 3572 regno
3357 3499 3568 3554 nullum
3601 3500 3856 3570 impedi-

2242 3604 2484 3649 mentum
2525 3595 2575 3648 ei
2623 3593 2891 3660 facerent,
2929 3593 3102 3649 donec
3151 3595 3265 3665 ipse
3310 3592 3473 3647 Roma
3532 3592 3777 3647 rediret.
3809 3594 3848 3646 Α

2241 3683 2435 3742 Carolo
2463 3696 2642 3741 autem
2678 3685 2878 3741 nullam
2911 3685 3223 3740 ﬁrmitatem
3251 3686 3485 3754 accepit,
3518 3684 3617 3737 sed
3650 3698 3684 3736 a
3715 3681 3845 3738 [llu-

2241 3778 2450 3833 dowico
2475 3779 2615 3834 sicut
2634 3778 2831 3833 dicitur
2861 3775 3174 3833 ﬁrmitatem
3213 3778 3337 3831 inde
3364 3776 3703 3845 suscipiens,
3746 3770 3849 3831 Ro-

2242 3884 2384 3924 mam
2404 3871 2665 3940 perrexit,
2698 3870 2981 3925 locuturus
3002 3869 3155 3940 prius
3177 3884 3300 3924 cum
3328 3868 3655 3933 Hludowico
3678 3867 3848 3929 intre

2240 3977 2339 4018 suo
2366 3960 2712 4031 imperatore,
2744 3970 2802 4016 ut
2849 3971 2999 4027 tunc,
3049 3961 3094 4016 si
3135 3968 3340 4031 posset,
3382 3974 3483 4029 per
3528 3974 3660 4014 eum
3706 3958 3846 4031 apud

2238 4052 2535 4108 Adriannm
2575 4066 2771 4123 papam
2820 4052 3113 4119 obtineret,
3143 4059 3414 4122 quatenus
3442 4040 3849 4121 Theuth

2238 4141 2492 4213 rejiceret
2517 4153 2573 4199 et
2602 4141 2955 4199 Waldradam
2984 4150 3308 4208 resumeret,
3333 4140 3625 4212 ipsamque
3648 4140 3848 4196 Theat-

2236 4235 2459 4305 bergam
2485 4244 2601 4305 post
2624 4252 2682 4291 se
2714 4236 2944 4291 Romam
2966 4236 3045 4291 ire
3085 4236 3371 4306 prmecpit;
3416 4235 3516 4289 sed
3548 4242 3607 4287 ut
3631 4234 3848 4289 dicetn-

2239 4333 2347 4391 tur,
2374 4324 2718 4381 Hludowicus
2747 4327 3045 4396 imperator
3070 4326 3142 4381 ab
3161 4325 3483 4380 obsessione
3512 4324 3847 4379 Sarraceno-

2238 4435 2355 4474 rum
2372 4435 2471 4490 pro
2501 4420 2685 4476 fratris
2705 4421 2786 4475 sui
2817 4421 3077 4491 petitione
3105 4435 3212 4474 non
3236 4419 3520 4474 debuisset
3539 4418 3844 4480 discedens,

2240 4507 2324 4563 cui
2354 4508 2586 4579 amplius
2614 4525 2776 4581 quam
2806 4511 3065 4566 ducentas
3114 4524 3283 4563 naves
3310 4524 3407 4563 rex
3434 4505 3764 4562 Graecorum
3790 4502 3845 4560 in

2239 4599 2498 4653 auxilium
2522 4608 2710 4655 contra
2739 4598 2961 4655 eosdem
3002 4598 3339 4655 Sarracenos
3370 4598 3639 4654 festinato
3673 4594 3847 4650 mitte-

2236 4689 2348 4746 bat.
2400 4690 2693 4748 Lotharius
2746 4692 2869 4757 iter,
2922 4692 3068 4764 quod
3121 4700 3364 4761 tempore
3410 4686 3843 4751 inconvenienli.

2239 4781 2446 4839 scilicet
2475 4798 2659 4839 mense
2677 4781 2860 4849 Juuio,
2889 4798 3054 4840 causa
3085 4798 3319 4838 uxorum
3341 4796 3567 4836 suarum
3604 4780 3663 4832 in
3695 4786 3847 4848 parte

2237 4872 2426 4930 Romae
2451 4883 2712 4945 cmperat,
2736 4874 3073 4932 contendens
3096 4872 3389 4946 perﬁcere,
3419 4885 3600 4942 usque
3629 4866 3847 4932 Κενοῦ.

1762 4998 2159 5061 VARIANTES
2192 5002 2600 5064 LECTIONES.

614 5092 634 5127 ¹
662 5092 730 5150 ad
754 5074 898 5152 deest
919 5093 1017 5153 Ch.
1086 5070 1114 5131 ἶ
1153 5096 1415 5171 praedicto
1439 5094 1638 5169 placito
1662 5097 1803 5152 deest
1825 5095 1923 5152 Ch.

2068 5213 2300 5272 NOTAE.

675 5322 985 5389 Bernardns
1029 5323 1136 5380 dux
1182 5322 1521 5389 Tolosanus,
1572 5324 1861 5380 Raimundi
1909 5322 1932 5378 l
1988 5323 2130 5382 ﬁlius

537 5402 693 5459 erat;
724 5386 1036 5450 Bernardus
1075 5394 1178 5448 dux
1210 5392 1443 5459 Gothiae,
1473 5386 1695 5451 alterius
1744 5396 1999 5450 liernardi
2029 5395 2125 5451 Ce-

539 5464 927 5536 nomannensis
971 5464 1397 5536 comitisgﬁlius;
1433 5468 1621 5522 tertius
1670 5464 2007 5532 Bernardus,
2038 5468 2129 5536 qui

537 5535 843 5606 honoribus
904 5537 1148 5606 privatus
1192 5534 1367 5591 fuerat
1412 5553 1553 5593 anno
1598 5538 1703 5594 864
1763 5540 1815 5593 in
1862 5534 2133 5593 conventu

536 5598 805 5679 Pistensi,
826 5598 967 5679 ﬁlius
1008 5616 1141 5679 erat
1154 5607 1413 5679 Bernardi
1445 5606 1795 5679 Septimanite
1840 5609 2011 5675 ducis,
2038 5608 2133 5679 qui

540 5676 813 5745 antioﬁM
839 5692 868 5731 a
898 5677 1090 5733 Carolo
1114 5678 1277 5732 Calvo
1305 5676 1644 5739 occisus'est.
1676 5678 1845 5745 Bouu.

613 5745 641 5784 δ
679 5744 761 5798 Ci.
821 5750 1086 5810 synodum
1153 5748 1541 5805 Duziacensem
1573 5791 1588 5814 ,
1655 5759 1710 5806 et
1779 5744 2127 5809 llincmarum

537 5810 905 5881 Bbemensem
933 5818 991 5875 iu
1019 5819 1277 5891 opusculo
1302 5817 1471 5893 Capp.
1508 5810 1618 5881 ΙΝ.
1651 5820 1818 5892 Bouq.

2309 5340 2331 5368 ο
2374 5329 2430 5384 ln
2472 5329 2575 5384 hac
2622 5330 2829 5401 synodo
2878 5330 3203 5387 conﬁrmata
3239 5339 3366 5386 sunt
3398 5339 3680 5401 praecepta
3706 5347 3840 5388 cou-

2235 5414 2386 5455 cessa
2420 5402 2751 5455 monasterio
2779 5401 3112 5457 Carrol‘eusi.
3154 5401 3651 5458 Conﬁrmationem
3699 5403 3840 5458 hanc

2238 5473 2433 5544 recitat
2456 5472 2702 5544 Labbeus
2734 5471 2798 5544 T.
2832 5474 2850 5527 l
2878 5472 3108 5544 CenciI.,
3131 5488 3187 5544 p.
3228 5472 3387 5528 1527.

2307 5541 2332 5582 ἀ
2360 5542 2441 5614 Cl.
2471 5543 2746 5597 llincmari
2769 5558 2853 5614 ep.
2879 5542 2968 5599 55.

2314 5625 2338 5654 ο
2376 5612 2565 5668 Come.
2605 5614 2773 5677 Bouo.

2314 5682 2336 5722 τ
2390 5683 2722 5750 Huistuldus,
2764 5684 3001 5755 agricola
3024 5684 3180 5751 liber,
3205 5684 3296 5755 qui
3326 5693 3619 5755 non_teuet
3669 5685 3834 5755 luere-

2236 5753 2464 5903 gitaotée‘m
2489 5771 2523 5812 a
2564 5757 2737 5814 curia.
2767 5752 2850 5813 (Ξῖ.
2896 5752 3385 5824 Ηοιιιιιθὶίιι,“Ηὶει.
3415 5752 3637 5813 Trevir.
3662 5798 3678 5825 ,
3708 5764 3752 5812 t.
3794 5754 3830 5819 Ι,
