4038 6322
93 371 114 424 Ι
125 368 231 424 249

948 358 1269 419 ANNALES
1297 353 1654 422 HINCMARO
1693 359 2137 418 DUBITANTER
2164 362 2501 423 ASCBIPTI.

3199 314 3366 426 ‘l250

91 480 331 538 unanimi
367 481 384 511 ⁸
420 479 475 535 in
535 477 759 535 servitio
805 477 946 532 illius
988 478 1187 549 populo
1210 519 1224 543 ,
1280 478 1571 547 unicuique
1622 476 1674 531 in
1702 480 1751 538 Λ
1781 476 1915 545 falce
1961 495 2063 532 ⁹ιοη
2112 489 2275 532 melus
2300 492 2346 533 ει.
2393 478 2583 535 Messis
2610 487 2693 535 est
2723 480 2972 551 populus,
3018 493 3076 536 ut
3109 482 3371 541 Dominus

90 574 277 628 ordine
326 587 466 636 suo,
518 570 771 626 convenit
840 569 1026 624 audire
1073 586 1137 624 ac
1185 570 1204 599 ³
1254 571 1443 623 devota
1498 579 1677 622 meme

91 664 385 732 suscipere.
423 682 441 713 ι
1412 713 1415 717 ,

158 754 428 811 Posthac
464 751 689 810 Carolus
717 766 812 806 rex
855 752 970 807 hac
1011 767 1133 821 qua
1162 758 1466 817 sequuntur
1494 765 1590 819 per
1618 766 1676 805 se

90 844 144 900 in
173 844 364 900 eadem
393 842 624 901 ecclesia
652 843 863 899 cunctis
889 842 981 912 qui
1005 842 1299 898 adfuerunt
1341 842 1677 898 denuntiavit

91 936 275 998 dicens
300 938 353 992 ’τ
386 956 404 988 ι
434 937 593 1007 Quia,
622 939 762 994 sicut
782 937 871 992 isti
894 937 1233 992 venerabiles
1254 937 1491 1007 episcopi
1515 936 1676 991 unius

89 1045 154 1085 ex
178 1029 309 1101 ipsis
335 1044 470 1085 voce
492 1028 768 1093 dixerunt,
799 1037 855 1084 et
891 1028 1060 1084 certis
1090 1028 1305 1083 indiciis
1333 1043 1401 1082 ex
1444 1035 1624 1082 vestra
1654 1026 1677 1059 ⁸

89 1123 450 1179 unanimitate
478 1131 947 1186 monstraveruut,
991 1130 1047 1176 cl.
1076 1136 1171 1177 vos
1198 1121 1560 1185 acclamastis,
1591 1135 1676 1174 me

86 1211 179 1269 Dei
196 1212 464 1269 electione
478 1212 545 1268 ad
565 1221 797 1268 vestram
814 1213 1166 1270 salvatioan
1179 1221 1235 1269 et
1245 1212 1638 1282 protectionem
1655 1212 1677 1243 ⁸

85 1319 147 1359 ac
196 1304 439 1377 regimen
487 1313 652 1374 atque
699 1303 1148 1375 gubernationem
1186 1304 1295 1359 huc
1343 1303 1630 1359 advenisse
1659 1343 1674 1369 ,

84 1396 289 1462 sciatis,
327 1410 414 1450 me
439 1395 701 1453 honorem
728 1406 784 1450 et
807 1395 1011 1452 cultum
1048 1395 1142 1451 Dei
1170 1405 1335 1466 atque
1360 1405 1676 1451 sanctarum

80 1489 436 1545 ecclesiarum
460 1488 687 1543 Domino
713 1487 1000 1558 adjuvante
1026 1503 1371 1553 conservare,
1402 1497 1457 1543 et
1486 1504 1678 1543 unum-

82 1596 355 1653 quemque
389 1590 629 1636 vestrum
676 1581 977 1636 secundum
1002 1580 1087 1637 sui
1113 1579 1321 1635 ordinis
1359 1580 1676 1652 dignitatem

82 1684 134 1731 et
157 1688 449 1746 personam
471 1671 628 1742 juxta
658 1689 836 1729 meum
865 1675 1009 1730 scire
1047 1681 1108 1728 et
1136 1688 1295 1744 posse
1325 1673 1599 1729 honorare
1622 1680 1679 1728 et

82 1766 322 1832 salvare,
346 1776 402 1822 et
423 1767 745 1822 honoratum
767 1776 823 1822 et
849 1767 870 1797 ‘
900 1767 1166 1824 salvatum
1216 1776 1402 1822 tenere
1425 1766 1593 1830 velle,
1623 1774 1682 1820 et

80 1860 373 1930 unicuique
400 1860 455 1915 in
485 1874 584 1915 suo
607 1860 800 1916 ordine
837 1862 1136 1917 secundum
1171 1860 1274 1916 sibi
1302 1868 1674 1931 competentes
1702 1841 1749 1903 Β

82 1949 227 2023 leges
253 1951 302 2016 ',
349 1959 460 2007 tam
499 1950 897 2008 ecclesiasticas
936 1967 1100 2023 quam
1147 1952 1473 2017 mundanas,
1502 1951 1673 2024 legem

80 2050 133 2096 et
150 2040 433 2112 justitiam
473 2056 821 2109 conservare,
853 2043 910 2097 in
952 2044 1056 2099 hoc
1098 2052 1158 2098 ut
1204 2045 1380 2100 honor
1414 2045 1599 2116 regius
1620 2054 1678 2100 et

75 2142 323 2204 potestas
363 2149 432 2191 ac
475 2135 658 2192 debita
699 2134 1032 2203 obedientia,
1062 2146 1228 2208 atque
1254 2137 1580 2210 adjutorium
1606 2140 1674 2195 au

76 2234 315 2295 regnum
358 2222 490 2279 mihi
518 2239 550 2279 a
580 2224 690 2281 Deo
734 2224 919 2281 datum
966 2227 1354 2283 continendum
1387 2237 1445 2283 et
1490 2227 1675 2284 defen-

77 2311 312 2367 sandum
340 2314 384 2379 ⁸,
413 2312 484 2369 ab
509 2328 617 2369 uno
643 2328 862 2385 quoque
910 2323 1149 2372 vestrum
1188 2319 1489 2374 secundum
1515 2334 1673 2374 suum

79 2405 328 2462 ordinem
377 2415 434 2462 et
479 2407 796 2479 dignitatem
854 2418 1019 2479 atque
1074 2410 1489 2481 possibilitatem
1539 2412 1673 2467 mihi

79 2500 427 2566 exhibeatur,
468 2502 611 2558 sicut
635 2504 805 2559 vestri
837 2513 1211 2563 antecessores
1237 2506 1487 2574 ﬁdeliter,
1527 2508 1676 2579 juste

78 2599 132 2645 et
157 2592 555 2649 rationabiliter
584 2595 721 2651 meis
761 2596 1200 2653 antecessoribus
1227 2597 1614 2653 esbibuerunt.
1648 2616 1667 2649 ι

75 2684 147 2738 At
161 2687 182 2719 '
213 2694 338 2756 post
381 2687 498 2742 hac
520 2686 565 2718 ¹⁶
582 2686 928 2749 ﬂincmarus.
951 2687 1283 2743 Rbemorum
1305 2688 1590 2758 episcopus
1606 2689 1671 2754 “,

76 2772 194 2829 hac
239 2790 361 2845 qua
408 2784 705 2847 sequentur
741 2777 785 2809 “
825 2777 1059 2848 capitula
1082 2818 1098 2842 ,
1134 2776 1360 2847 jubentc
1396 2795 1461 2835 ac
1492 2789 1675 2851 postu-

76 2864 239 2931 lante,
267 2865 559 2935 Adventio,
587 2868 756 2940 ipsius
782 2870 1035 2940 episcopo
1064 2870 1336 2937 civitatis,
1365 2881 1422 2927 et
1460 2873 1675 2929 eateris

73 2956 344 3029 episcopis
374 2958 733 3017 Treverorum
763 2961 1076 3030 provincia,
1106 2961 1340 3019 Hattone
1373 2963 1419 2996 ³³
1441 2965 1672 3032 scilicet,

78 3047 325 3104 ecclesia
367 3050 747 3108 Viridunensis
790 3052 1067 3123 episcopo,
1094 3062 1149 3108 ct
1172 3054 1429 3118 Arnulfo,
1463 3053 1675 3113 Tullen-

74 3140 151 3196 sis
182 3140 228 3173 “
269 3142 505 3198 civitatis
538 3143 791 3214 episcopo
815 3185 831 3211 ,
874 3130 1353 3202 cohaerentibus"
1382 3147 1672 3217 provincia

79 3231 418 3291 Rhemorum
444 3210 739 3308 episcopis,
766 3252 951 3295 coram
990 3238 1213 3310 reliquis
1242 3240 1287 3272 “
1316 3210 1586 3312 episcopis
1614 3249 1671 3297 et
1699 3210 1744 3273 Ο

74 3343 237 3400 rege,
268 3330 592 3402 cunctisque
618 3333 711 3404 qui
742 3334 1034 3391 adfuerunt
1074 3334 1130 3391 in
1177 3337 1369 3393 eadem
1416 3337 1668 3406 ecclesia,

75 3422 293 3492 publice
313 3425 650 3483 denuntiavit
676 3444 690 3481 :
1476 3476 1479 3477 ν

152 3530 171 3562 ‹
204 3509 287 3567 Ne
310 3512 476 3569 alicui
507 3514 649 3571 forte
676 3516 929 3572 videatur
970 3517 1270 3591 incongrue
1313 3535 1378 3575 ac
1411 3534 1670 3590 prasum-

73 3609 288 3672 ptuose,
318 3620 406 3660 me
452 3621 518 3662 ac
559 3607 854 3677 provincia
880 3617 1081 3665 nostra
1110 3611 1448 3668 venerabiles
1490 3613 1672 3685 coepi-

76 3707 270 3765 scopos
300 3696 345 3727 ¹⁷
373 3695 552 3752 facere
571 3737 587 3763 ,
627 3700 883 3769 quoniam
907 3700 976 3755 de
1012 3702 1183 3758 altera
1216 3704 1492 3773 provincia
1518 3706 1670 3761 ordi-

75 3786 283 3844 nationi
330 3795 386 3844 et
414 3788 595 3844 causis
629 3788 789 3859 hujus
816 3792 1109 3861 provincia
1140 3809 1240 3850 nos
1268 3795 1667 3864 immiseemns,

78 3880 217 3936 sciat
236 3896 339 3939 nos
365 3890 556 3938 contra
584 3897 821 3939 canones
851 3897 1038 3945 sacros
1059 3899 1169 3939 non
1203 3899 1389 3957 agere,
1413 3887 1667 3957 quoniam

77 3974 404 4033 Rhemensis
449 3986 506 4034 et
550 3978 901 4043 Treverensis
941 3980 1188 4038 ecclesia
1215 3983 1269 4037 in
1298 3983 1403 4039 hac
1448 3986 1670 4056 regione

77 4064 292 4140 Belgica
310 4084 435 4126 cum
459 4071 562 4125 sibi
589 4072 896 4128 commissis
920 4072 1165 4129 ecclesiis
1192 4088 1412 4131 sorores
1440 4085 1495 4131 et
1523 4092 1670 4132 com-

79 4159 439 4226 provinciales
489 4160 776 4227 habentur,
804 4164 945 4220 sicut
974 4165 1270 4221 auctoritas
1296 4167 1667 4224 ecclesiastica

79 4258 134 4305 et
177 4254 555 4324 antiquissima
590 4256 927 4313 demonstrat
962 4261 1317 4325 consuetudo,
1348 4276 1414 4316 ac
1443 4276 1541 4330 per
1567 4262 1670 4318 hoc

81 4344 320 4401 unanimi
366 4361 636 4402 consensu
688 4356 745 4403 et
781 4349 1057 4420 synodalia
1077 4350 1282 4421 judicia
1306 4366 1584 4418 exercere,
1615 4361 1672 4410 et

81 4444 199 4500 qua
227 4450 259 4491 a
297 4437 504 4493 sanctis
526 4436 781 4495 Patribus
816 4439 1108 4495 constituta
1140 4449 1289 4508 sunt,
1315 4442 1514 4499 debent
1541 4459 1670 4500 con-

82 4527 316 4585 corditer
345 4530 639 4595 custodire,
662 4530 766 4586 hac
789 4531 1056 4603 privilegii
1086 4533 1399 4590 conditione
1427 4547 1665 4603 servata,

84 4625 141 4670 ut
194 4621 283 4688 qui
328 4619 477 4690 prior
521 4620 588 4676 de
629 4621 883 4678 Remensi
939 4632 995 4677 et
1048 4623 1367 4681 Treverensi
1413 4628 1668 4700 episeopo

83 4703 240 4766 fuerit
266 4711 574 4776 ordinatus,
611 4713 763 4782 prior
786 4713 950 4767 etiam
984 4713 1268 4770 habeatur.
1312 4717 1381 4770 Et
1413 4717 1500 4773 lex
1527 4720 1668 4775 divi-

85 4801 226 4858 nitus
255 4804 521 4874 inspirata
548 4804 591 4836 ¹⁸
614 4804 882 4876 pracipit,
926 4804 1110 4861 dicens
1142 4824 1157 4863 :
1186 4807 1247 4862 Si
1275 4812 1548 4865 transieris
1577 4830 1669 4881 per

86 4904 297 4949 messem
326 4895 485 4949 amici
514 4897 612 4960 tui,
655 4895 900 4967 colligens
927 4896 1100 4964 spicas
1144 4914 1326 4965 manu,
1352 4900 1669 4970 confricabis

84 4981 149 5036 ad
197 4984 647 5040 manducandum.
692 4983 913 5041 Falcem
940 4985 982 5018 ¹⁹
1010 4996 1184 5042 autem
1214 5004 1320 5043 non
1349 4990 1525 5045 mittas
1545 5032 1560 5055 ,
1593 4992 1670 5047 vel

1693 4586 1748 4647 D

1783 570 2118 623 demonstrat
2164 573 2216 625 in
2260 572 2552 643 Evangelio
2582 574 2630 638 ιι,
2666 574 2849 629 dicens
2878 592 2891 627 :
2925 573 3108 629 Messis
3156 568 3368 647 quidem

1782 660 1947 713 multa
1970 669 2065 724 est,
2098 664 2324 729 operarii
2365 674 2539 717 autem
2586 665 2779 733 pauci;
2826 675 3002 735 rogate
3036 683 3156 736 ergo
3197 667 3370 722 domi-

1781 766 1907 803 num
1931 751 2131 815 messis,
2157 761 2211 805 ut
2234 753 2405 807 mittat
2428 756 2694 823 operarios
2719 755 2772 808 in
2794 772 3009 810 messem
3032 773 3203 810 suam.
3230 756 3393 824 Quia‘
3441 807 3444 811 .

1781 856 1878 897 vos
1904 858 2002 913 pro
2033 844 2228 898 vestris
2253 843 2299 875 ”
2329 845 2595 915 episcopis
2621 845 2827 901 debetis
2854 862 3031 912 orare,
3062 855 3120 901 ut
3150 848 3193 878 ²¹
3218 849 3370 906 vobis

1781 931 1942 1003 digna
1993 934 2264 1003 possimus
2306 933 2476 1005 loqui.
2531 937 2721 993 Messis
2767 948 2948 994 autem
2987 939 3034 970 "
3078 939 3235 995 amici
3286 949 3372 996 est

1778 1024 2008 1095 populus
2037 1025 2090 1079 in
2118 1026 2394 1096 provincia
2425 1028 2580 1084 alteri
2605 1016 3017 1102 mctr0politano
3046 1034 3364 1100 commissa;

1780 1117 1925 1175 unde
1945 1133 2042 1171 vos
2065 1117 2353 1186 hortando,
2373 1120 2527 1189 quasi
2550 1136 2768 1176 mamnu
2794 1126 2973 1194 operis
2993 1124 3368 1193 confricando,

1781 1211 1849 1266 ad
1882 1211 1977 1267 Dei
2004 1210 2336 1267 voluntatem
2361 1220 2415 1268 et
2440 1221 2674 1269 vestram
2703 1212 2935 1286 [.4imon.
2962 1217 3090 1271 add.
3115 1216 3366 1292 salutem]

1780 1302 1836 1357 in
1890 1318 2090 1375 corpus
2140 1303 2364 1359 unitatis
2416 1303 2675 1360 Ecclesia
2723 1305 2966 1361 valemus
3009 1316 3063 1362 et
3111 1309 3370 1365 debemus

1781 1392 2055 1463 trajicere,
2107 1395 2162 1450 in
2207 1395 2569 1466 parochianos
2598 1404 2778 1452 autem
2823 1398 3224 1467 provinciarum
3248 1398 3371 1455 aliis

1778 1486 2212 1558 metropolitanis
2241 1487 2654 1541 commissarum
2684 1486 2874 1544 falcem
2895 1487 3085 1557 judieii
3109 1505 3216 1545 non
3245 1489 3373 1545 mit-

1778 1579 1965 1644 timus,
1991 1579 2119 1648 quia
2147 1593 2248 1632 ncc
2271 1585 2355 1632 est
2381 1578 2546 1643 unde,
2578 1593 2681 1633 nec
2706 1589 2955 1633 nostrum
2981 1595 3101 1635 esse
3123 1578 3373 1636 conside-

1778 1686 1962 1727 remus
1982 1670 2050 1724 “.
2079 1669 2176 1725 Est
2198 1679 2253 1725 et
2278 1668 2383 1723 alia
2410 1684 2592 1735 causa,
2624 1670 2753 1740 quia
2777 1670 2862 1724 isti
2892 1669 3008 1725 et”
3033 1670 3372 1728 venerabiles

1782 1762 1966 1819 domui
2008 1770 2065 1817 et
2109 1761 2307 1816 fratres
2338 1761 2544 1827 nostri,
2573 1761 2863 1831 provincia
2910 1759 3066 1815 istius
3103 1760 3367 1832 episcopi,

1778 1872 1886 1912 non
1924 1854 2189 1912 habentes
2228 1855 2704 1925 metropolitanum
2737 1854 3073 1925 episcopum,
3103 1854 3370 1924 exiguita-

1780 1955 1887 2003 tem
1939 1956 2184 2003 nostram
2238 1946 2321 2002 sic
2368 1946 2424 2001 in
2472 1946 2607 2012 suis,
2658 1946 2800 2002 sicut
2840 1953 2895 1999 et
2944 1945 2998 2000 in
3043 1943 3368 2016 specialibus

1777 2038 1982 2094 nostris
2004 2038 2206 2104 causis,
2236 2052 2335 2092 nos
2360 2035 2603 2093 fraterna
2628 2036 2897 2093 charitate
2922 2035 3117 2106 jubent
3138 2044 3195 2089 et
3221 2050 3369 2090 com-

1776 2140 2000 2188 monent
2020 2145 2201 2202 agere.
2237 2130 2331 2187 Est
2355 2130 2401 2164 ³⁸
2427 2130 2502 2186 ita
2527 2131 2711 2187 domui
2741 2130 2975 2187 fratres?
3000 2148 3019 2182 ι
3047 2130 3116 2185 Et
3145 2143 3368 2200 respon-

1777 2220 1974 2277 derunt
2004 2221 2105 2292 ipsi
2134 2220 2373 2293 episcopi
2411 2238 2425 2275 :
2455 2220 2534 2275 Ita
2560 2229 2663 2277 est.

1852 2333 1872 2367 ι
1903 2313 2110 2370 Prater
2123 2330 2210 2381 ea,
2226 2330 2347 2386 qua
2368 2315 2598 2370 domnus
2613 2314 2898 2385 episcopus
2912 2320 2966 2370 et
2986 2312 3160 2369 frater
3180 2320 3370 2371 noster

1774 2403 2073 2464 Adventius
2120 2409 2275 2464 vobis
2327 2423 2395 2463 ex
2440 2423 2539 2463 sua
2571 2415 2627 2463 et
2669 2416 2989 2462 caterorum
3034 2422 3256 2463 suorum
3301 2420 3369 2463 ac

1777 2508 2088 2555 nostrorum
2107 2499 2339 2552 fratrum
2362 2506 2418 2552 et
2438 2498 2826 2553 venerabilium
2845 2497 3222 2569 episcoporum
3236 2510 3368 2553 voce

1777 2591 1938 2655 dixit,
1969 2591 2026 2644 in
2060 2590 2164 2645 hoc
2190 2589 2358 2644 etiam
2381 2588 2815 2645 animadvertere
2844 2589 3095 2660 potestis,
3117 2587 3367 2644 volunta-

1777 2692 1885 2740 tem
1917 2683 2012 2738 Dei
2033 2697 2174 2748 esse,
2207 2692 2268 2738 ut
2294 2697 2533 2753 praesens
2557 2683 2787 2739 domnus
2815 2691 2870 2739 et
2904 2696 3002 2737 rex
3031 2688 3241 2748 noster,
3269 2681 3365 2753 qui

1778 2778 1833 2834 in
1863 2786 2017 2849 parte
2064 2777 2163 2850 [ἑά.
2207 2780 2337 2832 add.
2389 2775 2564 2850 regni]
2612 2791 2777 2848 quam
2822 2777 3085 2832 hactenus
3127 2784 3275 2831 tenet
3311 2783 3369 2832 et

1778 2870 1975 2936 tenuit,
2008 2881 2064 2924 et
2090 2869 2248 2925 nobis
2296 2868 2656 2941 ecclesiisque
2696 2869 2903 2924 nostris
2936 2876 2992 2924 et
3020 2867 3218 2939 populo
3261 2867 3367 2925 sibi

1779 2963 2072 3019 commisso
2101 2962 2309 3017 utiliter
2341 2971 2539 3032 praest
2582 2976 2647 3019 ac
2686 2958 2925 3031 prafuit,
2975 2969 3030 3017 et
3075 2959 3368 3016 salubriter
3400 3016 3406 3021 _

1777 3060 1998 3131 prodest
2024 3068 2079 3114 et
2103 3057 2324 3130 profuit,
2359 3058 2484 3113 inde
2513 3056 2580 3112 ad
2618 3057 2765 3112 hunc
2790 3055 2968 3112 locum
3000 3054 3231 3111 Domino
3262 3054 3367 3110 du-

1777 3158 1935 3209 cente
1957 3151 2291 3222 pervenerit,
2314 3165 2422 3222 quo
2438 3149 2485 3182 ¹⁶
2508 3149 2672 3205 etiam
2694 3149 2738 3181 ’⁷
2760 3142 2856 3203 vos
2874 3146 2991 3217 ejus
3012 3147 3368 3218 inspiratione

1776 3244 2136 3310 confluxistis,
2163 3252 2219 3299 et
2247 3243 2347 3314 ipsi
2388 3258 2486 3299 vos
2513 3250 2706 3312 sponte
2730 3242 3175 3307 commendastis,
3205 3241 3364 3313 cujus

1777 3339 2137 3397 instructions
2160 3340 2207 3373 ⁸⁸
2237 3340 2472 3395 animata
2512 3339 2693 3394 omnia
2734 3340 2788 3394 in
2820 3354 2948 3394 arca
2994 3337 3108 3394 Noe
3153 3335 3364 3409 signiti-

1775 3433 1956 3489 cantia
1985 3432 2030 3464 “
2057 3432 2314 3490 Ecclesia
2356 3432 2619 3487 unitatem
2663 3430 2811 3486 nullo
2840 3437 3066 3502 cogente
3092 3443 3361 3486 convene-

1775 3534 1922 3581 runt.
1975 3525 2113 3594 Quia
2158 3534 2360 3581 sanctae
2408 3524 2683 3581 memoria
2727 3531 2882 3594 pater
2913 3538 3045 3579 suus
3071 3563 3088 3589 ,
3129 3523 3362 3579 domnus

1774 3615 2141 3682 Hludowieus,
2161 3615 2284 3687 pius
2309 3615 2608 3687 imperator
2625 3615 2901 3686 Augustus
2921 3613 2989 3681 ",
3018 3628 3085 3670 ex
3106 3613 3364 3685 progenie

1773 3708 1998 3765 Ludoici
2023 3709 2093 3773 ⁸¹,
2140 3710 2283 3780 regis
2320 3708 2660 3765 Francorum
2698 3708 2925 3779 inclyti,
2951 3723 3049 3779 per
3077 3708 3219 3764 beati
3250 3707 3361 3764 Re-

1773 3800 1924 3871 migii
1973 3799 2324 3870 apostolicam
2372 3809 2428 3855 et
2460 3800 2506 3831 "
2549 3800 2872 3856 catholicam
2922 3802 3362 3871 pradicationem

1773 3905 1896 3945 cum
1916 3888 2125 3961 integra
2139 3899 2300 3961 gente
2319 3891 2586 3955 conversi,
2609 3899 2665 3945 et
2685 3906 2807 3945 cum
2834 3892 3006 3946 tribus
3027 3892 3363 3949 Francorum

1772 3983 2285 4054 millibus,exceptis
2304 3984 2543 4054 parvulis
2563 3993 2619 4039 et
2639 3983 2977 4048 mulieribus,
3004 3982 3102 4057 [id.
3130 3985 3256 4039 add.
3279 3983 3360 4059 in]

1772 4076 1953 4148 vigilia
1973 4076 2143 4133 sancti
2168 4074 2391 4132 Pascha
2411 4076 2458 4108 “
2497 4077 2551 4131 in
2587 4075 2847 4132 Remensi
2875 4077 3159 4148 metropoli
3180 4077 3361 4147 bapti-

1773 4172 1877 4226 zati
1926 4180 1982 4225 et
2030 4169 2243 4226 calitus
2287 4180 2501 4241 sumpto
2535 4170 2854 4238 chrismate,
2887 4171 3028 4225 unde
3057 4171 3234 4226 adhuc
3264 4172 3364 4226 ha-

1771 4263 1984 4330 bemus,
2013 4261 2263 4334 peruncti
2306 4270 2363 4317 et
2410 4265 2466 4318 in
2506 4276 2688 4332 regem
2735 4262 2959 4327 sacrati,
3003 4271 3227 4317 exortus
3263 4276 3365 4333 per

1770 4356 1991 4413 beatum
2011 4354 2373 4425 Aruulphum,
2400 4369 2433 4410 e
2457 4351 2612 4421 cujus
2631 4368 2796 4408 carne
2824 4352 2869 4384 “
2901 4352 3043 4408 idem
3084 4352 3362 4409 Hlndowi-

1772 4462 1872 4503 cus
1907 4446 2030 4518 pius
2067 4445 2344 4516 Augustus
2373 4443 2636 4515 originem
2667 4444 2823 4498 duxit
2865 4444 3071 4509 carnis,
3104 4453 3159 4499 et
3187 4459 3216 4498 a
3240 4444 3367 4510 Stet

1771 4538 1976 4609 phano,
2002 4550 2142 4607 papa
2168 4534 2435 4599 Romano,
2470 4542 2595 4590 aute
2624 4541 2825 4589 saneta
2866 4533 2962 4589 Dei
2993 4533 3272 4604 genitricis
3305 4542 3362 4590 et

1774 4644 1988 4700 semper
2014 4628 2241 4696 virginis
2262 4626 2309 4659 ³⁸
2337 4624 2522 4681 Maria
2552 4625 2723 4681 altare
2749 4625 2932 4681 Remis
2958 4625 3092 4681 “'in
3126 4628 3363 4698 impera-

1773 4731 1947 4778 torem
1971 4729 2053 4776 est
2078 4727 2389 4783 coronatus,
2420 4726 2471 4772 et
2499 4718 2716 4772 demum
2747 4716 2978 4771 factione
3000 4718 3363 4788 quorumdam

1773 4822 1991 4868 terreno
2022 4809 2252 4879 imperio
2281 4808 2590 4874 destitutus,
2621 4808 2677 4863 in
2702 4807 3015 4879 praedictam
3047 4809 3198 4878 regni
3231 4824 3360 4878 par-

1774 4914 1882 4960 tem
1917 4903 1961 4936 ³⁷
2010 4902 2370 4956 unanimitate
2415 4902 2795 4972 episcOporum
2847 4906 2903 4953 et
2954 4898 3127 4953 ﬁdelis
3178 4899 3359 4970 populi

1774 5004 1901 5050 ante
1936 4991 2244 5062 sepulcrum
2275 4991 2447 5057 sancti
2495 4989 2760 5062 Dionysii,
2786 4988 2969 5044 eximii
3013 4991 3266 5062 martyris
3288 4990 3360 5063 ⁸⁸,

1326 5083 1716 5145 VARIANTES
1751 5085 2159 5145 LECTIONES.

154 5175 312 5261 'cgd.
360 5194 472 5261 reg.
494 5177 965 5261 unanimo‘hujus
1010 5176 1207 5261 populo
1250 5176 1417 5261 Bouq.
1470 5182 2150 5261 unanimohujuspppulo

87 5244 150 5300 Α.
218 5248 240 5280 ⁸
270 5244 569 5320 profectum
620 5249 686 5303 .4.
762 5246 785 5280 ⁸
829 5244 1221 5304 honorabiliter
1267 5265 1311 5304 s.
1361 5250 1426 5305 Α.
1503 5252 1775 5310 τάεεδιΑ.
1840 5244 1876 5288 ’⁸
1913 5244 2304 5309 defendendum
2351 5251 2418 5305 .4.
2495 5251 2516 5283 ⁹
2547 5249 2613 5303 Ει
2658 5258 2778 5317 post
2831 5247 2928 5301 Ch.

91 5314 130 5347 “
163 5321 597 5379 archiepiscopus
637 5322 701 5373 .4.
781 5320 824 5351 ¹²
871 5329 1173 5379 sequuntur
1212 5320 1274 5374 Α.
1354 5321 1395 5352 ⁸³
1452 5323 1670 5379 lmitoue
1709 5326 1775 5379 Α.
1856 5326 1897 5357 ⁸³
1927 5325 2232 5379 tullensium
2266 5322 2505 5375 antistite
2562 5321 2625 5371 .4.
2706 5320 2750 5351 ⁸⁸
2798 5334 2928 5373 conn

92 5340 130 5347 -·
163 5340 597 5390 areuleplscopus
637 5340 701 5373 Α.
781 5340 824 5351 ι·
871 5340 1173 5389 sequuntur
1212 5340 1274 5374 Α.
1354 5340 1395 5352 η
1452 5340 1670 5380 natione
1709 5340 1775 5380 Α.
1856 5340 1897 5357 ⁸*
1927 5340 2079 5379 tutler

92 5385 133 5419 ¹³
157 5390 287 5443 deest
318 5394 383 5445 Α.
458 5392 497 5423 ’⁷
531 5391 811 5461 episcopos
837 5387 934 5443 Ch.
1014 5391 1057 5422 ¹⁸
1089 5391 1331 5445 instituta
1361 5396 1614 5462 praecepit
1641 5395 1705 5449 Α.
1789 5397 1831 5431 ’θ
1861 5415 1929 5450 ιιι.
1982 5396 2079 5450 falc

92 5456 150 5511 Α.
221 5461 262 5493 ’⁸
293 5462 433 5516 deest
462 5459 558 5516 Clt.
620 5460 667 5492 "
699 5462 837 5514 deest
870 5463 932 5515 A.
1004 5461 1050 5492 ³³
1075 5463 1479 5517 cousiileraums
1515 5465 1583 5520 Α.
1665 5465 1711 5497 ’⁸
1734 5478 1789 5523 et
1827 5470 1964 5520 deest
2006 5468 2079 5519 (ἰΙι

1892 5486 1964 5520 68(
2006 5486 2101 5519 (λη.

1800 5538 2070 5570 :ﬂnuulunn
2109 5536 2136 5570 Δ
2242 5535 2286 5565 ³ο
2317 5536 2454 5570 (Iona!
2485 5534 2514 5570 Α
2614 5530 2939 5570 διἸἺιιιὶηνρί
3108 5530 3156 5562 ³,

1762 5538 2071 5593 uilicautem
2100 5536 2162 5588 Α.
2242 5535 2286 5565 ³ο
2315 5536 2454 5588 deest
2476 5534 2539 5586 Α.
2614 5529 2941 5588 ³²Ὲιοιιονεὶ
2969 5529 3036 5585 Δ.
3108 5530 3156 5562 ³⁸
3184 5544 3272 5599 ap.
3296 5538 3354 5586 et

1763 5610 1784 5641 ³
1810 5618 1865 5665 et
1894 5626 1937 5664 s.
1975 5624 2024 5660 v.
2058 5607 2197 5661 deest
2225 5604 2288 5658 Α.
2365 5604 2410 5636 ³⁸
2441 5603 2592 5659 lteiui
2619 5600 2719 5657 Ch.
2795 5601 2839 5636 ³⁷
2865 5602 2914 5656 in
2942 5617 2995 5674 p.
3029 5617 3075 5656 r.
3117 5616 3173 5674 p.
3208 5601 3350 5659 deest

91 5314 131 5390 ff
163 5314 597 5390 archiepiscopus
637 5322 701 5373 .4.
781 5320 824 5351 ¹²
858 5329 1173 5390 sequuntur
1212 5320 1274 5374 Α.

89 5456 150 5511 Α.
221 5461 262 5493 ’⁸
293 5462 433 5516 deest
462 5459 558 5516 C/t.

90 5538 143 5581 et
166 5545 258 5586 vos
295 5534 361 5587 Α.

89 5597 223 5673 deest
260 5604 325 5658 Α.
404 5604 450 5636 ³⁸
481 5604 534 5659 in
564 5620 608 5658 ι’.
639 5619 712 5657 m.
744 5604 884 5661 deest
928 5602 993 5659 Α.
1068 5601 1114 5635 ³⁵
1150 5618 1201 5658 a.
1229 5602 1381 5673 cujus
1427 5606 1567 5661 idem
1600 5609 1663 5662 Α.

89 5667 152 5722 Α.
225 5672 270 5706 ³⁸
289 5690 339 5729 e.
372 5691 444 5730 m.
477 5676 617 5730 deest
642 5677 705 5730 Α.

620 5460 667 5492 ²¹
699 5462 837 5514 deest
870 5463 932 5515 A.
1004 5461 1050 5492 ³³
1075 5460 1479 5517 consideramus
1515 5465 1583 5520 Λ.

1584 5769 1811 5831 NOTAE.

160 5845 184 5873 ⁸
213 5835 364 5894 Deut.
402 5854 560 5906 xxm,
588 5837 679 5893 25.

438 5533 487 5568 ’⁸
515 5532 769 5588 instinctu
801 5533 1056 5588 animalia
1096 5533 1160 5585 .4.
1235 5533 1279 5566 "
1308 5550 1491 5587 arcam
1526 5536 1636 5589 Noe
1676 5538 1719 5592 si

2328 5181 2349 5213 ³
2378 5179 2446 5234 ad
2491 5177 2587 5233 Ch.
2666 5177 2688 5209 ³
2719 5177 2859 5232 deest
2888 5185 2954 5231 A.
3028 5184 3054 5208 ο
3078 5184 3137 5231 et
3170 5185 3355 5233 nostra

3008 5247 3052 5279 ’°
3099 5249 3239 5302 deest
3285 5249 3352 5304 Α.

1856 5325 2232 5379 "‘tullensium
2266 5322 2505 5375 antistite
2562 5321 2625 5371 .4.
2706 5320 2750 5351 ⁸⁸
2798 5319 3210 5374 conniventibus
3283 5321 3349 5373 A.

1789 5397 1831 5431 η
1861 5415 1929 5450 ιιι.
1982 5396 2118 5450 falce
2168 5404 2344 5445 autem
2400 5409 2506 5446 non
2546 5398 2719 5444 metas
2750 5391 2813 5445 .4.
2873 5390 2938 5460 7"
2963 5404 3061 5460 pro
3103 5387 3258 5460 nobis
3296 5404 3355 5445 ε.

2173 5465 2219 5495 ’⁵
2250 5463 2410 5516 Estne
2443 5465 2508 5515 Α.
2584 5460 2630 5533 ’ἦ
2653 5462 2815 5533 quod,
2844 5459 2943 5533 Ch.
3185 5460 3350 5515 etiam

1844 5844 1874 5885 ι»
1897 5801 2085 5898 Matth.
2112 5856 2189 5909 ix,
2218 5840 2306 5897 '57.
