4038 6322
610 270 751 377 42751

1694 278 1787 335 AD
1823 275 2053 334 OPERA
2091 270 2423 331 HINCMARI
2463 268 2825 329 APPENDIX.

3770 276 3915 332 {23!

614 378 879 463 Ecclesiae
919 407 1120 457 saneta:
1159 405 1244 454 est
1272 395 1534 460 redditus,
1567 403 1623 452 et
1659 395 1714 449 in
1748 395 1851 449 hac
1883 394 2042 448 domo
2072 400 2196 445 ante
2223 396 2273 451 Α
2302 388 2618 442 ordinantes
2639 401 2859 452 cuneos,
2889 385 2956 441 ad
2984 385 3271 443 ecclesiam
3320 387 3495 455 sancti
3522 386 3826 445 Michaelis
3863 394 3912 447 in

611 498 715 553 hoc
753 495 921 549 altare
960 488 1377 562 protomartyris
1420 485 1708 556 Stephani,
1764 483 1917 551 cujus
1949 485 1962 513 ¹
2004 497 2196 536 nomen

612 582 1028 654 intorpretatum
1065 585 1284 633 rcsmiat
1318 596 1333 623 ο
1371 585 1681 640 coronatus,
1723 595 1740 626 ι
1777 590 1871 645 per
1902 574 1993 627 [lci
2022 588 2202 627 sacer-

611 675 766 731 dotes
796 669 1187 727 aet-.lamatione
1217 668 1391 721 ﬁdelis
1432 668 1635 737 pepuli,
1669 666 1810 720 sicut
1844 666 2077 719 vidimus
2107 664 2201 733 qui

612 765 905 827 adibimus,
940 758 1196 817 coronae’
1255 758 1405 826 regni
1459 767 1541 814 est
1580 756 1955 827 imperioque.’
1986 756 2203 809 restitu-

614 866 721 911 tus.
753 854 814 909 Et
843 851 987 921 quia.
1020 858 1078 903 ut
1125 850 1179 903 in
1228 849 1468 904 historiis
1514 848 1684 902 sacris
1730 848 1981 916 legimus,
2018 860 2197 916 reges,

613 944 829 1015 quando
875 956 1042 1014 regna
1092 941 1475 1007 obtinuerunt,
1523 939 1860 1009 singulorum
1911 953 2201 1009 regnorum

610 1035 713 1091 sibi
744 1034 1051 1089 diademata
1083 1034 1478 1103 imposuerunt,
1524 1047 1629 1086 non
1671 1032 2025 1102 incongruum
2056 1029 2203 1083 vide-

612 1135 701 1180 tur
729 1124 1133 1180 venerabilibus
1177 1125 1446 1194 episconis
1469 1122 1514 1189 ",
1554 1123 1596 1178 si
1636 1132 1828 1178 vestra:
1859 1120 2200 1176 unanimitati

608 1217 805 1288 placet,
841 1225 896 1272 ut
928 1217 980 1271 in
1014 1215 1344 1271 obtentum"
1372 1217 1543 1287 regni,
1598 1215 1740 1270 unde
1794 1213 1930 1269 vos'
1956 1214 2022 1267 ad
2051 1213 2200 1267 illum

612 1294 728 1380 [id.
782 1308 910 1362 add.
958 1306 1181 1378 sponte]
1233 1307 1565 1362 convenistis
1595 1316 1650 1360 et
1679 1322 1774 1363 vos
1819 1307 1868 1360 ei
1920 1321 2201 1360 commen-

612 1403 780 1456 (lastis
804 1402 846 1466 ",
880 1398 1202 1456 sacerdotali
1244 1400 1548 1454 ministerio
1583 1408 1708 1455 ante
1762 1400 1865 1455 hoc
1903 1399 2071 1453 altare
2109 1413 2201 1453 eo-

612 1501 853 1554 ronetur,
880 1500 935 1545 et
962 1505 1115 1544 sacra
1146 1490 1401 1545 unctione
1431 1490 1542 1544 Deo
1570 1499 1941 1545 consecretur.
1971 1488 2122 1557 Quod
2155 1489 2202 1543 si

611 1583 765 1637 vobis
813 1581 1033 1651 placet,
1087 1580 1324 1651 prepriis
1375 1581 1598 1635 vocibus
1630 1591 1940 1636 consonate.
1980 1599 1999 1633 ι
2035 1581 2101 1635 Et
2147 1580 2201 1634 in

613 1673 717 1727 hoc
748 1671 1218 1727 conclamantibus
1240 1670 1514 1736 omnibus,
1543 1670 1678 1724 dixit
1707 1672 1847 1724 idem
1880 1671 2195 1740 episcopus:
2228 1666 2231 1673 ’

2303 484 2484 530 monte
2533 475 2783 547 Gargano
2822 486 3195 549 perrexerunt,
3231 485 3288 533 et
3322 478 3549 534 clericos
3581 480 3628 511 ¹⁹
3656 480 3911 548 ejusdem

2301 569 2548 623 ecclesia:
2580 569 2880 637 multosque
2906 568 3041 624 alios
3063 569 3155 639 qui
3187 573 3253 623 ad
3281 572 3585 626 orationem
3615 572 3753 626 illuc
3784 589 3912 627 oon-

2302 665 2574 715 venerant
2612 660 3002 730 deprtedantes,
3053 676 3176 716 cum
3209 661 3376 718 multa
3419 663 3596 734 spolia
3624 663 3674 694 ”
3708 664 3781 717 ad
3812 680 3908 720 sua

2307 751 2604 806 redierunt.
2636 750 2788 819 Quod
2817 752 3019 808 factum
3048 753 3096 785 ἰ
3124 754 3278 810 valde
3312 755 3709 826 imperatorem
3746 768 3909 829 atqu

2304 842 2679 911 apostolicum,
2709 840 2803 896 sed
2832 852 2887 897 et
2910 842 3206 911 Romanos,
3238 844 3495 901 turbavit.

2374 931 2763 999 Hludowicus,
2817 932 3114 989 Hludowici
3168 935 3312 1005 regis
3364 933 3677 993 Germania:
3742 938 3907 1006 ﬁlius,

2303 1039 2425 1079 cum
2459 1023 2764 1080 Saxonibus
2790 1035 2979 1081 contra
3006 1026 3255 1084 Winidos
3286 1029 3379 1099 qui
3405 1030 3463 1085 in
3499 1032 3841 1105 regionibus
3866 1036 3906 1066 "

2304 1114 2579 1170 Saxonum
2604 1126 2750 1183 sunt,
2772 1117 2969 1171 bellum
2993 1118 3358 1183 committens,
3375 1136 3496 1176 cum
3518 1122 3701 1178 multa
3725 1134 3907 1197 strage

2303 1206 2581 1263 hominum
2614 1224 2680 1262 ex
2711 1218 2941 1278 utraque
2982 1217 3136 1281 parte
3194 1212 3577 1283 quoquomodo
3613 1214 3903 1272 victoriam

2303 1307 2386 1353 est
2432 1300 2660 1370 adeptus
2686 1301 2712 1339 ι)
2740 1300 2971 1371 indeque
3010 1315 3263 1356 reversus
3292 1300 3429 1375 [ld.,
3462 1318 3514 1357 a.
3549 1303 3592 1358 Ι.
3637 1320 3906 1376 prospere

2303 1400 2387 1446 est
2435 1391 2531 1464 ιη.
2584 1392 2882 1448 Rotlandus
2934 1404 2991 1454 ο,
3044 1393 3377 1450 Arelatensis
3426 1396 3901 1472 archiepiscopus,

2304 1479 2575 1536 abbatiam
2603 1482 2776 1538 sancti
2807 1482 3068 1538 (Itusariitl
3091 1485 3231 1555 apud
3255 1483 3639 1542 Hludowicum
3671 1488 3900 1560 impm

2305 1580 2480 1626 torem
2506 1581 2561 1627 et
2584 1573 2974 1645 Engelbergam
3009 1590 3116 1630 non
3147 1591 3317 1632 vacua
3359 1592 3527 1632 manu
3561 1579 3833 1650 adeptus,
3856 1582 3901 1637 in

2308 1654 2481 1718 insula
2526 1664 2775 1720 Camaria
2819 1665 2980 1721 nimis
3026 1668 3400 1739 undecumque
3446 1669 3734 1726 ditissima
3764 1672 3899 1739 “,ia

620 1780 637 1813 ι
670 1761 909 1831 Agamus
947 1776 1079 1831 ergo
1126 1760 1456 1816 unanimiter
1499 1759 1729 1817 Domino
1755 1762 1980 1831 gratias,
2010 1761 2207 1816 decan-
2234 1754 2283 1816 Β
2312 1748 2415 1828 qua
2450 1773 2537 1814 res
2561 1758 2729 1828 ipsius
2764 1758 2993 1814 abbatis:
3016 1759 3265 1830 plurimm
3287 1762 3603 1832 conjacent,
3630 1774 3695 1820 et
3726 1766 3785 1821 in
3810 1782 3899 1837 qua

612 1859 790 1907 tantes
820 1868 835 1903 :
870 1849 940 1905 Te
968 1850 1137 1904 Deum
1168 1850 1470 1905 laudamus.

683 1942 748 1996 Et
774 1949 896 2011 post
922 1941 1038 1997 ham
1082 1941 1151 1995 ab
1200 1942 1468 2012 episcopis
1499 1942 1521 1974 ⁸
1550 1957 1672 1997 cum
1708 1942 2080 1997 benedictione
2110 1958 2199 1997 sa-

611 2030 872 2088 cerdotali
896 2042 977 2086 est
1002 2032 1142 2086 idem
1170 2046 1267 2086 rex
1290 2041 1607 2097 coronatus,
1631 2032 1863 2102 indeque
1888 2030 2203 2087 Florinlten-

610 2128 746 2197 gas’
775 2137 803 2166 ι
828 2126 1084 2188 veniens,
1142 2138 1263 2193 qua:
1296 2124 1595 2179 ordinanda
1627 2126 1727 2179 sibi
1755 2127 1869 2180 visa
1901 2136 2024 2180 sunt
2052 2125 2200 2179 ordi—

610 2219 791 2281 navit;
838 2218 1071 2288 indeque
1112 2217 1163 2270 in
1211 2216 1406 2272 saltum
1455 2217 1759 2272 Arduenna:
1810 2217 1853 2250 ¹⁰
1899 2218 2199 2273 autumnali

609 2309 897 2366 venatione
951 2307 1360 2363 exercitandtnn
1431 2322 1489 2361 se
1549 2307 1796 2362 contulit.
1857 2307 2201 2365 llludowicns

610 2411 811 2467 autem,
843 2402 1013 2456 frater
1058 2400 1198 2470 ejus,
1242 2415 1427 2470 pacem
1472 2402 1572 2456 sub
1616 2403 1848 2471 quadam
1896 2402 2203 2458 conditione

609 2495 750 2566 apud
780 2493 1028 2550 Winidos
1067 2492 1311 2546 obtinere
1341 2492 1674 2563 procuravit,
1706 2493 1773 2546 ad
1805 2508 1966 2562 quam
2000 2493 2201 2547 contir-

608 2587 861 2643 mandam
889 2584 1027 2638 tilios
1060 2599 1186 2638 suos
1235 2598 1357 2638 cum
1409 2584 1815 2638 marchionibus
1849 2594 2004 2637 terra:
2034 2582 2204 2653 ipsius

607 2680 900 2743 direxerat,
942 2679 1165 2748 ipseque
1195 2677 1238 2707 ”
1271 2677 1518 2731 inﬁrmus
1563 2677 1616 2732 in
1666 2676 2039 2748 Ragcnisburg
2069 2677 2203 2731 citi-

612 2781 719 2827 tate
753 2770 1033 2825 remansit.
1079 2766 1146 2822 Et
1177 2767 1397 2821 mittens
1428 2768 1623 2822 missos
1659 2782 1784 2822 suos
1821 2767 1886 2820 ad
1923 2766 2198 2832 Carohun,

608 2861 889 2917 mandavit
941 2859 1014 2914 illi
1060 2859 1127 2914 de
1178 2858 1528 2913 lirtnitatibus
1565 2873 1686 2929 qua:
1731 2860 1873 2913 inter
1918 2875 2011 2915 eos
2050 2859 2204 2915 facta:

610 2952 866 3017 fuerunt,
920 2951 1016 3007 sed
1072 2958 1127 3005 et
1184 2949 1248 3005 de
1298 2951 1545 3020 portione
1606 2950 1756 3019 regni
1811 2951 2045 3020 quodam
2098 2949 2205 3005 Lo—

610 3045 804 3103 tharii;
849 3045 993 3099 unde
1042 3042 1270 3119 Carolus
1319 3042 1393 3095 illi
1444 3056 1739 3112 congruam
1793 3042 2197 3112 responsionem

608 3137 908 3190 mandavit.

686 3228 896 3282 Interea
928 3224 1179 3291 Basilius,
1202 3242 1363 3297 quem
1404 3226 1653 3292 Michael,
1683 3224 1998 3283 Graecorum
2030 3227 2201 3297 impe-

598 3329 783 3387 rator,
810 3321 913 3376 sibi
958 3320 1011 3374 in
1061 3333 1365 3375 consortem
1396 3321 1438 3352 ι’
1469 3321 1682 3390 imperii
1713 3321 1998 3386 asciverat,
2048 3335 2200 3375 eum-

594 3414 732 3467 ‘dem
785 3412 1101 3467 Micbaelem
1145 3412 1268 3468 dolo
1323 3412 1614 3477 interfecit,
1665 3423 1719 3466 et
1764 3412 2049 3481 imperium
2095 3412 2199 3467 sibi

604 3503 816 3557 ascivit.
847 3501 948 3570 Qui
971 3503 1259 3572 patricium
1290 3517 1444 3556 suum
1475 3503 1541 3554 ad
1571 3501 1784 3555 Bairam
1813 3502 1996 3556 "cum
2020 3502 2127 3556 400
2154 3501 2200 3534 ¹⁶

609 3593 839 3647 navibus
871 3594 1111 3655 miserat,
1150 3602 1208 3645 ut
1249 3602 1305 3646 et
1353 3590 1666 3647 Hludowico
1717 3601 1908 3647 contra
1940 3594 2198 3649 Sarrace-

607 3697 707 3737 nos
748 3682 916 3736 t‘erret
958 3682 1295 3753 suﬂragium,
1327 3693 1380 3738 et
1412 3683 1577 3738 ﬁliam
1616 3685 1786 3754 ipsius
1833 3686 2131 3742 Hludowici
2166 3703 2195 3742 a

608 3788 667 3830 se
693 3775 1077 3844 desponsatam
1109 3777 1175 3831 de
1220 3776 1408 3831 eodem
1453 3777 1767 3834 Hludowico
1810 3781 2115 3851 susciperet
2140 3791 2197 3838 et

607 3866 682 3941 illi
718 3866 763 3897 “
792 3867 843 3920 in
901 3866 1151 3939 conjugio
1196 3868 1295 3923 sibi
1328 3868 1371 3899 ¹⁶
1396 3870 1751 3940 copulandam
1796 3874 2034 3927 duceret.
2088 3873 2196 3929 Sed

603 3956 837 4026 quadam
882 3958 1172 4011 occasione
1221 3958 1633 4027 interveniente,
1685 3960 1958 4032 displicuit
1989 3965 2031 3996 "
2063 3965 2195 4019 Hlu-

605 4047 814 4102 dowico
844 4047 974 4101 dare
1010 4046 1174 4103 tiliam
1218 4064 1369 4103 suam
1399 4051 1656 4119 patricio;
1713 4053 1856 4109 unde
1905 4053 2044 4109 idem
2097 4073 2191 4127 pa-

607 4137 797 4191 tricius
834 4137 1125 4205 molestus,
1182 4140 1501 4195 Corinthum
1550 4143 1736 4208 rediit,
1786 4155 1843 4199 et
1888 4158 2195 4204 revertente

605 4225 920 4285 Hludowico
944 4228 1015 4284 ab
1056 4232 1340 4287 obsidione
1381 4230 1806 4290 Sarracenorum
1855 4238 1920 4293 de
1950 4243 2193 4308 partibus

603 4316 1017 4385 Beneventanis,
1040 4321 1203 4376 iidem
1236 4320 1521 4379 Sarraceni
1550 4325 1617 4380 de
1642 4325 1804 4382 Baira
1834 4329 1879 4362 ⁸⁸
1912 4333 2194 4399 egredien-

604 4417 707 4474 tes,
755 4418 810 4463 et
857 4410 1066 4467 hostem
1114 4410 1412 4468 Hludowici
1461 4406 1581 4483 post
1629 4425 1836 4486 tergum
1881 4433 2187 4492 sequentes,

602 4499 725 4568 plus
773 4516 934 4568 quam
975 4503 1082 4557 duo
1104 4502 1271 4558 millia
1300 4505 1630 4561 caballorum
1664 4509 1831 4579 ipsius
1856 4513 2025 4567 hostis
2050 4530 2190 4585 prae-

605 4589 715 4642 dati
748 4598 892 4651 sunt,
925 4599 981 4644 et
1008 4607 1131 4645 eum
1161 4594 1364 4648 eisdem
1410 4598 1634 4653 caballis
1670 4601 1803 4655 duos
1848 4619 1913 4657 ex
1958 4619 2017 4659 se
2061 4608 2193 4676 ipsis

2215 1915 2233 1929 ο
2306 1857 2521 1922 portum
2554 1848 2843 1905 Sarraceni
2875 1850 3077 1906 habere
3121 1850 3384 1918 solebant,
3409 1853 3724 1912 castellum
3755 1875 3899 1929 opere

2305 1941 2659 1996 tumultuario
2684 1941 2751 1996 de
2779 1940 2892 1997 sola
2920 1952 3065 1999 terra
3092 1945 3386 2012 tediilcans,
3419 1950 3614 2004 audito
3643 1950 3896 2009 Samce-

2304 2049 2500 2090 norum
2539 2036 2795 2097 adventu,
2844 2035 2898 2089 in
2933 2036 3063 2091 illud
3114 2039 3246 2092 satis
3290 2039 3608 2098 inconsulte
3650 2043 3893 2110 intravit;

2304 2112 2781 2197 et'appellentibus
2814 2126 2862 2157 ’δ
2899 2127 2964 2181 ad
3006 2129 3179 2198 ipsum
3226 2131 3508 2186 castellum
3565 2132 3895 2201 Sari-scenis,

2305 2218 2535 2289 amplius
2566 2234 2728 2289 quam
2782 2218 2887 2273 500
2937 2233 3157 2275 suorum
3207 2222 3528 2287 interfectis,
3580 2227 3656 2279 ab
3707 2228 3887 2283 eisdem

2308 2311 2629 2366 Sarracenis
2654 2318 2737 2365 est
2765 2319 2972 2381 captus,
3006 2322 3061 2366 et
3092 2309 3143 2365 in
3176 2327 3361 2367 eorum
3392 2330 3540 2370 nave
3572 2316 3624 2349 "
3655 2318 3895 2377 deductus

2306 2412 2389 2458 est
2415 2418 2478 2457 ac
2507 2403 2781 2474 religatus.
2810 2401 2962 2459 Unde
2990 2402 3091 2457 150
3118 2402 3272 2458 libris
3296 2407 3517 2475 argenti
3549 2416 3611 2463 et
3637 2409 3742 2465 150
3761 2412 3896 2466 inan-

2306 2493 2449 2550 tellis
2486 2503 2543 2548 et
2588 2494 2689 2547 150
2718 2496 2888 2563 spatis
2915 2504 2971 2548 et
3017 2494 3121 2550 150
3163 2496 3468 2565 mancipiis,
3500 2509 3719 2567 praeter
3755 2501 3835 2557 illa
3855 2501 3895 2532 "

2304 2602 2425 2657 qua:
2460 2587 2511 2639 in
2561 2585 2760 2654 placito
2806 2585 2930 2639 data
2982 2594 3127 2650 sunt,
3183 2586 3251 2641 ad
3304 2587 3753 2660 redemptionem
3792 2596 3896 2664 ejus

2304 2679 2580 2734 concessis
2629 2678 2709 2743 ⁸⁷,
2773 2677 2978 2732 interea
3024 2676 3164 2733 idem
3215 2678 3511 2750 episcOpus
3572 2682 3632 2736 in
3692 2684 3893 2742 navim

2304 2771 2535 2824 moritur
2576 2770 2644 2824 15
2692 2768 2917 2825 Kalend.
2947 2768 3215 2850 Octobris.
3259 2770 3566 2828 Sarraceni
3623 2776 3890 2832 autemst-

2305 2863 2525 2933 geniose
2564 2862 2929 2917 accelerantes
2980 2863 3046 2917 de
3098 2862 3476 2935 redemptione
3533 2865 3708 2934 illius,
3759 2868 3889 2939 quasi

2305 2967 2410 3006 non
2438 2959 2660 3022 possent
2690 2951 2762 3006 ibi
2796 2952 3027 3023 amplius
3076 2953 3378 3019 immorari,
3424 2955 3470 3009 si
3521 2954 3681 3011 illum
3710 2957 3893 3013 vellent

2307 3042 2570 3111 recipere,
2602 3043 2972 3112 redemptores
3015 3042 3157 3097 illius
3206 3043 3664 3116 redemptionem
3707 3064 3799 3119 pro
3833 3063 3894 3102 eo

2224 3112 2274 3178 (ἶ
2306 3132 2435 3187 dare
2466 3133 2840 3188 accelerat-ent
2876 3132 3133 3199 edicunt;
3162 3135 3305 3205 quod
3346 3112 3423 3189 et.
3449 3135 3684 3192 factum
3827 3138 3893 3192 Et

2306 3223 2617 3291 Sarraceni,
2661 3231 2912 3294 suscepta
2970 3224 3119 3279 omni
3178 3226 3593 3297 redemptione,
3643 3232 3895 3287 miserunt

2301 3316 2549 3371 eumdem
2595 3315 2910 3385 episcopum
2949 3316 3142 3370 sedere
3168 3315 3215 3349 ⁸⁸
3247 3316 3305 3371 in
3334 3318 3628 3385 cathedra,
3658 3321 3898 3376 indutui

2299 3407 2638 3462 vestimentis
2664 3405 3092 3461 sacerdotalibus
3113 3422 3234 3463 cum
3260 3408 3453 3477 quibus
3470 3420 3677 3480 captus
3701 3410 3896 3475 fuerat,

2298 3507 2355 3554 et
2386 3498 2532 3552 velut
2564 3513 2664 3567 pro
2703 3499 2910 3553 honore
2951 3497 3367 3568 deportaverunt
3405 3514 3527 3553 eum
3568 3500 3627 3554 in
3677 3508 3838 3557 terra
3874 3520 3899 3557 θ

2298 3593 2547 3648 navibus.
2599 3592 2992 3662 Redemptores
3050 3603 3232 3647 autem
3285 3592 3420 3648 illius
3460 3592 3730 3649 volentes
3784 3611 3897 3651 cum

2298 3698 2364 3739 eo
2416 3683 2650 3753 colloqui
2682 3683 2727 3714 "
2753 3692 2809 3738 et
2855 3682 3220 3754 congratulari
3264 3684 3349 3749 ei,
3397 3683 3742 3740 invenerunt
3783 3700 3892 3741 eun

2298 3784 2604 3842 mortuum;
2654 3791 2818 3846 quem
2870 3791 2994 3830 cum
3039 3776 3274 3832 maximo
3323 3776 3472 3832 luctu
3518 3787 3889 3848 exportantes,

2299 3869 2630 3939 sepelierunt
2669 3885 2794 3923 eum
2835 3867 2880 3902 ³⁸
2910 3868 2979 3922 10
3011 3867 3280 3925 Kalendas
3323 3867 3580 3926 Octobris
3623 3872 3683 3926 in
3722 3871 3891 3942 sq)qu

2298 3962 2431 4016 ehro
2462 3962 2606 4031 quod
2638 3961 2739 4016 sibi
2776 3963 2892 4033 ipse
2913 3972 3223 4033 paraverat.

2371 4053 2650 4119 Salomon,
2685 4055 2794 4108 dux
2842 4053 3143 4119 Britonnm,
3184 4070 3376 4124 pacem
3434 4072 3562 4112 eum
3595 4055 3891 4113 Nortman-

2296 4144 2384 4200 nis
2412 4145 2463 4198 in
2494 4143 2673 4215 Ligeri
2706 4137 3068 4200 residentibus
3097 4145 3245 4210 fecit,
3276 4156 3330 4201 et
3358 4148 3547 4202 viuum
3571 4151 3762 4218 partis
3790 4163 3890 4205 sua

2296 4238 2364 4293 de
2392 4253 2528 4309 pago
2558 4238 2939 4309 Andegavensi
2979 4255 3101 4294 cum
3138 4240 3457 4296 Britonibus
3492 4243 3615 4298 suis
3662 4244 3883 4315 collegit.

2295 4330 2449 4401 l‘lngo
2475 4342 2498 4371 θ
2523 4332 2662 4385 abba
2691 4340 2746 4385 et
2773 4329 3099 4387 Gauzfridus
3124 4347 3246 4387 cum
3274 4333 3743 4405 Transsequanis,
3775 4351 3891 4392 oon-

2296 4422 2545 4494 ﬂigentes
2565 4439 2688 4477 cum
2729 4422 3083 4478 Nortmannis
3106 4424 3159 4479 in
3191 4423 3372 4496 Ligeri
3404 4426 3798 4492 residentibus,
3826 4425 3890 4481 ω

2301 4514 2521 4569 circiter
2547 4515 2671 4568 inde
2706 4514 3124 4580 interfecerunt;
3175 4523 3229 4570 et
3277 4517 3557 4588 capientes
3602 4518 3886 4589 quemdam

2301 4613 2603 4678 apostatam
2629 4605 2975 4672 monachum,
3009 4607 3101 4677 qui
3148 4606 3339 4663 relicta
3389 4606 3886 4667 Christianitatess

1863 4735 2253 4800 VARIANTES
2292 4744 2697 4803 LECTIONES.

665 4838 682 4871 ι
709 4852 836 4928 ep.
867 4838 900 4928 i.
933 4854 977 4928 ς.
1006 4839 1237 4928 άεςδξΑ.
1280 4843 1311 4928 "
1328 4858 1529 4928 corona
1553 4843 1736 4928 €11.31.
1862 4850 2087 4921 imperio
2115 4855 2180 4928 Α.
2225 4927 2229 4928 ν
2258 4856 2280 4887 ⁸
2299 4857 2428 4912 V.e.
2453 4856 2589 4910 deos!
2615 4857 2717 4928 A.__
2756 4854 2777 4886 "
2805 4855 3028 4912 obtentu
3050 4855 3117 4910 A.
3193 4855 3217 4889 ⁸
3246 4870 3343 4912 vos
3365 4867 3556 4928 sponte
3580 4862 3656 4915 Α.
3735 4863 3875 4919 'etv.

602 4910 674 4965 ei.
703 4909 896 4964 c.deest
924 4909 989 4963 A.
1067 4911 1087 4941 ⁸
1112 4913 1178 4966 ab
1204 4932 1250 4966 ρ.
1278 4914 1416 4968 deest
1444 4916 1506 4968 Α.

604 4988 712 5035 tem
757 4978 855 5035 Ch.
910 4981 971 5035 Β.
1034 4984 1456 5038 consortintnA.

603 5052 667 5122 de
700 5049 1004 5122 Stupent”.
1088 5054 1131 5084 "‘
1151 5066 1205 5107 et
1249 5056 1348 5111 sibi
1375 5057 1439 5110 A.

1588 4917 1970 4990 °_F|o|'ik"t:3as
1998 4929 2061 4978 Α.

1523 5057 1563 5089 ⁸⁸
1585 5057 1723 5113 deest
1747 5065 1808 5113 ιι.

2142 4927 2184 4957 ¹⁰
2208 4927 2477 4982 Ardentnn
2502 4924 2816 4980 animalium
2835 4927 3102 4982 venationi
3120 4927 3254 4982 sed.

1536 4986 2137 5064 ‘_'iegendmniliarim;
2190 4998 2255 5052 Α.
2295 5014 2450 5052 suum
2482 4996 2775 5051 Abbaram.
2840 4996 2899 5028 '“
2924 5013 3045 5052 cum
3073 5012 3167 5052 ccc
3203 4999 3431 5053 navibus
3476 5002 3542 5052 Α.
3596 5015 3649 5058 ει
3694 4986 3876 5056 Chron.

1890 5063 1933 5094 ”
1965 5063 2303 5123 disconvenit
2346 5069 2386 5122 l.
2426 5083 2547 5121 cum
2604 5069 2793 5121 eodem

3336 4929 3530 4984 “deest
3550 4931 3625 4986 Α.
3711 4934 3754 4965 ¹¹
3776 4948 3881 4988 sor-

2833 5068 3059 5140 patricio
3093 5070 3174 5140 Vde
3211 5070 3319 5123 tilio
3361 5071 3530 5140 ipsius
3556 5075 3629 5129 Δ.

3712 5074 3877 5143 "tege

599 5119 1152 5217 ἓξὲξ-σιμ,
1181 5126 1223 5217 ξο
1254 5128 1503 5217 Ηυξ-ἰεοῇ
1526 5132 1618 5183 scd
1650 5138 1703 5217 e't
1730 5132 2037 5217 mulloslqlui
2065 5119 2150 5191 lii
2170 5119 2550 5217 ’ςέο-ᾐνξξξιιειᾈ.
2624 5119 3535 5217 gf‘Al'_"'='_'_i.}ii'é
3556 5119 3871 5217 regione“;

601 5189 807 5279 ξζξςζξξιξτ
840 5193 931 5279 ﬁt”
958 5194 1291 5279 i'l‘tclitissima
1315 5198 1381 5251 A.
1460 5197 1908 5279 “_apptt_lc_ntibus
1928 5189 2025 5279 ϐλ,
2624 5208 2671 5240 ’⁸
2700 5189 2981 5266 [iuves—74.

3057 5208 3106 5241 ¹⁶
3124 5224 3189 5265 ea
3210 5210 3275 5265 Δ.
3352 5208 3689 5273 “concessa
3734 5223 3872 5269 sunt.

597 5260 809 5321 interea
836 5259 933 5319 Ch.
959 5264 1026 5319 B.
1104 5266 1148 5296 ’⁸
1179 5270 1457 5324 sedentem
1492 5259 1581 5325 Λ.’
1601 5259 1679 5302 ’⁸³
1707 5271 1767 5325 γ.
1795 5289 1938 5329 eum.
1983 5259 2564 5349 atrotiJi"AT'33—Je€u
2588 5280 2655 5335 Α.

2114 5410 2344 5469 ΝΟΤιΕ.

599 5487 1058 5619 ansFlorenges,
1112 5495 1383 5551 semihora
1450 5512 1479 5550 a
1541 5496 1850 5555 Theodonis
1896 5501 2040 5569 ,villa
2111 5505 2191 5559 di-

673 5632 703 5672 ιι
730 5633 840 5705 Aut
866 5631 953 5687 hic
984 5634 1162 5705 aliqua
1190 5636 1408 5704 desunt,
1436 5648 1528 5693 aut
1555 5642 1798 5698 narratio
1829 5644 1896 5698 de
1921 5646 2179 5702 Ludovici

604 5702 961 5769 expeditione,
989 5702 1342 5773 sequentibus
1362 5702 1474 5779 jam
1499 5711 1733 5780 scriptis,
1768 5715 1970 5771 inserta
1995 5726 2095 5772 est.

2378 5517 2401 5545 ε
2435 5505 2987 5580 Littertealiicolao
3028 5523 3170 5580 papa
3220 5510 3289 5566 ad
3333 5508 3667 5566 Rotlandum
3720 5513 3871 5568 istm

2298 5577 2440 5633 datm
2469 5578 2521 5631 in
2546 5576 2751 5634 Labbei
2777 5577 2943 5636 Cone.
2981 5576 3189 5648 ιεγίιι,
3220 5595 3275 5650 p.
3301 5581 3431 5647 492,
3461 5582 3743 5653 leguntur.

2364 5648 2391 5688 ἀ
2421 5648 2816 5704 Arelatensem.

2366 5730 2389 5759 ο
2420 5718 2503 5775 Cf.
2529 5721 2733 5776 Chron.
2769 5720 2835 5776 de
2863 5721 3031 5791 gestis
3061 5720 3248 5779 Norm.
3279 5738 3329 5806 a.
3361 5723 3489 5779 870.
