4038 6322
165 335 327 393 1255

1042 331 1361 410 ANNALES
1393 332 1751 397 HINCMARO
1792 331 2248 418 DUBITANTER'
2266 332 2610 392 ASCRIPTI.

3321 340 3481 431 £251

164 450 536 509 Nortmannis
566 452 581 483 ⁸
633 451 970 519 contulerat,
1011 460 1067 507 et
1118 452 1280 507 nimis
1328 450 1650 507 Christianis
1697 450 1777 504 in-
1805 456 1851 514 Α
1881 448 1983 503 bus
2023 450 2392 522 dignitatibus.
2420 451 2553 507 Cum
2612 451 2807 531 quibus
2852 451 3117 524 episcopis
3165 461 3221 509 et
3263 455 3461 514 missus

168 547 355 602 festus
388 554 528 610 erat,
557 546 812 600 decollari
849 544 1095 602 fecerunt
1129 547 1170 600 ².
1226 546 1454 601 Carolus
1486 562 1612 600 vero
1641 546 1771 600 ciri~

170 649 323 695 tates
368 639 811 708 Transsequanas
854 639 875 670 ³
913 640 980 693 ab
1026 639 1217 694 incolis
1270 638 1475 692 ﬁrmari
1536 637 1769 707 rogavit,

166 729 537 786 Cinomannis
553 729 760 785 scilicet
787 745 851 784 ac
886 728 1140 795 Turonis,
1180 738 1239 784 ut
1286 729 1539 799 praesidio
1577 737 1770 783 contra

165 818 548 875 Nortmannos
580 819 791 890 populis
825 834 945 877 esse
987 828 1227 889 possent.
1266 817 1588 873 Nortmanui
1621 830 1644 857 α
1677 833 1773 870 au~

167 923 283 969 tem
336 913 443 968 hoc
487 913 793 978 audientes,
822 912 1045 969 multam
1084 928 1352 968 summam
1398 912 1628 984 argenti,
1659 910 1771 964 fru-

164 1006 348 1061 menti
372 1021 590 1076 qnoque
612 1015 665 1060 et
696 1006 806 1061 vini
834 1021 899 1061 ac
929 1006 1245 1060 animalium
1292 1006 1360 1059 ab
1388 1003 1581 1060 incolis
1614 1012 1771 1059 terrae

163 1095 348 1165 ipsius
387 1097 739 1166 quaasierunt,
767 1107 825 1150 ιιι
852 1113 974 1152 cum
1005 1098 1085 1153 eis
1109 1112 1297 1168 pacem
1330 1096 1590 1151 facerent.

237 1187 478 1244 Carolus
518 1189 572 1243 in
620 1189 743 1244 villa
796 1189 1029 1245 Duciaco
1067 1188 1100 1245 6
1133 1188 1258 1246 ldus
1301 1189 1554 1246 Octobris
1618 1197 1768 1244 certo

161 1279 546 1347 comperiens,
572 1279 754 1336 obisse
781 1280 1219 1339 llirmentrudem
1268 1295 1492 1335 uxorem
1542 1295 1695 1334 suam
1737 1278 1773 1333 2

161 1369 308 1424 Non.
344 1371 601 1427 Octobris
626 1371 679 1425 in
712 1373 1042 1435 monasterio
1071 1372 1244 1429 sancti
1294 1371 1559 1443 Dionysii,
1590 1372 1677 1427 ubi
1717 1380 1774 1426 et.

160 1462 389 1532 sepulta
421 1474 527 1529 est,
553 1473 853 1534 exequentc
879 1465 1109 1529 Bosone,
1139 1463 1248 1525 ﬁlio
1272 1460 1463 1527 Buvini
1496 1465 1770 1535 quondam

158 1557 416 1620 comitis,
462 1558 564 1613 hoc
611 1559 946 1614 missaticum
979 1558 1122 1627 apud
1164 1567 1393 1623 matrem
1422 1564 1479 1612 et
1508 1565 1771 1612 materte-

158 1666 287 1705 ram
329 1666 491 1706 suam
533 1649 957 1719 Theutbergam,
1009 1649 1250 1707 Lotharii
1305 1649 1448 1721 regis
1499 1648 1768 1713 relictam,

163 1759 426 1800 sororem
452 1744 623 1814 ipsius
652 1744 876 1800 Bosonis
920 1744 1141 1799 nomine
1181 1741 1487 1798 Richildem
1517 1756 1643 1796 mox
1670 1740 1771 1797 sibi

1874 542 2175 599 lllmlowici
2207 546 2551 616 imperatoris
2581 547 2749 609 venit,
2793 547 3008 603 nomine
3036 547 3365 617 Bodcradus,
3394 552 3461 608 de

1873 632 1958 687 bis
1988 632 2340 691 nihilominus
2375 644 2647 707 satagens.
2681 636 2907 693 Carolus
2958 647 3158 703 autem,
3202 640 3461 698 absolutis

1873 726 2163 796 apostolici
2219 738 2277 781 et
2325 729 2669 799 imperatoris
2704 731 2950 797 ‘missis,
3004 731 3259 803 deceptus
3305 737 3460 793 vanis

1873 816 2215 872 suasionibus
2250 818 2510 874 falsorum
2540 821 2855 889 missorum,
2878 824 2968 895 qui
2997 825 3046 881 ei
3077 827 3456 898 suggerebant.

1873 910 2015 979 quod
2043 909 2208 964 frater
2245 926 2376 967 suus
2412 911 2757 971 llludowicus
2787 916 2995 972 vicinus
3023 902 3049 951 "
3077 919 3238 973 morti
3289 920 3452 989 foret,

1875 1001 1978 1057 iter
2025 1002 2079 1056 in
2145 1001 2406 1057 Elisaeias
2434 1003 2476 1035 ¹⁰
2515 1014 2696 1074 partes
2756 1007 3008 1081 arripuit,
3069 1017 3130 1067 ut
3174 1009 3453 1082 Hugouem

1870 1089 2123 1145 Litttfridi
2174 1091 2363 1157 ﬁlium,
2420 1101 2475 1147 et
2527 1094 2863 1151 Bernardum
2896 1099 2945 1155 “,
2976 1090 3236 1157 Bernardi
3288 1103 3460 1159 ﬁlium

1874 1184 2160 1252 obtineret,
2194 1187 2335 1243 sicut
2368 1196 2423 1242 et
2459 1186 2604 1242 fecit.
2646 1189 2882 1260 Indeque
2925 1193 3093 1263 Aquis
3135 1195 3356 1253 veniens
3385 1197 3452 1265 ι’,

1878 1276 2080 1334 ibidem
2113 1278 2451 1356 nativitatem
2478 1280 2691 1341 Domini
2717 1281 3033 1339 celebravit.

2507 1416 2842 1473 DCCCLXX.

1945 1542 2073 1598 Inde
2100 1543 2168 1598 ad
2212 1542 2395 1600 Rorici
2427 1543 2746 1602 Nortmanni
2793 1548 3123 1619 colloquium
3172 1555 3315 1622 apud
3355 1550 3463 1610 Non

1876 1632 2182 1705 viomagum
2236 1632 2495 1703 palatium
2549 1636 2823 1707 perrexit,
2882 1654 3042 1708 quem
3096 1640 3200 1695 sibi
3260 1640 3467 1700 findere

1880 1724 2169 1795 copulavit.
2205 1725 2267 1780 Et
2298 1727 2353 1780 in
2397 1727 2483 1781 die
2516 1727 2825 1783 festivitatis
2870 1726 3296 1805 Septuagesimm
3327 1748 3467 1803 prte-

165 1835 374 1892 adduci
410 1806 540 1890 (θέει
563 1844 619 1890 ει
666 1836 719 1891 in
771 1835 1129 1891 concubinam
1172 1833 1414 1902 accepit;
1461 1847 1568 1907 qua
1615 1831 1681 1887 de
1711 1847 1770 1887 re
1802 1815 2074 1904 Bdictam
2111 1818 2467 1873 concubinam
2519 1835 2672 1873 suam
2723 1819 3026 1875 Richildem
3076 1806 3464 1899 desponsatam

164 1925 357 1981 eidem
412 1924 607 1981 Bosoni
645 1925 920 1980 abbatiam
963 1924 1139 1979 sancti
1198 1923 1429 1979 Mauritii
1480 1938 1604 1979 cum
1654 1923 1775 1978 aliis

166 2015 482 2073 honoribus
532 2017 702 2081 dedit,
749 2025 803 2072 et
852 2017 964 2087 ipse
993 2015 1165 2087 Aquis
1216 2016 1476 2088 palatium
1523 2016 1773 2072 eamdem

166 2109 542 2166 concubinam
588 2125 772 2166 secum
831 2111 1054 2175 ducens,
1116 2110 1377 2166 festinare
1428 2109 1769 2175 acceleravit,

167 2207 455 2269 quatenus
495 2200 568 2256 ibi
596 2200 844 2257 residuos
875 2200 1019 2256 illius
1043 2200 1217 2271 partis
1244 2200 1491 2257 homines
1527 2200 1617 2270 qui
1662 2198 1770 2256 Lo-

158 2291 350 2347 ‘tbarii
392 2291 627 2359 fuerant,
660 2294 799 2349 sicut
826 2295 876 2350 ei
908 2296 1319 2360 mandaverant,
1351 2295 1404 2349 in
1432 2309 1529 2349 sua
1569 2293 1772 2350 ditione

167 2384 506 2454 susciperet,
538 2385 861 2441 denuntians
884 2402 940 2441 se
967 2388 1163 2443 abinde
1189 2387 1446 2460 [Aimon.,
1471 2386 1665 2442 abinde
1692 2384 1768 2458 in]

167 2476 444 2548 palatium
473 2479 616 2549 quod
646 2478 1053 2535 Guntlulfi—villa
1081 2480 1300 2545 dicitur,
1328 2480 1378 2534 in
1404 2479 1567 2534 missa
1596 2476 1618 2509 ⁸
1646 2494 1771 2533 san-

169 2571 247 2626 cti
278 2570 500 2626 Martini
532 2580 844 2639 venturum,
870 2581 925 2626 ut
947 2574 1013 2627 de
1038 2572 1320 2639 Provincia
1348 2581 1403 2627 et
1433 2572 1499 2624 de
1526 2571 1771 2640 superio-

168 2663 333 2721 ribus
356 2664 603 2733 partibus
644 2664 965 2735 Burgundixe
999 2665 1066 2717 ad
1096 2680 1154 2718 se
1185 2672 1443 2717 venturos
1487 2662 1767 2730 suscipiat.

168 2749 426 2806 Veniens
468 2759 651 2806 autem
690 2753 880 2822 Aquis,
911 2752 1112 2806 nullum
1161 2751 1397 2806 obtinuit
1438 2767 1598 2820 quem
1642 2760 1769 2806 ante

172 2858 287 2897 non
322 2841 532 2907 habuit,
565 2850 621 2897 et
652 2826 794 2905 inde,
844 2852 905 2898 ut
949 2843 1382 2906 denuntiaverat,
1417 2843 1482 2896 ad
1515 2842 1768 2898 Gumlulﬁ

172 2931 368 2989 villam
401 2934 669 3003 pervenit,
696 2934 787 2988 ubi
829 2934 1023 2989 missos
1063 2934 1285 2988 Adriani
1329 2950 1502 3004 papae,
1543 2933 1766 2988 Paulum

169 3034 231 3080 et
260 3025 502 3080 Leonem
524 3026 828 3095 episcopos,
850 3027 1091 3094 suscepit
1111 3041 1233 3080 cum
1262 3025 1506 3095 epistolis
1533 3024 1561 3065 δ
1590 3025 1769 3079 missis

171 3114 280 3170 sibi
313 3124 371 3169 et
392 3114 715 3184 prmsulibus
739 3132 803 3171 ac
827 3116 974 3187 regni
1006 3116 1336 3185 primoribus
1365 3115 1417 3169 in
1447 3115 1532 3168 bis
1567 3112 1768 3170 Gallia-

1879 1913 2043 1974 atque
2066 1907 2303 1960 dotatam
2338 1907 2389 1960 in
2438 1906 2721 1980 coniugem
2765 1908 3014 1980 sumpsit,
3039 1920 3094 1964 et
3122 1908 3392 1980 insperate
3417 1909 3462 1941 ¹⁴

1878 2009 1908 2049 a
1939 1995 2106 2050 fratre
2134 2011 2231 2050 suo
2265 1995 2599 2067 llludowico,
2648 1996 2957 2054 Germaniae
2988 2014 3138 2071 rege,
3185 1999 3288 2054 sibi
3326 2017 3440 2055 nua

1876 2088 2076 2144 tiantes
2103 2089 2300 2144 missos
2332 2082 2559 2161 accepit,
2587 2099 2644 2145 ut
2671 2092 2714 2146 si
2743 2093 3066 2162 quantocius
3094 2093 3139 2125 “
3165 2091 3334 2165 Aquis
3357 2082 3467 2151 nea

1876 2183 2223 2253 egrederetur
2267 2191 2323 2236 et
2376 2198 2599 2252 regnum
2642 2183 2911 2254 quondam
2962 2182 3207 2240 Lotharii
3248 2186 3467 2256 penitus

1875 2286 1982 2325 nou
2036 2273 2352 2337 desereret,
2411 2272 2663 2345 idemque
2729 2289 2989 2345 regnum,
3033 2274 3175 2330 sicut
3218 2276 3466 2333 Lotharii

1875 2362 2091 2417 homine
2135 2372 2377 2433 tempore
2423 2363 2602 2420 obitus
2647 2365 2765 2436 ejus
2815 2365 3106 2427 habebant,
3156 2368 3238 2424 eis
3281 2377 3467 2426 tenere

1873 2455 2097 2526 paciﬁcc
2122 2472 2228 2511 non
2270 2459 2617 2521 concederet,
2649 2440 2768 2512 sine
2814 2458 2921 2513 ulla
2954 2459 3284 2523 retractione
3312 2460 3464 2517 illum

1871 2546 2011 2601 bello
2042 2557 2342 2617 appeteret.
2382 2547 2537 2603 Unde
2573 2548 2715 2604 inter
2748 2563 2843 2603 eos
2877 2549 3059 2605 missis
3099 2544 3462 2608 discurrenti-

1872 2635 1992 2699 bus,
2040 2653 2105 2692 co
2129 2651 2300 2707 usque
2350 2653 2513 2693 causa
2545 2639 2801 2708 perducta
2851 2649 2959 2705 est,
3000 2648 3058 2695 ut
3086 2640 3228 2696 inter
3257 2652 3464 2697 utrum-

1832 2752 1843 2761 κ
1872 2745 1976 2800 que
2008 2730 2051 2763 ¹⁵
2091 2729 2395 2799 hujusmodi
2421 2742 2763 2788 sacramenta
2796 2732 3028 2789 ﬁerent:

1948 2843 1963 2874 ι
2001 2823 2091 2879 Sic
2137 2825 2393 2894 promitto
2432 2840 2496 2879 ex
2554 2832 2709 2894 parte
2756 2825 2987 2881 senioris
3034 2826 3138 2881 mei
3183 2825 3327 2882 illius
3348 2825 3460 2895 ιη,

1871 2916 2012 2985 quod
2037 2916 2219 2969 senior
2264 2931 2416 2969 meus
2447 2915 2593 2970 ille"
2638 2916 2792 2971 fratri
2838 2931 2936 2971 suo
2971 2916 3045 2971 illi
3070 2904 3112 2949 η
3158 2917 3267 2989 regi
3302 2917 3460 2973 talem

1872 3008 2176 3078 portionem
2198 3008 2275 3061 de.
2296 3024 2463 3078 regno
2484 3007 2723 3063 Lotharii
2758 3008 2902 3079 regis
2933 3010 3203 3064 consentit
3223 3010 3423 3066 habere
3444 3051 3460 3075 ,

1872 3096 2086 3166 qualem
2117 3108 2209 3151 aut
2250 3098 2351 3167 ipsi
2388 3097 2675 3167 justiorem
2709 3108 2764 3153 et
2792 3097 3154 3169 aequiorem"
3189 3109 3281 3154 aut
3309 3115 3461 3155 eom-

172 3222 301 3262 rum
349 3207 584 3276 partium
628 3208 935 3277 regionibus
982 3208 1425 3264 consistentibus.
1484 3208 1536 3260 In
1576 3208 1770 3278 quibus

1876 3190 2179 3247 muniter"
2228 3189 2415 3245 ﬁdeles
2458 3206 2645 3245 eorum
2682 3190 2823 3246 inter
2870 3204 2930 3245 se
2977 3189 3315 3256 invenerint,
3362 3207 3464 3247 nec

171 3295 586 3360 continebatur,
628 3306 687 3351 ut
737 3313 962 3368 regnum
1006 3298 1277 3367 quondam
1320 3298 1462 3368 regis
1499 3297 1764 3363 Lotharii,

173 3386 325 3457 quod
353 3385 666 3442 IlludOwico
702 3387 1039 3458 imperatori,
1078 3387 1305 3458 spiritali
1347 3387 1459 3442 ﬁlio
1506 3387 1643 3456 ejus,
1675 3389 1767 3442 he-

174 3478 451 3539 reditario
491 3478 617 3550 jure
644 3479 870 3535 debetur
902 3480 947 3546 ⁸,
973 3488 1028 3537 et
1055 3481 1198 3552 quod
1228 3480 1293 3534 ad
1316 3496 1438 3535 eum
1475 3489 1595 3550 post
1619 3495 1765 3534 mor-

173 3578 288 3624 tem
309 3569 480 3639 ipsius
497 3570 735 3626 Lotharii
763 3573 943 3638 rediit,
966 3572 1048 3627 vel
1067 3573 1312 3627 homines
1334 3572 1389 3626 in
1404 3586 1471 3627 eo
1484 3571 1763 3643 degentes,

173 3658 496 3714 mortalium
560 3660 736 3715 nullus
788 3662 1100 3727 invaderet,
1151 3662 1327 3715 nullus
1374 3672 1763 3727 commoveret,

173 3748 367 3803 nullus
396 3748 462 3801 ad
491 3762 547 3801 se
570 3760 859 3803 conaretur
900 3748 1209 3814 inﬂectere;
1241 3751 1382 3819 quod
1411 3751 1455 3804 si
1479 3750 1601 3818 quis
1626 3764 1765 3818 prte-

177 3847 448 3903 sumeret,
471 3854 575 3893 non
605 3839 777 3893 solum
800 3856 895 3909 per
915 3856 1025 3895 suac
1043 3840 1381 3894 auctoritatis
1406 3839 1767 3894 ministerium

175 3922 572 3995 inﬁrmarotur,
635 3945 818 3985 verum
891 3931 1053 3985 etiam
1121 3929 1349 3985 vinculis
1402 3930 1768 3984 auathematis

175 4024 475 4099 obligatus,
509 4024 724 4078 nomine
768 4020 1192 4079 Christianitatis
1215 4022 1479 4092 privatus,
1506 4037 1626 4076 cum
1659 4023 1766 4077 dia-

176 4116 304 4171 bolo
360 4115 477 4187 [ld.
524 4114 650 4168 add.
710 4114 952 4185 omnino]
987 4114 1277 4168 locaretur.
1327 4113 1392 4167 Et
1446 4113 1489 4166 si
1537 4111 1659 4184 quis
1702 4113 1768 4166 de

178 4208 450 4277 episcopis
485 4217 591 4263 tam
640 4205 861 4262 nefaria:
895 4204 1216 4259 temeritatis
1245 4213 1521 4258 auctorem
1569 4204 1652 4258 vel
1685 4212 1766 4256 ta-

177 4299 355 4352 cemlo
381 4299 592 4368 fugeret
622 4298 660 4361 ⁶,
714 4297 796 4352 vel
828 4312 934 4351 non
961 4295 1257 4350 resistemlo
1284 4295 1631 4359 consentiret,
1662 4309 1766 4347 non

172 4389 286 4459 jam
322 4392 559 4460 pastoris
603 4391 696 4445 sed
742 4388 1061 4444 mercenarii
1092 4386 1311 4440 nomine
1342 4400 1402 4441 se
1435 4392 1617 4440 nosset
1651 4382 1767 4437 fore

180 4482 546 4549 censendum;
579 4491 635 4538 et
653 4482 775 4553 quia
793 4482 904 4552 jam
928 4496 1034 4534 non
1062 4480 1360 4549 pertineret
1381 4478 1448 4532 ad
1476 4494 1598 4531 emn
1630 4476 1651 4509 "
1700 4476 1766 4529 de

1874 3296 1994 3335 eum
2028 3283 2081 3335 in
2113 3283 2223 3352 ipsa
2254 3282 2537 3352 portione,
2588 3281 2673 3335 vel
2719 3281 2772 3335 in
2825 3296 2991 3352 regno
3022 3281 3164 3350 quod
3197 3291 3351 3335 antea
3384 3290 3462 3336 tc-

1872 3373 2023 3436 nuit,
2048 3389 2145 3444 per
2170 3373 2408 3443 aliquam
2457 3370 2700 3426 fraudem
2734 3371 2817 3425 vel
2860 3371 3262 3442 subreptionem
3314 3370 3463 3425 deci-

1869 3467 1980 3538 piet
2026 3475 2119 3521 aut
2152 3465 2573 3521 forseonsiliabit
2606 3466 2675 3533 “,
2705 3480 2747 3520 ει
2780 3464 2951 3521 frater
2986 3482 3113 3520 suus
3139 3465 3285 3521 ille”
3310 3480 3459 3520 eam-

1872 3560 1991 3615 dem
2018 3560 2327 3613 lirmitatem
2354 3567 2411 3614 et
2434 3556 2769 3623 ﬁdelitatem,
2794 3573 2956 3627 quam
2970 3572 3037 3613 ex
3061 3567 3216 3627 parte
3228 3556 3462 3612 senioris

1871 3650 1976 3704 mei
2010 3649 2211 3703 illius”
2243 3650 2419 3703 habeo
2448 3648 2768 3717 promissam
2790 3687 2805 3714 .
2838 3646 3011 3707 frater
3037 3663 3169 3711 suus
3198 3648 3354 3703 ille“
3378 3663 3462 3705 se-

1872 3741 2012 3794 niori
2042 3755 2165 3793 meo
2191 3757 2254 3794 ex
2279 3755 2375 3795 sua
2400 3750 2555 3810 parte
2573 3740 2830 3809 quamdiu
2855 3740 3054 3796 vixerit
3078 3740 3462 3799 inviolabiliter

1870 3831 2130 3887 servet".
2172 3849 2190 3881 ι

1943 3922 2007 3976 Et
2043 3924 2143 3976 bac
2174 3921 2228 3974 in
2278 3920 2430 3973 ﬁrma
2467 3919 2725 3975 ﬁrmitate
2752 3929 2967 3989 patrata
2990 3962 3006 3987 ,
3035 3921 3263 3977 Carolus
3288 3922 3460 3993 Aquis

1871 4014 2174 4084 egrediens,
2208 4026 2314 4065 uno
2346 4010 2538 4067 itinere
2584 4010 2972 4081 Compendium
3013 4013 3184 4078 venit,
3207 4012 3255 4047 ⁸⁸
3278 4014 3460 4084 ibique

1872 4105 2080 4161 Pascha
2124 4102 2330 4157 Domini
2364 4102 2689 4169 celebravit;
2722 4103 2952 4174 indeque
2998 4118 3184 4161 mense
3225 4103 3366 4158 Maio
3391 4106 3458 4159 ad

1867 4199 2196 4253 Attiniacutn
2233 4195 2492 4264 palatium
2522 4196 2709 4260 venit,
2737 4194 2827 4250 ubi
2865 4206 2920 4250 et
2947 4193 3230 4251 duodecim
3262 4195 3457 4251 missos

1869 4288 2057 4342 fratris
2082 4288 2165 4342 sui
2189 4286 2486 4341 Hludowici
2515 4302 2613 4357 pro
2640 4287 2905 4342 divisione
2933 4287 3081 4359 regni
3114 4286 3343 4358 accepit,
3363 4287 3457 4358 qui

1869 4380 2221 4452 superciliose
2240 4390 2347 4434 tam
2373 4378 2440 4434 de
2459 4380 2691 4435 sanitate
2713 4380 2956 4451 corporis
2969 4378 3269 4435 Hludowici
3294 4393 3457 4449 quam

1870 4474 1939 4531 de
2000 4472 2602 4544 prosperitate—quia
2648 4471 2937 4528 Restitium
2985 4468 3297 4537 Winidutn,
3354 4467 3457 4525 sibi

180 4572 397 4640 ovibus,
428 4589 533 4629 non
562 4575 860 4645 pertineret
879 4572 902 4605 ⁸
948 4581 1348 4642 consequenter
1376 4572 1445 4626 de
1480 4569 1766 4641 pastorali-
1794 4563 1843 4622 D
1870 4568 2081 4623 diutino
2113 4577 2352 4636 tempore
2377 4565 2828 4633 infestissimum,
2855 4573 2964 4622 tam
2987 4564 3289 4635 doloquam
3317 4561 3459 4620 bello

1426 4719 1822 4780 VARIANTES
1860 4716 2156 4775 LECTION
2163 4715 2265 4771 ES.

255 4845 275 4878 ¹
301 4847 371 4902 ad
412 4843 777 4900 Nortmannos
814 4842 881 4897 Α.

983 4842 1002 4872 ³
1027 4840 1204 4895 ϐοάσω
1242 4841 1415 4909 regius
1436 4839 1549 4909 lucc
1590 4836 1737 4909 addit
1766 4848 1789 4909 :_
1816 4834 1892 4889 Ea
1916 4839 2236 4909 tempestate
2262 4829 2497 4909 secunda
2533 4828 2832 4909 irruptione
2866 4825 3184 4909 Nortmanni
3217 4825 3458 4909 Parisius

178 4895 1032 4979 vene—mm:eti—beati'Germani
1072 4895 1458 4979 monasterium
1489 4905 1791 4979 depopulati
1822 4910 1966 4979 sunt,
2003 4895 2332 4979 c'ellarioqne
2359 4898 2583 4979 fratrum
2635 4895 2760 4970 igne
2810 4895 3083 4979 immisso,
3126 4911 3250 4979 eum
3286 4895 3455 4950 multa

182 4968 754 5057 ὑὲἷεῐιὶῐὼίιιρξιιὶιιιιιέ
775 4968 1043 5057 adquisita
1067 4982 1373 5057 redierunt.
1396 4968 1606 5057 βςιάεἱη
1626 4968 1798 5057 ’Ψίθεί
1843 4971 2070 5057 Αξηίοίηί
2100 4971 2476 5057 .02"????“.‘,",9"-
2506 4968 2809 5057 39?“???

882 5055 903 5088 ⁵
931 5054 1227 5109 debebatur
1253 5052 1316 5105 Α.
1394 5050 1416 5081 ⁸
1444 5050 1554 5117 lucc
1579 5046 1755 5101 eodem
1779 5044 1931 5097 modo
1971 5040 2111 5125 apud
2139 5038 2429 5125 l‘i‘aropium
2449 5111 2461 5125 ‘
2490 5041 2869 5125 exprimuntur.
2947 5038 2967 5067 ⁷
2995 5053 3116 5125 cupi

1611 5118 1652 5149 ¹⁰
1683 5116 1940 5173 Elisiaeas
1973 5110 2071 5166 Ch.

185 5056 280 5112 Ch.
358 5058 384 5091 ⁵
416 5058 478 5111 aii
508 5056 700 5112 festum
727 5057 791 5110 Α.

185 5128 251 5183 de
278 5130 343 5181 Α.

187 5199 450 5283 διιοιιιυΛ.

190 5270 535 5339 mqualiorem
553 5268 720 5332 Βυυρ.
795 5268 1142 5323 "commune
1164 5268 1229 5319 A.
1271 5268 1673 5318 “forseonctlta

188 5336 374 5403 Βουρά
406 5340 578 5395 frater
612 5354 740 5396 suus
770 5339 860 5394 ille
896 5337 1039 5395 decu
1070 5337 1116 5391 Α
1213 5336 1259 5367 ³⁵
1285 5334 1580 5390 servaverit
1607 5328 1675 5384 Δ.

425 5128 526 5181 Ῥ.
560 5129 626 5181 ad
655 5144 775 5181 eum
806 5142 855 5180 c.
884 5126 948 5180 Α.
1023 5123 1043 5156 ⁹
1070 5122 1436 5178 vicinissimus
1467 5122 1531 5172 Α.

550 5197 593 5270 ξῗ
622 5214 783 5268 quam
809 5197 1087 5270 ocyssime
1125 5196 1190 5270 A.

1292 5194 1337 5225 ’⁸
1367 5202 1425 5245 ιιι
1469 5189 1739 5256 utrimque
1774 5186 1840 5256 A_.

795 5268 841 5309 ³⁸
856 5250 1142 5323 commune
1164 5267 1229 5319 A.
1271 5265 1312 5295 "
1332 5250 1753 5318 forseonciliabit
1779 5254 1875 5309 Ch.
1908 5253 1974 5307 Β.
2051 5253 2095 5282 ’³
2125 5251 2427 5323 Ludovicus
2452 5250 2516 5323 Α.

1771 5327 1817 5358 ¹⁶
1847 5325 1996 5380 venit
2018 5340 2180 5395 usque
2205 5321 2351 5377 venit
2376 5336 2441 5375 ea:
2460 5320 2601 5374 Aim.
2627 5318 2855 5384 inserui;
2880 5320 3065 5374 desunt
3096 5320 3150 5373 in
3179 5318 3274 5374 Cit.
3308 5328 3355 5372 et
3382 5315 3449 5374 Β.

2917 4967 3119 5048 '_trans
3147 4965 3453 5048 Sequanam

3162 5050 3452 5139 ‘l‘i'ﬁ‘llﬁi‘i‘l

3258 5117 3455 5175 praeter

3294 5176 3338 5207 19
3375 5176 3447 5232 al.

2679 5108 2720 5138 ¹¹
2748 5123 2995 5162 remeans
3042 5109 3104 5161 Α.

2748 5177 2791 5208 ⁸⁸
2820 5176 3091 5233 Ludovico
3119 5176 3185 5233 Α.

1932 5130 1940 5165 ι
1973 5108 2071 5166 Ch.
2151 5108 2194 5143 “
2219 5120 2273 5163 et
2296 5109 2347 5163 l).
2373 5119 2428 5163 et
2449 5111 2502 5166 b.
2531 5108 2599 5161 Α.

1932 5182 1974 5214 16
2003 5181 2147 5214 Ρι-Λιῖ
2198 5181 2225 5214 Δ
2329 5182 2370 5211 17
2398 5181 2534 5214 Λοορι
2589 5194 2599 5214 ,ε

2003 5181 2149 5238 Ct‘oli
2187 5181 2231 5233 Α
2329 5182 2370 5211 ³⁷
2397 5181 2534 5234 deest
2579 5180 2640 5232 Α.
2748 5180 2791 5208 ³⁸
2820 5180 3091 5233 Ludovico
3119 5180 3185 5233 Α.
3294 5180 3338 5207 ’³
3375 5180 3447 5232 al.

2051 5253 2095 5282 “
2125 5251 2427 5304 Ludovicus
2452 5250 2516 5302 Α.
2594 5244 2832 5304 “Caroli
2864 5248 2930 5303 Α.
2985 5249 3030 5279 ’³
3053 5250 3123 5303 αι.
3150 5247 3453 5303 Lmlovieus
3480 5250 3484 5257 '

1685 5476 1919 5581 DiOTIE.

260 5609 962 5681 f_Cf.idema.8'_70.___
1043 5675 1055 5681 _
1464 5672 1477 5681 _
1566 5668 1577 5679 _

264 5677 291 5718 ιι
316 5678 581 5753 Utrasque
604 5676 812 5737 litteras
835 5675 1060 5733 Adriani
1083 5689 1255 5746 papae,
1279 5682 1390 5729 tam
1412 5672 1478 5727 ad
1499 5672 1768 5746 primores

1869 5588 2017 5660 regni
2048 5584 2426 5660 Caroliquapt
2456 5584 2524 5639 ad
2549 5578 3079 5660 episcopo‘sAinhejus
3123 5594 3288 5652 regno
3315 5594 3447 5637 cou-

1875 5652 2122 5724 sti'tutos,
2145 5652 2339 5712 reeitat
2366 5653 2632 5709 Baronius
2656 5669 2743 5707 an.
2775 5652 3089 5724 869._l§puq.

1949 5742 1969 5768 ι
2000 5718 2130 5796 Ille,
2153 5726 2296 5797 illius
2316 5767 2330 5796 ,
2362 5734 2491 5793 etc.,
2521 5725 2637 5799 vice
2665 5724 2835 5780 nostri
2874 5718 3001 5777 NN.
3044 5738 3340 5797 usurpatur
